<?xml version="1.0" encoding="UTF-8"?>
<!DOCTYPE html PUBLIC "-//W3C//DTD XHTML 1.0 Transitional//EN"
    "http://www.w3.org/TR/xhtml1/DTD/xhtml1-transitional.dtd">
<html xmlns="http://www.w3.org/1999/xhtml" xml:lang="en" lang="en">
 <head>
  <title>
</title>
<meta http-equiv="Content-Type" content="text/html;charset=utf-8" />
  <meta name='ocr-system' content='tesseract 3.04.00' />
  <meta name='ocr-capabilities' content='ocr_page ocr_carea ocr_par ocr_line ocrx_word'/>
</head>
<body>
  <div class='ocr_page' id='page_1' title='image "./theologiaedogmat01hurt/theologiaedogmat01hurt_0082.png"; bbox 0 0 2175 3382; ppageno 0'>
   <div class='ocr_carea' id='block_1_1' title="bbox 246 136 1730 184">
    <p class='ocr_par' dir='ltr' id='par_1_1' title="bbox 246 136 1730 184">
     <span class='ocr_line' id='line_1_1' title="bbox 246 136 1730 184; baseline 0.003 -14"><span class='ocrx_word' id='word_1_1' title='bbox 246 145 298 184; x_wconf 63' lang='grc'><strong>72</strong></span> <span class='ocrx_word' id='word_1_2' title='bbox 479 138 596 172; x_wconf 72' lang='lat' dir='ltr'><strong>Tract.</strong></span> <span class='ocrx_word' id='word_1_3' title='bbox 621 139 643 172; x_wconf 88' lang='lat' dir='ltr'><strong>l.</strong></span> <span class='ocrx_word' id='word_1_4' title='bbox 666 136 842 182; x_wconf 57' lang='lat' dir='ltr'><strong>Apologia</strong></span> <span class='ocrx_word' id='word_1_5' title='bbox 863 138 966 182; x_wconf 74' lang='lat' dir='ltr'><strong>relig.</strong></span> <span class='ocrx_word' id='word_1_6' title='bbox 988 139 1113 172; x_wconf 78' lang='lat' dir='ltr'><strong>christ.</strong></span> <span class='ocrx_word' id='word_1_7' title='bbox 1133 139 1261 172; x_wconf 58' lang='lat' dir='ltr'><strong>Thes-is</strong></span> <span class='ocrx_word' id='word_1_8' title='bbox 1280 139 1372 175; x_wconf 77' lang='lat' dir='ltr'><strong>XIII.</strong></span> <span class='ocrx_word' id='word_1_9' title='bbox 1393 139 1537 173; x_wconf 74' lang='lat' dir='ltr'><strong>Veritas</strong></span> <span class='ocrx_word' id='word_1_10' title='bbox 1558 141 1730 175; x_wconf 73' lang='lat' dir='ltr'><strong>historica</strong></span> 
     </span>
    </p>
   </div>
   <div class='ocr_carea' id='block_1_2' title="bbox 241 260 1982 592">
    <p class='ocr_par' dir='ltr' id='par_1_2' title="bbox 241 260 1982 592">
     <span class='ocr_line' id='line_1_2' title="bbox 245 260 1980 312; baseline 0.003 -15"><span class='ocrx_word' id='word_1_11' title='bbox 245 261 370 297; x_wconf 82' lang='lat' dir='ltr'><strong>redire</strong></span> <span class='ocrx_word' id='word_1_12' title='bbox 402 260 673 296; x_wconf 72' lang='lat' dir='ltr'>immortalem.</span> <span class='ocrx_word' id='word_1_13' title='bbox 718 260 859 297; x_wconf 81' lang='lat' dir='ltr'><strong>Mirum</strong></span> <span class='ocrx_word' id='word_1_14' title='bbox 891 273 1046 309; x_wconf 82' lang='lat' dir='ltr'><strong>quoque</strong></span> <span class='ocrx_word' id='word_1_15' title='bbox 1079 272 1119 301; x_wconf 72' lang='grc' dir='ltr'><strong>υ.</strong></span> <span class='ocrx_word' id='word_1_16' title='bbox 1144 261 1247 309; x_wconf 83' lang='lat' dir='ltr'><strong>quod</strong></span> <span class='ocrx_word' id='word_1_17' title='bbox 1284 262 1353 298; x_wconf 83' lang='lat' dir='ltr'><strong>hae</strong></span> <span class='ocrx_word' id='word_1_18' title='bbox 1386 262 1554 299; x_wconf 81' lang='lat' dir='ltr'><strong>visiones</strong></span> <span class='ocrx_word' id='word_1_19' title='bbox 1589 264 1787 312; x_wconf 77' lang='lat' dir='ltr'>coeperint</span> <span class='ocrx_word' id='word_1_20' title='bbox 1822 266 1980 302; x_wconf 85' lang='lat' dir='ltr'><strong>nonnisi</strong></span> 
     </span>
     <span class='ocr_line' id='line_1_3' title="bbox 241 319 1981 372; baseline 0.004 -17"><span class='ocrx_word' id='word_1_21' title='bbox 241 319 363 356; x_wconf 82' lang='lat' dir='ltr'><strong>tertia</strong></span> <span class='ocrx_word' id='word_1_22' title='bbox 394 332 415 355; x_wconf 84' lang='lat' dir='ltr'><strong>a</strong></span> <span class='ocrx_word' id='word_1_23' title='bbox 446 322 570 355; x_wconf 85' lang='lat' dir='ltr'><strong>morte</strong></span> <span class='ocrx_word' id='word_1_24' title='bbox 604 319 664 355; x_wconf 77' lang='lat' dir='ltr'><strong>die</strong></span> <span class='ocrx_word' id='word_1_25' title='bbox 697 322 736 356; x_wconf 84' lang='lat' dir='ltr'><strong>et</strong></span> <span class='ocrx_word' id='word_1_26' title='bbox 758 320 997 357; x_wconf 72' lang='lat' dir='ltr'>cessaverint</span> <span class='ocrx_word' id='word_1_27' title='bbox 1028 320 1131 368; x_wconf 83' lang='lat' dir='ltr'><strong>apud</strong></span> <span class='ocrx_word' id='word_1_28' title='bbox 1163 333 1296 357; x_wconf 86' lang='lat' dir='ltr'><strong>omnes</strong></span> <span class='ocrx_word' id='word_1_29' title='bbox 1330 321 1391 357; x_wconf 87' lang='lat' dir='ltr'><strong>die</strong></span> <span class='ocrx_word' id='word_1_30' title='bbox 1427 321 1735 370; x_wconf 80' lang='lat' dir='ltr'><strong>quadragesima,</strong></span> <span class='ocrx_word' id='word_1_31' title='bbox 1778 324 1829 360; x_wconf 90' lang='lat' dir='ltr'><strong>Et</strong></span> <span class='ocrx_word' id='word_1_32' title='bbox 1862 337 1981 372; x_wconf 83' lang='lat' dir='ltr'><strong>quare</strong></span> 
     </span>
     <span class='ocr_line' id='line_1_4' title="bbox 246 377 1982 431; baseline 0.003 -17"><span class='ocrx_word' id='word_1_33' title='bbox 246 377 280 417; x_wconf 77' lang='lat'><strong>1⁸.</strong></span> <span class='ocrx_word' id='word_1_34' title='bbox 304 378 686 425; x_wconf 64' lang='lat' dir='ltr'><strong>hoephaon‹21me110n</strong></span> <span class='ocrx_word' id='word_1_35' title='bbox 712 378 932 416; x_wconf 84' lang='lat' dir='ltr'><strong>seculorum</strong></span> <span class='ocrx_word' id='word_1_36' title='bbox 971 380 1081 427; x_wconf 82' lang='lat' dir='ltr'><strong>lapsu</strong></span> <span class='ocrx_word' id='word_1_37' title='bbox 1115 392 1317 428; x_wconf 86' lang='lat' dir='ltr'><strong>nunquam</strong></span> <span class='ocrx_word' id='word_1_38' title='bbox 1348 380 1569 428; x_wconf 85' lang='lat' dir='ltr'><strong>repetitur?</strong></span> <span class='ocrx_word' id='word_1_39' title='bbox 1600 384 1640 418; x_wconf 86' lang='lat' dir='ltr'><strong>et</strong></span> <span class='ocrx_word' id='word_1_40' title='bbox 1670 383 1801 419; x_wconf 86' lang='lat' dir='ltr'><strong>tamen</strong></span> <span class='ocrx_word' id='word_1_41' title='bbox 1832 395 1982 431; x_wconf 83' lang='lat' dir='ltr'>semper</span> 
     </span>
     <span class='ocr_line' id='line_1_5' title="bbox 243 437 1982 488; baseline 0.003 -15"><span class='ocrx_word' id='word_1_42' title='bbox 243 439 336 473; x_wconf 89' lang='lat' dir='ltr'><strong>sunt</strong></span> <span class='ocrx_word' id='word_1_43' title='bbox 360 437 533 474; x_wconf 85' lang='lat' dir='ltr'><strong>homines</strong></span> <span class='ocrx_word' id='word_1_44' title='bbox 557 438 623 484; x_wconf 90' lang='lat' dir='ltr'><strong>qui</strong></span> <span class='ocrx_word' id='word_1_45' title='bbox 647 449 820 474; x_wconf 82' lang='lat' dir='ltr'><strong>moerore</strong></span> <span class='ocrx_word' id='word_1_46' title='bbox 843 438 1103 475; x_wconf 77' lang='lat' dir='ltr'><strong>coniiciuntur</strong></span> <span class='ocrx_word' id='word_1_47' title='bbox 1134 439 1181 475; x_wconf 74' lang='lat' dir='ltr'><strong>ol»</strong></span> <span class='ocrx_word' id='word_1_48' title='bbox 1213 451 1388 475; x_wconf 85' lang='lat' dir='ltr'><strong>carorum</strong></span> <span class='ocrx_word' id='word_1_49' title='bbox 1412 440 1588 484; x_wconf 90' lang='lat' dir='ltr'><strong>mortem,</strong></span> <span class='ocrx_word' id='word_1_50' title='bbox 1621 441 1690 488; x_wconf 88' lang='lat' dir='ltr'><strong>qui</strong></span> <span class='ocrx_word' id='word_1_51' title='bbox 1712 443 1805 478; x_wconf 85' lang='lat' dir='ltr'><strong>sunt</strong></span> <span class='ocrx_word' id='word_1_52' title='bbox 1825 443 1982 480; x_wconf 79' lang='lat' dir='ltr'>tenerae</span> 
     </span>
     <span class='ocr_line' id='line_1_6' title="bbox 245 495 1982 548; baseline 0.003 -16"><span class='ocrx_word' id='word_1_53' title='bbox 245 495 542 533; x_wconf 69' lang='lat' dir='ltr'><strong>constitutionis</strong></span> <span class='ocrx_word' id='word_1_54' title='bbox 565 501 605 532; x_wconf 87' lang='lat' dir='ltr'><strong>et</strong></span> <span class='ocrx_word' id='word_1_55' title='bbox 626 496 778 533; x_wconf 83' lang='lat' dir='ltr'><strong>nervosi</strong></span> <span class='ocrx_word' id='word_1_56' title='bbox 813 499 851 533; x_wconf 83' lang='lat' dir='ltr'><strong>et</strong></span> <span class='ocrx_word' id='word_1_57' title='bbox 875 497 936 544; x_wconf 81' lang='lat' dir='ltr'><strong>pie</strong></span> <span class='ocrx_word' id='word_1_58' title='bbox 969 497 1137 534; x_wconf 85' lang='lat' dir='ltr'><strong>creduli!</strong></span> <span class='ocrx_word' id='word_1_59' title='bbox 1171 497 1323 534; x_wconf 84' lang='lat' dir='ltr'><strong>Similes</strong></span> <span class='ocrx_word' id='word_1_60' title='bbox 1356 510 1491 535; x_wconf 75' lang='lat' dir='ltr'><strong>causae</strong></span> <span class='ocrx_word' id='word_1_61' title='bbox 1523 498 1670 536; x_wconf 71' lang='lat' dir='ltr'><strong>similes</strong></span> <span class='ocrx_word' id='word_1_62' title='bbox 1703 499 1864 538; x_wconf 83' lang='lat' dir='ltr'><strong>effectus</strong></span> <span class='ocrx_word' id='word_1_63' title='bbox 1894 513 1982 548; x_wconf 88' lang='lat' dir='ltr'><strong>pro-</strong></span> 
     </span>
     <span class='ocr_line' id='line_1_7' title="bbox 241 555 541 592; baseline 0.003 -2"><span class='ocrx_word' id='word_1_64' title='bbox 241 555 379 592; x_wconf 81' lang='lat' dir='ltr'><strong>ducere</strong></span> <span class='ocrx_word' id='word_1_65' title='bbox 403 555 541 591; x_wconf 83' lang='lat' dir='ltr'><strong>solent.</strong></span> 
     </span>
    </p>
   </div>
   <div class='ocr_carea' id='block_1_3' title="bbox 240 622 1985 2378">
    <p class='ocr_par' dir='ltr' id='par_1_3' title="bbox 240 622 1985 1384">
     <span class='ocr_line' id='line_1_8' title="bbox 361 622 1984 678; baseline 0.004 -16"><span class='ocrx_word' id='word_1_66' title='bbox 361 624 402 666; x_wconf 70' lang='lat'><strong>2.</strong></span> <span class='ocrx_word' id='word_1_67' title='bbox 426 622 599 663; x_wconf 77' lang='lat' dir='ltr'><strong>Accedit</strong></span> <span class='ocrx_word' id='word_1_68' title='bbox 614 623 816 664; x_wconf 81' lang='lat' dir='ltr'><strong>disertum</strong></span> <span class='ocrx_word' id='word_1_69' title='bbox 841 637 860 663; x_wconf 90' lang='lat' dir='ltr'><strong>s</strong></span> <span class='ocrx_word' id='word_1_70' title='bbox 874 636 897 676; x_wconf 73' lang='lat' dir='ltr'>y</span> <span class='ocrx_word' id='word_1_71' title='bbox 910 636 936 663; x_wconf 91' lang='lat' dir='ltr'><strong>n</strong></span> <span class='ocrx_word' id='word_1_72' title='bbox 950 635 974 663; x_wconf 91' lang='lat' dir='ltr'><strong>a</strong></span> <span class='ocrx_word' id='word_1_73' title='bbox 986 636 1010 674; x_wconf 82' lang='lat' dir='ltr'>g</span> <span class='ocrx_word' id='word_1_74' title='bbox 1022 635 1046 663; x_wconf 91' lang='lat' dir='ltr'><strong>o</strong></span> <span class='ocrx_word' id='word_1_75' title='bbox 1059 636 1083 674; x_wconf 80' lang='lat' dir='ltr'>g</span> <span class='ocrx_word' id='word_1_76' title='bbox 1096 636 1121 664; x_wconf 91' lang='lat' dir='ltr'><strong>a</strong></span> <span class='ocrx_word' id='word_1_77' title='bbox 1134 638 1155 663; x_wconf 80' lang='lat' dir='ltr'><strong>e</strong></span> <span class='ocrx_word' id='word_1_78' title='bbox 1177 623 1401 668; x_wconf 79' lang='lat' dir='ltr'><strong>silentium.</strong></span> <span class='ocrx_word' id='word_1_79' title='bbox 1417 636 1527 676; x_wconf 88' lang='lat' dir='ltr'><strong>quae</strong></span> <span class='ocrx_word' id='word_1_80' title='bbox 1542 639 1582 669; x_wconf 86' lang='lat' dir='ltr'><strong>a.</strong></span> <span class='ocrx_word' id='word_1_81' title='bbox 1599 631 1825 678; x_wconf 86' lang='lat' dir='ltr'><strong>postquam</strong></span> <span class='ocrx_word' id='word_1_82' title='bbox 1840 627 1984 668; x_wconf 88' lang='lat' dir='ltr'><strong>omnia</strong></span> 
     </span>
     <span class='ocr_line' id='line_1_9' title="bbox 243 693 1980 752; baseline 0.002 -19"><span class='ocrx_word' id='word_1_83' title='bbox 243 693 339 734; x_wconf 84' lang='lat' dir='ltr'><strong>fecit</strong></span> <span class='ocrx_word' id='word_1_84' title='bbox 370 693 423 733; x_wconf 91' lang='lat' dir='ltr'><strong>ad</strong></span> <span class='ocrx_word' id='word_1_85' title='bbox 457 693 691 746; x_wconf 80' lang='lat' dir='ltr'><strong>quamlibet</strong></span> <span class='ocrx_word' id='word_1_86' title='bbox 723 693 1035 746; x_wconf 75' lang='lat' dir='ltr'><strong>impediendam</strong></span> <span class='ocrx_word' id='word_1_87' title='bbox 1070 693 1261 734; x_wconf 84' lang='lat' dir='ltr'><strong>fraudem</strong></span> <span class='ocrx_word' id='word_1_88' title='bbox 1294 694 1456 747; x_wconf 86' lang='lat' dir='ltr'><strong>(Matth.</strong></span> <span class='ocrx_word' id='word_1_89' title='bbox 1480 698 1548 744; x_wconf 77' lang='lat'><strong>27,</strong></span> <span class='ocrx_word' id='word_1_90' title='bbox 1571 699 1626 740; x_wconf 79' lang='grc'><strong>62</strong></span> <span class='ocrx_word' id='word_1_91' title='bbox 1650 697 1734 752; x_wconf 79' lang='lat' dir='ltr'><strong>ss),</strong></span> <span class='ocrx_word' id='word_1_92' title='bbox 1765 710 1980 750; x_wconf 89' lang='lat' dir='ltr'><strong>nunquam</strong></span> 
     </span>
     <span class='ocr_line' id='line_1_10' title="bbox 244 764 1985 819; baseline 0.002 -12"><span class='ocrx_word' id='word_1_93' title='bbox 244 765 291 808; x_wconf 82' lang='lat' dir='ltr'><strong>b.</strong></span> <span class='ocrx_word' id='word_1_94' title='bbox 308 764 533 805; x_wconf 87' lang='lat' dir='ltr'><strong>falsitatem</strong></span> <span class='ocrx_word' id='word_1_95' title='bbox 558 765 789 805; x_wconf 83' lang='lat' dir='ltr'><strong>testimonii</strong></span> <span class='ocrx_word' id='word_1_96' title='bbox 811 764 1033 816; x_wconf 88' lang='lat' dir='ltr'><strong>apostolici</strong></span> <span class='ocrx_word' id='word_1_97' title='bbox 1057 764 1433 818; x_wconf 81' lang='lat' dir='ltr'><strong>apostolorumque</strong></span> <span class='ocrx_word' id='word_1_98' title='bbox 1458 765 1660 816; x_wconf 83' lang='lat' dir='ltr'><strong>fraudem,</strong></span> <span class='ocrx_word' id='word_1_99' title='bbox 1684 767 1717 807; x_wconf 92' lang='lat' dir='ltr'><strong>si</strong></span> <span class='ocrx_word' id='word_1_100' title='bbox 1738 780 1821 819; x_wconf 85' lang='lat' dir='ltr'><strong>qua</strong></span> <span class='ocrx_word' id='word_1_101' title='bbox 1842 773 1985 810; x_wconf 80' lang='lat' dir='ltr'><strong>essent</strong></span> 
     </span>
     <span class='ocr_line' id='line_1_11' title="bbox 241 835 1983 891; baseline 0.002 -15"><span class='ocrx_word' id='word_1_102' title='bbox 241 836 317 884; x_wconf 89' lang='lat' dir='ltr'><strong>usi,</strong></span> <span class='ocrx_word' id='word_1_103' title='bbox 330 835 526 887; x_wconf 82' lang='lat' dir='ltr'><strong>detegere</strong></span> <span class='ocrx_word' id='word_1_104' title='bbox 543 836 699 888; x_wconf 85' lang='lat' dir='ltr'><strong>potuit;</strong></span> <span class='ocrx_word' id='word_1_105' title='bbox 715 847 934 887; x_wconf 88' lang='lat' dir='ltr'><strong>nunquam</strong></span> <span class='ocrx_word' id='word_1_106' title='bbox 947 848 987 879; x_wconf 83' lang='lat' dir='ltr'><strong>c.</strong></span> <span class='ocrx_word' id='word_1_107' title='bbox 1003 847 1109 875; x_wconf 89' lang='lat' dir='ltr'><strong>ausa</strong></span> <span class='ocrx_word' id='word_1_108' title='bbox 1125 839 1188 876; x_wconf 84' lang='lat' dir='ltr'><strong>est</strong></span> <span class='ocrx_word' id='word_1_109' title='bbox 1203 835 1354 876; x_wconf 81' lang='lat' dir='ltr'><strong>milites</strong></span> <span class='ocrx_word' id='word_1_110' title='bbox 1369 841 1542 888; x_wconf 87' lang='lat' dir='ltr'><strong>propter</strong></span> <span class='ocrx_word' id='word_1_111' title='bbox 1556 838 1799 879; x_wconf 79' lang='lat' dir='ltr'><strong>socordiam</strong></span> <span class='ocrx_word' id='word_1_112' title='bbox 1814 839 1983 891; x_wconf 90' lang='lat' dir='ltr'><strong>punire:</strong></span> 
     </span>
     <span class='ocr_line' id='line_1_12' title="bbox 243 907 1984 963; baseline 0.003 -17"><span class='ocrx_word' id='word_1_113' title='bbox 243 911 284 947; x_wconf 89' lang='lat' dir='ltr'><strong>et</strong></span> <span class='ocrx_word' id='word_1_114' title='bbox 306 911 452 947; x_wconf 89' lang='lat' dir='ltr'><strong>tamen</strong></span> <span class='ocrx_word' id='word_1_115' title='bbox 466 907 743 958; x_wconf 83' lang='lat' dir='ltr'><strong>gravissimae</strong></span> <span class='ocrx_word' id='word_1_116' title='bbox 760 918 925 958; x_wconf 88' lang='lat' dir='ltr'><strong>poenae</strong></span> <span class='ocrx_word' id='word_1_117' title='bbox 940 911 1125 947; x_wconf 89' lang='lat' dir='ltr'><strong>statutae</strong></span> <span class='ocrx_word' id='word_1_118' title='bbox 1141 911 1263 947; x_wconf 84' lang='lat' dir='ltr'><strong>erant</strong></span> <span class='ocrx_word' id='word_1_119' title='bbox 1278 907 1320 947; x_wconf 89' lang='lat' dir='ltr'><strong>in</strong></span> <span class='ocrx_word' id='word_1_120' title='bbox 1335 907 1534 948; x_wconf 84' lang='lat' dir='ltr'><strong>custodes</strong></span> <span class='ocrx_word' id='word_1_121' title='bbox 1549 908 1829 959; x_wconf 86' lang='lat' dir='ltr'><strong>dormientes;</strong></span> <span class='ocrx_word' id='word_1_122' title='bbox 1852 922 1984 963; x_wconf 88' lang='lat' dir='ltr'><strong>quare</strong></span> 
     </span>
     <span class='ocr_line' id='line_1_13' title="bbox 248 977 1984 1033; baseline 0.002 -14"><span class='ocrx_word' id='word_1_123' title='bbox 248 978 293 1020; x_wconf 86' lang='lat' dir='ltr'><strong>d.</strong></span> <span class='ocrx_word' id='word_1_124' title='bbox 309 978 366 1017; x_wconf 93' lang='lat' dir='ltr'><strong>nil</strong></span> <span class='ocrx_word' id='word_1_125' title='bbox 390 977 427 1017; x_wconf 90' lang='lat' dir='ltr'><strong>ei</strong></span> <span class='ocrx_word' id='word_1_126' title='bbox 449 977 656 1029; x_wconf 83' lang='lat' dir='ltr'><strong>reliquum</strong></span> <span class='ocrx_word' id='word_1_127' title='bbox 681 977 767 1026; x_wconf 85' lang='lat' dir='ltr'><strong>fuit,</strong></span> <span class='ocrx_word' id='word_1_128' title='bbox 791 989 918 1029; x_wconf 86' lang='lat' dir='ltr'><strong>quam</strong></span> <span class='ocrx_word' id='word_1_129' title='bbox 943 978 1154 1026; x_wconf 81' lang='lat' dir='ltr'><strong>custodes,</strong></span> <span class='ocrx_word' id='word_1_130' title='bbox 1177 978 1500 1019; x_wconf 84' lang='lat' dir='ltr'><strong>resurrectionis</strong></span> <span class='ocrx_word' id='word_1_131' title='bbox 1515 983 1655 1027; x_wconf 85' lang='lat' dir='ltr'><strong>testes,</strong></span> <span class='ocrx_word' id='word_1_132' title='bbox 1679 981 1780 1022; x_wconf 89' lang='lat' dir='ltr'><strong>data</strong></span> <span class='ocrx_word' id='word_1_133' title='bbox 1793 982 1984 1033; x_wconf 87' lang='lat' dir='ltr'><strong>pecunia,</strong></span> 
     </span>
     <span class='ocr_line' id='line_1_14' title="bbox 242 1047 1982 1104; baseline 0.002 -16"><span class='ocrx_word' id='word_1_134' title='bbox 242 1048 454 1096; x_wconf 74' lang='lat' dir='ltr'><strong>inducere,</strong></span> <span class='ocrx_word' id='word_1_135' title='bbox 477 1052 522 1088; x_wconf 90' lang='lat' dir='ltr'><strong>ut</strong></span> <span class='ocrx_word' id='word_1_136' title='bbox 544 1047 744 1097; x_wconf 79' lang='lat' dir='ltr'><strong>dicerent,</strong></span> <span class='ocrx_word' id='word_1_137' title='bbox 768 1061 813 1089; x_wconf 90' lang='lat' dir='ltr'><strong>se</strong></span> <span class='ocrx_word' id='word_1_138' title='bbox 836 1048 1145 1102; x_wconf 52' lang='lat' dir='ltr'><strong>dormientibus)</strong></span> <span class='ocrx_word' id='word_1_139' title='bbox 1178 1048 1396 1101; x_wconf 84' lang='lat' dir='ltr'><strong>apostolos</strong></span> <span class='ocrx_word' id='word_1_140' title='bbox 1420 1048 1580 1090; x_wconf 80' lang='lat' dir='ltr'><strong>furatos</strong></span> <span class='ocrx_word' id='word_1_141' title='bbox 1604 1062 1697 1092; x_wconf 89' lang='lat' dir='ltr'><strong>esse</strong></span> <span class='ocrx_word' id='word_1_142' title='bbox 1721 1063 1875 1104; x_wconf 88' lang='lat' dir='ltr'><strong>corpus</strong></span> <span class='ocrx_word' id='word_1_143' title='bbox 1896 1051 1982 1092; x_wconf 92' lang='lat' dir='ltr'><strong>Do-</strong></span> 
     </span>
     <span class='ocr_line' id='line_1_15' title="bbox 245 1118 1984 1174; baseline 0.003 -16"><span class='ocrx_word' id='word_1_144' title='bbox 245 1119 347 1159; x_wconf 87' lang='lat' dir='ltr'><strong>mini</strong></span> <span class='ocrx_word' id='word_1_145' title='bbox 370 1118 440 1174; x_wconf 88' lang='lat' dir='ltr'><strong>(ib.</strong></span> <span class='ocrx_word' id='word_1_146' title='bbox 465 1120 535 1171; x_wconf 71' lang='lat'><strong>28,</strong></span> <span class='ocrx_word' id='word_1_147' title='bbox 565 1120 654 1174; x_wconf 83' lang='lat'>13);</span> <span class='ocrx_word' id='word_1_148' title='bbox 686 1132 904 1171; x_wconf 86' lang='lat' dir='ltr'><strong>nunquam</strong></span> <span class='ocrx_word' id='word_1_149' title='bbox 929 1133 969 1162; x_wconf 85' lang='lat' dir='ltr'><strong>c.</strong></span> <span class='ocrx_word' id='word_1_150' title='bbox 995 1131 1101 1160; x_wconf 89' lang='lat' dir='ltr'><strong>ausa</strong></span> <span class='ocrx_word' id='word_1_151' title='bbox 1124 1123 1187 1160; x_wconf 90' lang='lat' dir='ltr'><strong>est</strong></span> <span class='ocrx_word' id='word_1_152' title='bbox 1210 1119 1414 1171; x_wconf 87' lang='lat' dir='ltr'><strong>apostolis</strong></span> <span class='ocrx_word' id='word_1_153' title='bbox 1436 1125 1609 1173; x_wconf 88' lang='lat' dir='ltr'><strong>propter</strong></span> <span class='ocrx_word' id='word_1_154' title='bbox 1630 1120 1822 1162; x_wconf 88' lang='lat' dir='ltr'><strong>fraudem</strong></span> <span class='ocrx_word' id='word_1_155' title='bbox 1844 1123 1984 1163; x_wconf 83' lang='lat' dir='ltr'><strong>dicere</strong></span> 
     </span>
     <span class='ocr_line' id='line_1_16' title="bbox 244 1191 1982 1243; baseline 0.002 -13"><span class='ocrx_word' id='word_1_156' title='bbox 244 1202 418 1230; x_wconf 90' lang='lat' dir='ltr'><strong>causam</strong></span> <span class='ocrx_word' id='word_1_157' title='bbox 442 1201 600 1243; x_wconf 89' lang='lat' dir='ltr'><strong>eosque</strong></span> <span class='ocrx_word' id='word_1_158' title='bbox 625 1191 667 1232; x_wconf 92' lang='lat' dir='ltr'><strong>in</strong></span> <span class='ocrx_word' id='word_1_159' title='bbox 685 1191 754 1243; x_wconf 87' lang='lat' dir='ltr'><strong>jus</strong></span> <span class='ocrx_word' id='word_1_160' title='bbox 770 1203 938 1239; x_wconf 83' lang='lat' dir='ltr'><strong>vocare,</strong></span> <span class='ocrx_word' id='word_1_161' title='bbox 962 1196 1163 1232; x_wconf 87' lang='lat' dir='ltr'><strong>contenta</strong></span> <span class='ocrx_word' id='word_1_162' title='bbox 1178 1193 1212 1235; x_wconf 86' lang='lat' dir='ltr'><strong>f.</strong></span> <span class='ocrx_word' id='word_1_163' title='bbox 1228 1191 1394 1232; x_wconf 88' lang='lat' dir='ltr'><strong>silentio</strong></span> <span class='ocrx_word' id='word_1_164' title='bbox 1418 1192 1518 1243; x_wconf 89' lang='lat' dir='ltr'><strong>ipsis</strong></span> <span class='ocrx_word' id='word_1_165' title='bbox 1541 1192 1699 1233; x_wconf 89' lang='lat' dir='ltr'><strong>indicto</strong></span> <span class='ocrx_word' id='word_1_166' title='bbox 1723 1192 1813 1236; x_wconf 85' lang='lat' dir='ltr'><strong>Act.</strong></span> <span class='ocrx_word' id='word_1_167' title='bbox 1835 1197 1863 1237; x_wconf 87' lang='lat'>4</span> <span class='ocrx_word' id='word_1_168' title='bbox 1882 1197 1932 1237; x_wconf 85' lang='lat'><strong>17</strong></span> <span class='ocrx_word' id='word_1_169' title='bbox 1949 1207 1982 1235; x_wconf 81' lang='lat' dir='ltr'><strong>s,</strong></span> 
     </span>
     <span class='ocr_line' id='line_1_17' title="bbox 240 1260 1984 1316; baseline 0.002 -15"><span class='ocrx_word' id='word_1_170' title='bbox 240 1260 420 1302; x_wconf 90' lang='lat' dir='ltr'><strong>Evidens</strong></span> <span class='ocrx_word' id='word_1_171' title='bbox 453 1267 750 1314; x_wconf 74' lang='lat' dir='ltr'><strong>argumentum</strong></span> <span class='ocrx_word' id='word_1_172' title='bbox 782 1262 1074 1314; x_wconf 88' lang='lat' dir='ltr'><strong>apostolorum</strong></span> <span class='ocrx_word' id='word_1_173' title='bbox 1106 1262 1395 1303; x_wconf 88' lang='lat' dir='ltr'><strong>testimonium</strong></span> <span class='ocrx_word' id='word_1_174' title='bbox 1428 1262 1554 1304; x_wconf 85' lang='lat' dir='ltr'><strong>fuisse</strong></span> <span class='ocrx_word' id='word_1_175' title='bbox 1588 1264 1704 1304; x_wconf 91' lang='lat' dir='ltr'><strong>omni</strong></span> <span class='ocrx_word' id='word_1_176' title='bbox 1735 1264 1984 1316; x_wconf 84' lang='lat' dir='ltr'><strong>exceptione</strong></span> 
     </span>
     <span class='ocr_line' id='line_1_18' title="bbox 243 1332 392 1384; baseline 0.007 -12"><span class='ocrx_word' id='word_1_177' title='bbox 243 1332 392 1384; x_wconf 85' lang='lat' dir='ltr'><strong>majus.</strong></span> 
     </span>
    </p>

    <p class='ocr_par' dir='ltr' id='par_1_4' title="bbox 242 1403 1985 2378">
     <span class='ocr_line' id='line_1_19' title="bbox 360 1403 1984 1457; baseline 0.001 -11"><span class='ocrx_word' id='word_1_178' title='bbox 360 1403 402 1446; x_wconf 85' lang='lat'><strong>3.</strong></span> <span class='ocrx_word' id='word_1_179' title='bbox 428 1403 546 1444; x_wconf 89' lang='lat' dir='ltr'><strong>Facti</strong></span> <span class='ocrx_word' id='word_1_180' title='bbox 569 1404 892 1445; x_wconf 85' lang='lat' dir='ltr'><strong>credibilitatem</strong></span> <span class='ocrx_word' id='word_1_181' title='bbox 925 1404 1079 1456; x_wconf 84' lang='lat' dir='ltr'><strong>probat</strong></span> <span class='ocrx_word' id='word_1_182' title='bbox 1101 1405 1247 1457; x_wconf 81' lang='lat' dir='ltr'><strong>ingens</strong></span> <span class='ocrx_word' id='word_1_183' title='bbox 1270 1417 1432 1454; x_wconf 88' lang='lat' dir='ltr'><strong>eorum,</strong></span> <span class='ocrx_word' id='word_1_184' title='bbox 1464 1405 1592 1446; x_wconf 86' lang='lat' dir='ltr'><strong>etiam</strong></span> <span class='ocrx_word' id='word_1_185' title='bbox 1616 1417 1666 1446; x_wconf 87' lang='lat' dir='ltr'><strong>ex</strong></span> <span class='ocrx_word' id='word_1_186' title='bbox 1690 1405 1984 1447; x_wconf 89' lang='lat' dir='ltr'><strong>sacerdotibus</strong></span> 
     </span>
     <span class='ocr_line' id='line_1_20' title="bbox 243 1473 1983 1530; baseline 0.002 -16"><span class='ocrx_word' id='word_1_187' title='bbox 243 1473 351 1530; x_wconf 75' lang='lat' dir='ltr'><strong>(Act.</strong></span> <span class='ocrx_word' id='word_1_188' title='bbox 377 1477 415 1523; x_wconf 77' lang='lat'><strong>6,</strong></span> <span class='ocrx_word' id='word_1_189' title='bbox 440 1475 496 1529; x_wconf 81' lang='lat'><strong>7),</strong></span> <span class='ocrx_word' id='word_1_190' title='bbox 531 1475 602 1528; x_wconf 90' lang='lat' dir='ltr'><strong>qui</strong></span> <span class='ocrx_word' id='word_1_191' title='bbox 624 1475 666 1515; x_wconf 89' lang='lat' dir='ltr'><strong>in</strong></span> <span class='ocrx_word' id='word_1_192' title='bbox 690 1474 902 1516; x_wconf 82' lang='lat' dir='ltr'><strong>Christum</strong></span> <span class='ocrx_word' id='word_1_193' title='bbox 936 1475 1217 1525; x_wconf 83' lang='lat' dir='ltr'><strong>crediderunt,</strong></span> <span class='ocrx_word' id='word_1_194' title='bbox 1251 1476 1493 1517; x_wconf 88' lang='lat' dir='ltr'><strong>multitudo:</strong></span> <span class='ocrx_word' id='word_1_195' title='bbox 1527 1487 1664 1528; x_wconf 89' lang='lat' dir='ltr'><strong>neque</strong></span> <span class='ocrx_word' id='word_1_196' title='bbox 1687 1476 1799 1516; x_wconf 91' lang='lat' dir='ltr'><strong>enim</strong></span> <span class='ocrx_word' id='word_1_197' title='bbox 1821 1480 1884 1517; x_wconf 87' lang='lat' dir='ltr'><strong>tot</strong></span> <span class='ocrx_word' id='word_1_198' title='bbox 1905 1477 1983 1518; x_wconf 92' lang='lat' dir='ltr'><strong>ho-</strong></span> 
     </span>
     <span class='ocr_line' id='line_1_21' title="bbox 242 1545 1983 1599; baseline 0.002 -14"><span class='ocrx_word' id='word_1_199' title='bbox 242 1545 403 1585; x_wconf 86' lang='lat' dir='ltr'><strong>minum</strong></span> <span class='ocrx_word' id='word_1_200' title='bbox 428 1545 541 1586; x_wconf 90' lang='lat' dir='ltr'><strong>milia</strong></span> <span class='ocrx_word' id='word_1_201' title='bbox 565 1546 843 1587; x_wconf 83' lang='lat' dir='ltr'><strong>credidissent</strong></span> <span class='ocrx_word' id='word_1_202' title='bbox 866 1545 1022 1587; x_wconf 83' lang='lat' dir='ltr'><strong>factum</strong></span> <span class='ocrx_word' id='word_1_203' title='bbox 1046 1551 1134 1587; x_wconf 88' lang='lat' dir='ltr'><strong>tam</strong></span> <span class='ocrx_word' id='word_1_204' title='bbox 1157 1547 1393 1588; x_wconf 88' lang='lat' dir='ltr'><strong>inauditum</strong></span> <span class='ocrx_word' id='word_1_205' title='bbox 1418 1547 1685 1599; x_wconf 79' lang='lat' dir='ltr'><strong>amplexique</strong></span> <span class='ocrx_word' id='word_1_206' title='bbox 1701 1551 1844 1588; x_wconf 80' lang='lat' dir='ltr'><strong>essent</strong></span> <span class='ocrx_word' id='word_1_207' title='bbox 1857 1546 1983 1588; x_wconf 90' lang='lat' dir='ltr'><strong>fidem</strong></span> 
     </span>
     <span class='ocr_line' id='line_1_22' title="bbox 242 1616 1982 1671; baseline 0.002 -15"><span class='ocrx_word' id='word_1_208' title='bbox 242 1616 284 1656; x_wconf 92' lang='lat' dir='ltr'><strong>in</strong></span> <span class='ocrx_word' id='word_1_209' title='bbox 306 1617 455 1668; x_wconf 88' lang='lat' dir='ltr'><strong>ipsum,</strong></span> <span class='ocrx_word' id='word_1_210' title='bbox 478 1617 557 1658; x_wconf 90' lang='lat' dir='ltr'><strong>nisi</strong></span> <span class='ocrx_word' id='word_1_211' title='bbox 581 1617 670 1669; x_wconf 84' lang='lat' dir='ltr'><strong>ejus</strong></span> <span class='ocrx_word' id='word_1_212' title='bbox 693 1617 884 1669; x_wconf 85' lang='lat' dir='ltr'><strong>discipuli</strong></span> <span class='ocrx_word' id='word_1_213' title='bbox 899 1617 1162 1658; x_wconf 78' lang='lat' dir='ltr'><strong>auditoribus</strong></span> <span class='ocrx_word' id='word_1_214' title='bbox 1178 1618 1499 1670; x_wconf 71' lang='lat' dir='ltr'><strong>persuasissent,</strong></span> <span class='ocrx_word' id='word_1_215' title='bbox 1522 1630 1611 1658; x_wconf 90' lang='lat' dir='ltr'><strong>rem</strong></span> <span class='ocrx_word' id='word_1_216' title='bbox 1626 1618 1685 1659; x_wconf 89' lang='lat' dir='ltr'><strong>ita</strong></span> <span class='ocrx_word' id='word_1_217' title='bbox 1700 1630 1793 1659; x_wconf 89' lang='lat' dir='ltr'><strong>esse</strong></span> <span class='ocrx_word' id='word_1_218' title='bbox 1808 1622 1982 1671; x_wconf 87' lang='lat' dir='ltr'><strong>gestam.</strong></span> 
     </span>
     <span class='ocr_line' id='line_1_23' title="bbox 243 1686 1982 1742; baseline 0.002 -15"><span class='ocrx_word' id='word_1_219' title='bbox 243 1686 366 1736; x_wconf 86' lang='lat' dir='ltr'><strong>Quod</strong></span> <span class='ocrx_word' id='word_1_220' title='bbox 389 1687 578 1739; x_wconf 88' lang='lat' dir='ltr'><strong>profecto</strong></span> <span class='ocrx_word' id='word_1_221' title='bbox 602 1688 861 1740; x_wconf 87' lang='lat' dir='ltr'><strong>persuadere</strong></span> <span class='ocrx_word' id='word_1_222' title='bbox 884 1701 971 1729; x_wconf 93' lang='lat' dir='ltr'><strong>non</strong></span> <span class='ocrx_word' id='word_1_223' title='bbox 994 1689 1232 1741; x_wconf 87' lang='lat' dir='ltr'><strong>potuissent</strong></span> <span class='ocrx_word' id='word_1_224' title='bbox 1245 1688 1490 1730; x_wconf 86' lang='lat' dir='ltr'><strong>hominibus</strong></span> <span class='ocrx_word' id='word_1_225' title='bbox 1505 1689 1646 1742; x_wconf 90' lang='lat' dir='ltr'><strong>aliquo</strong></span> <span class='ocrx_word' id='word_1_226' title='bbox 1662 1689 1982 1742; x_wconf 84' lang='lat' dir='ltr'><strong>saltemjudicio</strong></span> 
     </span>
     <span class='ocr_line' id='line_1_24' title="bbox 242 1758 1984 1812; baseline 0.002 -14"><span class='ocrx_word' id='word_1_227' title='bbox 242 1758 455 1809; x_wconf 76' lang='lat' dir='ltr'><strong>praeditis,</strong></span> <span class='ocrx_word' id='word_1_228' title='bbox 478 1771 575 1799; x_wconf 86' lang='lat' dir='ltr'><strong>cum</strong></span> <span class='ocrx_word' id='word_1_229' title='bbox 598 1759 697 1811; x_wconf 86' lang='lat' dir='ltr'><strong>quid</strong></span> <span class='ocrx_word' id='word_1_230' title='bbox 719 1759 855 1800; x_wconf 84' lang='lat' dir='ltr'><strong>simile</strong></span> <span class='ocrx_word' id='word_1_231' title='bbox 878 1772 1097 1812; x_wconf 87' lang='lat' dir='ltr'><strong>nunquam</strong></span> <span class='ocrx_word' id='word_1_232' title='bbox 1121 1764 1159 1800; x_wconf 84' lang='lat' dir='ltr'><strong>et</strong></span> <span class='ocrx_word' id='word_1_233' title='bbox 1183 1760 1329 1800; x_wconf 87' lang='lat' dir='ltr'><strong>nullibi</strong></span> <span class='ocrx_word' id='word_1_234' title='bbox 1352 1760 1395 1800; x_wconf 92' lang='lat' dir='ltr'><strong>in</strong></span> <span class='ocrx_word' id='word_1_235' title='bbox 1416 1759 1464 1800; x_wconf 92' lang='lat' dir='ltr'><strong>V.</strong></span> <span class='ocrx_word' id='word_1_236' title='bbox 1486 1760 1529 1800; x_wconf 92' lang='lat' dir='ltr'><strong>T.</strong></span> <span class='ocrx_word' id='word_1_237' title='bbox 1553 1764 1717 1812; x_wconf 82' lang='lat' dir='ltr'><strong>gestum</strong></span> <span class='ocrx_word' id='word_1_238' title='bbox 1739 1760 1914 1812; x_wconf 84' lang='lat' dir='ltr'><strong>legatur,</strong></span> <span class='ocrx_word' id='word_1_239' title='bbox 1942 1765 1984 1802; x_wconf 88' lang='lat' dir='ltr'><strong>et</strong></span> 
     </span>
     <span class='ocr_line' id='line_1_25' title="bbox 243 1831 1982 1885; baseline 0.002 -17"><span class='ocrx_word' id='word_1_240' title='bbox 243 1840 293 1869; x_wconf 89' lang='lat' dir='ltr'><strong>eo</strong></span> <span class='ocrx_word' id='word_1_241' title='bbox 328 1834 532 1884; x_wconf 84' lang='lat' dir='ltr'><strong>tempore,</strong></span> <span class='ocrx_word' id='word_1_242' title='bbox 567 1844 651 1884; x_wconf 88' lang='lat' dir='ltr'><strong>quo</strong></span> <span class='ocrx_word' id='word_1_243' title='bbox 683 1832 786 1873; x_wconf 87' lang='lat' dir='ltr'><strong>fides</strong></span> <span class='ocrx_word' id='word_1_244' title='bbox 819 1832 1015 1873; x_wconf 87' lang='lat' dir='ltr'><strong>maximis</strong></span> <span class='ocrx_word' id='word_1_245' title='bbox 1048 1833 1243 1885; x_wconf 86' lang='lat' dir='ltr'><strong>periculis</strong></span> <span class='ocrx_word' id='word_1_246' title='bbox 1276 1837 1315 1874; x_wconf 79' lang='lat' dir='ltr'><strong>et</strong></span> <span class='ocrx_word' id='word_1_247' title='bbox 1339 1832 1462 1873; x_wconf 92' lang='lat' dir='ltr'><strong>malis</strong></span> <span class='ocrx_word' id='word_1_248' title='bbox 1486 1837 1578 1873; x_wconf 83' lang='lat' dir='ltr'><strong>erat</strong></span> <span class='ocrx_word' id='word_1_249' title='bbox 1600 1831 1798 1882; x_wconf 88' lang='lat' dir='ltr'><strong>obnoxia,</strong></span> <span class='ocrx_word' id='word_1_250' title='bbox 1828 1833 1909 1873; x_wconf 92' lang='lat' dir='ltr'><strong>nisi</strong></span> <span class='ocrx_word' id='word_1_251' title='bbox 1930 1832 1982 1873; x_wconf 90' lang='lat' dir='ltr'><strong>de</strong></span> 
     </span>
     <span class='ocr_line' id='line_1_26' title="bbox 243 1902 1984 1955; baseline 0.002 -15"><span class='ocrx_word' id='word_1_252' title='bbox 243 1913 411 1941; x_wconf 90' lang='lat' dir='ltr'><strong>summa</strong></span> <span class='ocrx_word' id='word_1_253' title='bbox 433 1902 604 1943; x_wconf 87' lang='lat' dir='ltr'><strong>testium</strong></span> <span class='ocrx_word' id='word_1_254' title='bbox 627 1904 860 1944; x_wconf 77' lang='lat' dir='ltr'><strong>veracitate</strong></span> <span class='ocrx_word' id='word_1_255' title='bbox 883 1907 1010 1955; x_wconf 82' lang='lat' dir='ltr'><strong>atque</strong></span> <span class='ocrx_word' id='word_1_256' title='bbox 1033 1904 1277 1944; x_wconf 83' lang='lat' dir='ltr'><strong>sinceritate</strong></span> <span class='ocrx_word' id='word_1_257' title='bbox 1301 1904 1440 1944; x_wconf 90' lang='lat' dir='ltr'><strong>omnis</strong></span> <span class='ocrx_word' id='word_1_258' title='bbox 1461 1903 1668 1944; x_wconf 87' lang='lat' dir='ltr'><strong>dubitatio</strong></span> <span class='ocrx_word' id='word_1_259' title='bbox 1683 1915 1858 1955; x_wconf 89' lang='lat' dir='ltr'><strong>prorsus</strong></span> <span class='ocrx_word' id='word_1_260' title='bbox 1872 1907 1984 1944; x_wconf 89' lang='lat' dir='ltr'><strong>esset</strong></span> 
     </span>
     <span class='ocr_line' id='line_1_27' title="bbox 243 1971 1982 2027; baseline 0.002 -16"><span class='ocrx_word' id='word_1_261' title='bbox 243 1971 400 2014; x_wconf 87' lang='lat' dir='ltr'><strong>exlusa.</strong></span> <span class='ocrx_word' id='word_1_262' title='bbox 433 1971 482 2013; x_wconf 89' lang='lat' dir='ltr'><strong>Et</strong></span> <span class='ocrx_word' id='word_1_263' title='bbox 504 1985 608 2014; x_wconf 89' lang='lat' dir='ltr'><strong>sane</strong></span> <span class='ocrx_word' id='word_1_264' title='bbox 631 1974 667 2014; x_wconf 92' lang='lat' dir='ltr'><strong>si</strong></span> <span class='ocrx_word' id='word_1_265' title='bbox 690 1972 880 2014; x_wconf 89' lang='lat' dir='ltr'><strong>Christus</strong></span> <span class='ocrx_word' id='word_1_266' title='bbox 903 1974 1023 2015; x_wconf 81' lang='lat' dir='ltr'><strong>vivus</strong></span> <span class='ocrx_word' id='word_1_267' title='bbox 1045 1975 1186 2015; x_wconf 79' lang='lat' dir='ltr'><strong>verbis</strong></span> <span class='ocrx_word' id='word_1_268' title='bbox 1209 1979 1251 2015; x_wconf 88' lang='lat' dir='ltr'><strong>et</strong></span> <span class='ocrx_word' id='word_1_269' title='bbox 1273 1974 1486 2015; x_wconf 88' lang='lat' dir='ltr'><strong>miraculis</strong></span> <span class='ocrx_word' id='word_1_270' title='bbox 1509 1986 1681 2027; x_wconf 90' lang='lat' dir='ltr'><strong>paucos,</strong></span> <span class='ocrx_word' id='word_1_271' title='bbox 1705 1985 1801 2014; x_wconf 82' lang='lat' dir='ltr'><strong>cuin</strong></span> <span class='ocrx_word' id='word_1_272' title='bbox 1823 1973 1982 2015; x_wconf 89' lang='lat' dir='ltr'><strong>nullum</strong></span> 
     </span>
     <span class='ocr_line' id='line_1_28' title="bbox 243 2042 1983 2097; baseline 0.002 -15"><span class='ocrx_word' id='word_1_273' title='bbox 243 2042 382 2082; x_wconf 87' lang='lat' dir='ltr'><strong>adhuc</strong></span> <span class='ocrx_word' id='word_1_274' title='bbox 403 2043 645 2084; x_wconf 88' lang='lat' dir='ltr'><strong>immineret</strong></span> <span class='ocrx_word' id='word_1_275' title='bbox 668 2043 883 2092; x_wconf 88' lang='lat' dir='ltr'><strong>damnum,</strong></span> <span class='ocrx_word' id='word_1_276' title='bbox 907 2044 975 2084; x_wconf 89' lang='lat' dir='ltr'><strong>vix</strong></span> <span class='ocrx_word' id='word_1_277' title='bbox 991 2044 1163 2084; x_wconf 82' lang='lat' dir='ltr'><strong>attraxit</strong></span> <span class='ocrx_word' id='word_1_278' title='bbox 1185 2044 1237 2084; x_wconf 91' lang='lat' dir='ltr'><strong>ad</strong></span> <span class='ocrx_word' id='word_1_279' title='bbox 1253 2048 1522 2084; x_wconf 89' lang='lat' dir='ltr'><strong>constantem</strong></span> <span class='ocrx_word' id='word_1_280' title='bbox 1536 2044 1579 2084; x_wconf 83' lang='lat' dir='ltr'><strong>in</strong></span> <span class='ocrx_word' id='word_1_281' title='bbox 1593 2055 1639 2084; x_wconf 89' lang='lat' dir='ltr'><strong>se</strong></span> <span class='ocrx_word' id='word_1_282' title='bbox 1654 2044 1800 2085; x_wconf 84' lang='lat' dir='ltr'><strong>fidem:</strong></span> <span class='ocrx_word' id='word_1_283' title='bbox 1823 2049 1983 2097; x_wconf 88' lang='lat' dir='ltr'><strong>quanto</strong></span> 
     </span>
     <span class='ocr_line' id='line_1_29' title="bbox 243 2113 1984 2166; baseline 0.001 -13"><span class='ocrx_word' id='word_1_284' title='bbox 243 2113 383 2154; x_wconf 88' lang='lat' dir='ltr'><strong>minus</strong></span> <span class='ocrx_word' id='word_1_285' title='bbox 406 2118 598 2154; x_wconf 89' lang='lat' dir='ltr'><strong>mortuus</strong></span> <span class='ocrx_word' id='word_1_286' title='bbox 621 2113 701 2154; x_wconf 87' lang='lat' dir='ltr'><strong>sibi</strong></span> <span class='ocrx_word' id='word_1_287' title='bbox 715 2115 881 2155; x_wconf 88' lang='lat' dir='ltr'><strong>animos</strong></span> <span class='ocrx_word' id='word_1_288' title='bbox 898 2115 1176 2157; x_wconf 81' lang='lat' dir='ltr'><strong>conciliasset.</strong></span> <span class='ocrx_word' id='word_1_289' title='bbox 1200 2119 1449 2166; x_wconf 85' lang='lat' dir='ltr'><strong>tantamque</strong></span> <span class='ocrx_word' id='word_1_290' title='bbox 1464 2115 1764 2164; x_wconf 84' lang='lat' dir='ltr'><strong>constantiam,</strong></span> <span class='ocrx_word' id='word_1_291' title='bbox 1786 2115 1984 2156; x_wconf 89' lang='lat' dir='ltr'><strong>alacrita-</strong></span> 
     </span>
     <span class='ocr_line' id='line_1_30' title="bbox 243 2184 1984 2237; baseline 0.001 -13"><span class='ocrx_word' id='word_1_292' title='bbox 243 2188 340 2232; x_wconf 84' lang='lat' dir='ltr'><strong>tem,</strong></span> <span class='ocrx_word' id='word_1_293' title='bbox 363 2184 551 2236; x_wconf 89' lang='lat' dir='ltr'><strong>patiendi</strong></span> <span class='ocrx_word' id='word_1_294' title='bbox 565 2185 764 2225; x_wconf 84' lang='lat' dir='ltr'><strong>virtutem</strong></span> <span class='ocrx_word' id='word_1_295' title='bbox 788 2185 1023 2234; x_wconf 77' lang='lat' dir='ltr'><strong>infudisset,</strong></span> <span class='ocrx_word' id='word_1_296' title='bbox 1046 2185 1126 2225; x_wconf 91' lang='lat' dir='ltr'><strong>nisi</strong></span> <span class='ocrx_word' id='word_1_297' title='bbox 1140 2185 1395 2226; x_wconf 87' lang='lat' dir='ltr'><strong>resurrectio</strong></span> <span class='ocrx_word' id='word_1_298' title='bbox 1411 2185 1542 2237; x_wconf 92' lang='lat' dir='ltr'><strong>ipsius</strong></span> <span class='ocrx_word' id='word_1_299' title='bbox 1557 2185 1795 2231; x_wconf 87' lang='lat' dir='ltr'><strong>certissima</strong></span> <span class='ocrx_word' id='word_1_300' title='bbox 1808 2184 1984 2226; x_wconf 77' lang='lat' dir='ltr'><strong>fuisset?</strong></span> 
     </span>
     <span class='ocr_line' id='line_1_31' title="bbox 243 2254 1984 2308; baseline 0.001 -14"><span class='ocrx_word' id='word_1_301' title='bbox 243 2254 288 2294; x_wconf 89' lang='lat' dir='ltr'><strong>In</strong></span> <span class='ocrx_word' id='word_1_302' title='bbox 310 2255 455 2307; x_wconf 88' lang='lat' dir='ltr'><strong>primis</strong></span> <span class='ocrx_word' id='word_1_303' title='bbox 476 2266 578 2296; x_wconf 86' lang='lat' dir='ltr'><strong>vero</strong></span> <span class='ocrx_word' id='word_1_304' title='bbox 612 2255 695 2296; x_wconf 91' lang='lat' dir='ltr'><strong>huc</strong></span> <span class='ocrx_word' id='word_1_305' title='bbox 727 2259 892 2307; x_wconf 84' lang='lat' dir='ltr'><strong>spectat</strong></span> <span class='ocrx_word' id='word_1_306' title='bbox 915 2256 1138 2296; x_wconf 90' lang='lat' dir='ltr'><strong>conversio</strong></span> <span class='ocrx_word' id='word_1_307' title='bbox 1162 2269 1190 2296; x_wconf 88' lang='lat' dir='ltr'><strong>s.</strong></span> <span class='ocrx_word' id='word_1_308' title='bbox 1216 2254 1336 2296; x_wconf 89' lang='lat' dir='ltr'><strong>Pauli</strong></span> <span class='ocrx_word' id='word_1_309' title='bbox 1358 2255 1555 2296; x_wconf 86' lang='lat' dir='ltr'><strong>acerrimi</strong></span> <span class='ocrx_word' id='word_1_310' title='bbox 1577 2255 1794 2308; x_wconf 87' lang='lat' dir='ltr'><strong>quondam</strong></span> <span class='ocrx_word' id='word_1_311' title='bbox 1817 2255 1984 2296; x_wconf 89' lang='lat' dir='ltr'><strong>christi-</strong></span> 
     </span>
     <span class='ocr_line' id='line_1_32' title="bbox 244 2325 1985 2378; baseline 0.001 -13"><span class='ocrx_word' id='word_1_312' title='bbox 244 2337 423 2366; x_wconf 89' lang='lat' dir='ltr'><strong>anorum</strong></span> <span class='ocrx_word' id='word_1_313' title='bbox 438 2326 737 2378; x_wconf 88' lang='lat' dir='ltr'><strong>persecutoris,</strong></span> <span class='ocrx_word' id='word_1_314' title='bbox 752 2326 821 2378; x_wconf 91' lang='lat' dir='ltr'><strong>qui</strong></span> <span class='ocrx_word' id='word_1_315' title='bbox 836 2327 1194 2368; x_wconf 86' lang='lat' dir='ltr'><strong>resurrectionem</strong></span> <span class='ocrx_word' id='word_1_316' title='bbox 1211 2325 1365 2368; x_wconf 88' lang='lat' dir='ltr'><strong>Christi</strong></span> <span class='ocrx_word' id='word_1_317' title='bbox 1381 2326 1543 2367; x_wconf 90' lang='lat' dir='ltr'><strong>fortiter</strong></span> <span class='ocrx_word' id='word_1_318' title='bbox 1556 2326 1828 2378; x_wconf 89' lang='lat' dir='ltr'><strong>postmodum</strong></span> <span class='ocrx_word' id='word_1_319' title='bbox 1843 2330 1985 2368; x_wconf 90' lang='lat' dir='ltr'><strong>tuetur</strong></span> 
     </span>
    </p>
   </div>
   <div class='ocr_carea' id='block_1_4' title="bbox 176 2394 1986 2450">
    <p class='ocr_par' dir='ltr' id='par_1_5' title="bbox 176 2394 1986 2450">
     <span class='ocr_line' id='line_1_33' title="bbox 176 2394 1986 2450; baseline 0 -12"><span class='ocrx_word' id='word_1_320' title='bbox 176 2409 185 2413; x_wconf 84' lang='lat'><em>·</em></span> <span class='ocrx_word' id='word_1_321' title='bbox 247 2398 268 2438; x_wconf 90' lang='lat'>1</span> <span class='ocrx_word' id='word_1_322' title='bbox 294 2394 387 2436; x_wconf 85' lang='lat' dir='ltr'><strong>Cor.</strong></span> <span class='ocrx_word' id='word_1_323' title='bbox 415 2400 478 2445; x_wconf 79' lang='lat'><strong>15,</strong></span> <span class='ocrx_word' id='word_1_324' title='bbox 503 2400 528 2440; x_wconf 81' lang='lat'><strong>3</strong></span> <span class='ocrx_word' id='word_1_325' title='bbox 561 2410 630 2446; x_wconf 74' lang='lat' dir='ltr'><strong>ss,</strong></span> <span class='ocrx_word' id='word_1_326' title='bbox 664 2397 776 2450; x_wconf 87' lang='lat' dir='ltr'><strong>quod</strong></span> <span class='ocrx_word' id='word_1_327' title='bbox 809 2397 968 2438; x_wconf 86' lang='lat' dir='ltr'><strong>factum</strong></span> <span class='ocrx_word' id='word_1_328' title='bbox 991 2398 1079 2438; x_wconf 90' lang='lat' dir='ltr'><strong>sive</strong></span> <span class='ocrx_word' id='word_1_329' title='bbox 1101 2397 1202 2438; x_wconf 91' lang='lat' dir='ltr'><strong>illud</strong></span> <span class='ocrx_word' id='word_1_330' title='bbox 1224 2397 1474 2438; x_wconf 89' lang='lat' dir='ltr'><strong>naturaliter</strong></span> <span class='ocrx_word' id='word_1_331' title='bbox 1495 2397 1583 2438; x_wconf 89' lang='lat' dir='ltr'><strong>sive</strong></span> <span class='ocrx_word' id='word_1_332' title='bbox 1606 2397 1986 2449; x_wconf 87' lang='lat' dir='ltr'><strong>supernaturaliter</strong></span> 
     </span>
    </p>
   </div>
   <div class='ocr_carea' id='block_1_5' title="bbox 244 2466 1987 3020">
    <p class='ocr_par' dir='ltr' id='par_1_6' title="bbox 245 2466 1904 2521">
     <span class='ocr_line' id='line_1_34' title="bbox 245 2466 1904 2521; baseline 0.001 -14"><span class='ocrx_word' id='word_1_333' title='bbox 245 2466 440 2519; x_wconf 74' lang='lat' dir='ltr'><strong>explices,</strong></span> <span class='ocrx_word' id='word_1_334' title='bbox 463 2468 666 2508; x_wconf 88' lang='lat' dir='ltr'><strong>invictum</strong></span> <span class='ocrx_word' id='word_1_335' title='bbox 690 2473 753 2509; x_wconf 89' lang='lat' dir='ltr'><strong>est</strong></span> <span class='ocrx_word' id='word_1_336' title='bbox 775 2481 852 2521; x_wconf 89' lang='lat' dir='ltr'><strong>pro</strong></span> <span class='ocrx_word' id='word_1_337' title='bbox 876 2469 1054 2509; x_wconf 86' lang='lat' dir='ltr'><strong>veritate</strong></span> <span class='ocrx_word' id='word_1_338' title='bbox 1076 2468 1399 2509; x_wconf 87' lang='lat' dir='ltr'><strong>resurrectionis</strong></span> <span class='ocrx_word' id='word_1_339' title='bbox 1421 2466 1574 2509; x_wconf 86' lang='lat' dir='ltr'><strong>Christi</strong></span> <span class='ocrx_word' id='word_1_340' title='bbox 1597 2471 1904 2520; x_wconf 84' lang='lat' dir='ltr'><strong>argumentum.</strong></span> 
     </span>
    </p>

    <p class='ocr_par' dir='ltr' id='par_1_7' title="bbox 244 2538 1987 3020">
     <span class='ocr_line' id='line_1_35' title="bbox 362 2538 1985 2592; baseline -0.001 -13"><span class='ocrx_word' id='word_1_341' title='bbox 362 2538 405 2581; x_wconf 76' lang='lat'><strong>4.</strong></span> <span class='ocrx_word' id='word_1_342' title='bbox 430 2538 620 2579; x_wconf 88' lang='lat' dir='ltr'><strong>Tandem</strong></span> <span class='ocrx_word' id='word_1_343' title='bbox 652 2551 938 2591; x_wconf 84' lang='lat' dir='ltr'><strong>provocamus</strong></span> <span class='ocrx_word' id='word_1_344' title='bbox 972 2539 1026 2580; x_wconf 92' lang='lat' dir='ltr'><strong>ad</strong></span> <span class='ocrx_word' id='word_1_345' title='bbox 1058 2539 1275 2589; x_wconf 88' lang='lat' dir='ltr'><strong>miracula,</strong></span> <span class='ocrx_word' id='word_1_346' title='bbox 1307 2550 1416 2592; x_wconf 90' lang='lat' dir='ltr'><strong>quae</strong></span> <span class='ocrx_word' id='word_1_347' title='bbox 1439 2539 1528 2580; x_wconf 88' lang='lat' dir='ltr'><strong>sive</strong></span> <span class='ocrx_word' id='word_1_348' title='bbox 1551 2538 1733 2591; x_wconf 88' lang='lat' dir='ltr'><strong>apostoli</strong></span> <span class='ocrx_word' id='word_1_349' title='bbox 1753 2539 1842 2580; x_wconf 89' lang='lat' dir='ltr'><strong>sive</strong></span> <span class='ocrx_word' id='word_1_350' title='bbox 1864 2538 1985 2580; x_wconf 90' lang='lat' dir='ltr'><strong>disci-</strong></span> 
     </span>
     <span class='ocr_line' id='line_1_36' title="bbox 244 2609 1987 2662; baseline 0 -12"><span class='ocrx_word' id='word_1_351' title='bbox 244 2610 330 2662; x_wconf 89' lang='lat' dir='ltr'><strong>puli</strong></span> <span class='ocrx_word' id='word_1_352' title='bbox 360 2621 436 2662; x_wconf 92' lang='lat' dir='ltr'><strong>per</strong></span> <span class='ocrx_word' id='word_1_353' title='bbox 467 2610 592 2650; x_wconf 88' lang='lat' dir='ltr'><strong>fidem</strong></span> <span class='ocrx_word' id='word_1_354' title='bbox 615 2609 769 2651; x_wconf 89' lang='lat' dir='ltr'><strong>Christi</strong></span> <span class='ocrx_word' id='word_1_355' title='bbox 801 2623 826 2651; x_wconf 92' lang='lat' dir='ltr'><strong>a</strong></span> <span class='ocrx_word' id='word_1_356' title='bbox 858 2612 1036 2652; x_wconf 89' lang='lat' dir='ltr'><strong>mortuis</strong></span> <span class='ocrx_word' id='word_1_357' title='bbox 1070 2610 1310 2651; x_wconf 89' lang='lat' dir='ltr'><strong>resuscitati</strong></span> <span class='ocrx_word' id='word_1_358' title='bbox 1332 2614 1566 2662; x_wconf 88' lang='lat' dir='ltr'><strong>patrarunt,</strong></span> <span class='ocrx_word' id='word_1_359' title='bbox 1598 2609 1706 2651; x_wconf 90' lang='lat' dir='ltr'><strong>adeo</strong></span> <span class='ocrx_word' id='word_1_360' title='bbox 1729 2609 1910 2662; x_wconf 88' lang='lat' dir='ltr'><strong>publica,</strong></span> <span class='ocrx_word' id='word_1_361' title='bbox 1940 2614 1987 2650; x_wconf 89' lang='lat' dir='ltr'><strong>ut</strong></span> 
     </span>
     <span class='ocr_line' id='line_1_37' title="bbox 246 2679 1984 2733; baseline -0.001 -12"><span class='ocrx_word' id='word_1_362' title='bbox 246 2681 457 2733; x_wconf 87' lang='lat' dir='ltr'><strong>principes</strong></span> <span class='ocrx_word' id='word_1_363' title='bbox 475 2680 729 2733; x_wconf 83' lang='lat' dir='ltr'><strong>judaeorum</strong></span> <span class='ocrx_word' id='word_1_364' title='bbox 753 2686 795 2722; x_wconf 90' lang='lat' dir='ltr'><strong>et</strong></span> <span class='ocrx_word' id='word_1_365' title='bbox 817 2683 1007 2723; x_wconf 87' lang='lat' dir='ltr'><strong>seniores</strong></span> <span class='ocrx_word' id='word_1_366' title='bbox 1031 2686 1073 2723; x_wconf 88' lang='lat' dir='ltr'><strong>et</strong></span> <span class='ocrx_word' id='word_1_367' title='bbox 1095 2681 1261 2723; x_wconf 87' lang='lat' dir='ltr'><strong>scribae</strong></span> <span class='ocrx_word' id='word_1_368' title='bbox 1284 2680 1539 2722; x_wconf 89' lang='lat' dir='ltr'><strong>contulerint</strong></span> <span class='ocrx_word' id='word_1_369' title='bbox 1561 2679 1616 2720; x_wconf 91' lang='lat' dir='ltr'><strong>ad</strong></span> <span class='ocrx_word' id='word_1_370' title='bbox 1637 2680 1818 2720; x_wconf 88' lang='lat' dir='ltr'><strong>invicem</strong></span> <span class='ocrx_word' id='word_1_371' title='bbox 1840 2679 1984 2720; x_wconf 88' lang='lat' dir='ltr'><strong>dicen-</strong></span> 
     </span>
     <span class='ocr_line' id='line_1_38' title="bbox 246 2750 1985 2809; baseline -0.001 -17"><span class='ocrx_word' id='word_1_372' title='bbox 246 2756 330 2792; x_wconf 86' lang='lat' dir='ltr'><strong>tes:</strong></span> <span class='ocrx_word' id='word_1_373' title='bbox 365 2750 474 2801; x_wconf 69' lang='lat' dir='ltr'><strong>Quid</strong></span> <span class='ocrx_word' id='word_1_374' title='bbox 504 2751 705 2804; x_wconf 74' lang='lat' dir='ltr'><strong>faciemus</strong></span> <span class='ocrx_word' id='word_1_375' title='bbox 736 2753 966 2794; x_wconf 73' lang='lat' dir='ltr'><strong>hominibus</strong></span> <span class='ocrx_word' id='word_1_376' title='bbox 1000 2754 1090 2793; x_wconf 74' lang='lat' dir='ltr'><strong>istis</strong></span> <span class='ocrx_word' id='word_1_377' title='bbox 1121 2752 1392 2809; x_wconf 83' lang='lat' dir='ltr'><strong>(apostolis)‘?</strong></span> <span class='ocrx_word' id='word_1_378' title='bbox 1423 2752 1618 2807; x_wconf 77' lang='lat' dir='ltr'><strong>quoniam</strong></span> <span class='ocrx_word' id='word_1_379' title='bbox 1650 2751 1813 2806; x_wconf 75' lang='lat' dir='ltr'><strong>quidem</strong></span> <span class='ocrx_word' id='word_1_380' title='bbox 1843 2754 1985 2790; x_wconf 75' lang='lat' dir='ltr'><strong>notum</strong></span> 
     </span>
     <span class='ocr_line' id='line_1_39' title="bbox 247 2812 1986 2876; baseline -0.001 -15"><span class='ocrx_word' id='word_1_381' title='bbox 247 2823 410 2876; x_wconf 68' lang='lat' dir='ltr'><strong>siquam</strong></span> <span class='ocrx_word' id='word_1_382' title='bbox 438 2822 599 2874; x_wconf 78' lang='lat' dir='ltr'><strong>factum</strong></span> <span class='ocrx_word' id='word_1_383' title='bbox 631 2827 688 2863; x_wconf 78' lang='lat' dir='ltr'><strong>est</strong></span> <span class='ocrx_word' id='word_1_384' title='bbox 713 2837 791 2876; x_wconf 72' lang='lat' dir='ltr'><strong>per</strong></span> <span class='ocrx_word' id='word_1_385' title='bbox 822 2837 887 2864; x_wconf 80' lang='lat' dir='ltr'><strong>eos</strong></span> <span class='ocrx_word' id='word_1_386' title='bbox 910 2823 1097 2865; x_wconf 77' lang='lat' dir='ltr'><strong>omnibus</strong></span> <span class='ocrx_word' id='word_1_387' title='bbox 1119 2812 1405 2865; x_wconf 72' lang='lat' dir='ltr'><strong>habitantibus</strong></span> <span class='ocrx_word' id='word_1_388' title='bbox 1428 2822 1686 2864; x_wconf 71' lang='lat' dir='ltr'><strong>Jerusalem:</strong></span> <span class='ocrx_word' id='word_1_389' title='bbox 1716 2821 1986 2875; x_wconf 78' lang='lat' dir='ltr'><strong>manifestum</strong></span> 
     </span>
     <span class='ocr_line' id='line_1_40' title="bbox 246 2892 1986 2949; baseline -0.001 -16"><span class='ocrx_word' id='word_1_390' title='bbox 246 2897 304 2934; x_wconf 76' lang='lat' dir='ltr'><strong>est</strong></span> <span class='ocrx_word' id='word_1_391' title='bbox 325 2897 362 2933; x_wconf 78' lang='lat' dir='ltr'><strong>et</strong></span> <span class='ocrx_word' id='word_1_392' title='bbox 385 2906 467 2934; x_wconf 79' lang='lat' dir='ltr'><strong>non</strong></span> <span class='ocrx_word' id='word_1_393' title='bbox 483 2906 706 2947; x_wconf 75' lang='lat' dir='ltr'><strong>possumus</strong></span> <span class='ocrx_word' id='word_1_394' title='bbox 729 2907 890 2949; x_wconf 66' lang='lat' dir='ltr'><strong>neqccoe.</strong></span> <span class='ocrx_word' id='word_1_395' title='bbox 914 2894 995 2935; x_wconf 70' lang='lat' dir='ltr'><strong>Sed</strong></span> <span class='ocrx_word' id='word_1_396' title='bbox 1016 2908 1065 2934; x_wconf 74' lang='lat' dir='ltr'><strong>ne</strong></span> <span class='ocrx_word' id='word_1_397' title='bbox 1088 2895 1269 2948; x_wconf 75' lang='lat' dir='ltr'><strong>amplius</strong></span> <span class='ocrx_word' id='word_1_398' title='bbox 1281 2893 1515 2948; x_wconf 70' lang='lat' dir='ltr'><strong>divulqetm·</strong></span> <span class='ocrx_word' id='word_1_399' title='bbox 1530 2894 1572 2934; x_wconf 50' lang='lat' dir='ltr'><strong>‘in</strong></span> <span class='ocrx_word' id='word_1_400' title='bbox 1582 2893 1800 2947; x_wconf 72' lang='lat' dir='ltr'><strong>populum,</strong></span> <span class='ocrx_word' id='word_1_401' title='bbox 1822 2892 1986 2932; x_wconf 80' lang='lat' dir='ltr'><strong>commi-</strong></span> 
     </span>
     <span class='ocr_line' id='line_1_41' title="bbox 249 2961 1985 3020; baseline -0.001 -16"><span class='ocrx_word' id='word_1_402' title='bbox 249 2977 396 3004; x_wconf 75' lang='lat' dir='ltr'><strong>nemur</strong></span> <span class='ocrx_word' id='word_1_403' title='bbox 418 2965 487 3018; x_wconf 69' lang='lat' dir='ltr'><strong>eis,</strong></span> <span class='ocrx_word' id='word_1_404' title='bbox 509 2977 559 3005; x_wconf 75' lang='lat' dir='ltr'><strong>ne</strong></span> <span class='ocrx_word' id='word_1_405' title='bbox 573 2963 686 3004; x_wconf 75' lang='lat' dir='ltr'><strong>ultra</strong></span> <span class='ocrx_word' id='word_1_406' title='bbox 701 2963 926 3019; x_wconf 74' lang='lat' dir='ltr'><strong>loquantur</strong></span> <span class='ocrx_word' id='word_1_407' title='bbox 941 2965 981 3004; x_wconf 74' lang='lat' dir='ltr'><strong>in</strong></span> <span class='ocrx_word' id='word_1_408' title='bbox 998 2965 1159 3005; x_wconf 74' lang='lat' dir='ltr'><strong>nomine</strong></span> <span class='ocrx_word' id='word_1_409' title='bbox 1173 2965 1246 3006; x_wconf 78' lang='lat' dir='ltr'><strong>hoc</strong></span> <span class='ocrx_word' id='word_1_410' title='bbox 1261 2963 1394 3020; x_wconf 84' lang='lat' dir='ltr'><strong>(Jesu)</strong></span> <span class='ocrx_word' id='word_1_411' title='bbox 1410 2962 1483 3004; x_wconf 71' lang='lat' dir='ltr'><em>ulli</em></span> <span class='ocrx_word' id='word_1_412' title='bbox 1496 2963 1707 3004; x_wconf 72' lang='lat' dir='ltr'><strong>homiuum</strong></span> <span class='ocrx_word' id='word_1_413' title='bbox 1721 2961 1829 3019; x_wconf 82' lang='lat' dir='ltr'><strong>(Act.</strong></span> <span class='ocrx_word' id='word_1_414' title='bbox 1843 2965 1884 3012; x_wconf 82' lang='lat'><strong>4,</strong></span> <span class='ocrx_word' id='word_1_415' title='bbox 1902 2964 1985 3016; x_wconf 89' lang='lat'>16).</span> 
     </span>
    </p>
   </div>
   <div class='ocr_carea' id='block_1_6' title="bbox 247 3036 1987 3144">
    <p class='ocr_par' dir='ltr' id='par_1_8' title="bbox 247 3036 1987 3144">
     <span class='ocr_line' id='line_1_42' title="bbox 364 3036 1987 3088; baseline 0.001 -13"><span class='ocrx_word' id='word_1_416' title='bbox 364 3038 426 3075; x_wconf 90' lang='lat' dir='ltr'><strong>Ad</strong></span> <span class='ocrx_word' id='word_1_417' title='bbox 447 3050 530 3075; x_wconf 90' lang='lat' dir='ltr'><strong>rem</strong></span> <span class='ocrx_word' id='word_1_418' title='bbox 551 3038 881 3087; x_wconf 79' lang='lat' dir='ltr'><strong>Augustinus</strong></span> <span class='ocrx_word' id='word_1_419' title='bbox 905 3038 973 3087; x_wconf 89' lang='lat' dir='ltr'><strong>qui</strong></span> <span class='ocrx_word' id='word_1_420' title='bbox 995 3038 1042 3075; x_wconf 89' lang='lat' dir='ltr'><strong>de</strong></span> <span class='ocrx_word' id='word_1_421' title='bbox 1063 3038 1135 3075; x_wconf 85' lang='lat' dir='ltr'><strong>hoc</strong></span> <span class='ocrx_word' id='word_1_422' title='bbox 1157 3039 1390 3088; x_wconf 82' lang='lat' dir='ltr'><strong>argumento</strong></span> <span class='ocrx_word' id='word_1_423' title='bbox 1412 3037 1609 3086; x_wconf 86' lang='lat' dir='ltr'><strong>praeclare</strong></span> <span class='ocrx_word' id='word_1_424' title='bbox 1631 3036 1821 3086; x_wconf 88' lang='lat' dir='ltr'><strong>disputat,</strong></span> <span class='ocrx_word' id='word_1_425' title='bbox 1845 3036 1892 3074; x_wconf 93' lang='lat' dir='ltr'><strong>de</strong></span> <span class='ocrx_word' id='word_1_426' title='bbox 1914 3036 1987 3076; x_wconf 87' lang='lat' dir='ltr'><strong>civ.</strong></span> 
     </span>
     <span class='ocr_line' id='line_1_43' title="bbox 247 3095 1984 3144; baseline -0.001 -10"><span class='ocrx_word' id='word_1_427' title='bbox 247 3097 319 3134; x_wconf 87' lang='lat' dir='ltr'><strong>Dei</strong></span> <span class='ocrx_word' id='word_1_428' title='bbox 339 3096 459 3143; x_wconf 88' lang='lat' dir='ltr'><strong>XXII,</strong></span> <span class='ocrx_word' id='word_1_429' title='bbox 485 3104 530 3137; x_wconf 86' lang='lat'><strong>5:</strong></span> <span class='ocrx_word' id='word_1_430' title='bbox 565 3097 840 3142; x_wconf 67' lang='lat' dir='ltr'><strong>„Resurrectio</strong></span> <span class='ocrx_word' id='word_1_431' title='bbox 863 3099 965 3135; x_wconf 89' lang='lat' dir='ltr'><strong>certe</strong></span> <span class='ocrx_word' id='word_1_432' title='bbox 988 3097 1133 3134; x_wconf 87' lang='lat' dir='ltr'><strong>Christi</strong></span> <span class='ocrx_word' id='word_1_433' title='bbox 1156 3099 1195 3134; x_wconf 92' lang='lat' dir='ltr'><strong>et</strong></span> <span class='ocrx_word' id='word_1_434' title='bbox 1220 3097 1265 3134; x_wconf 89' lang='lat' dir='ltr'><strong>in</strong></span> <span class='ocrx_word' id='word_1_435' title='bbox 1287 3097 1437 3134; x_wconf 87' lang='lat' dir='ltr'><strong>coelum</strong></span> <span class='ocrx_word' id='word_1_436' title='bbox 1469 3108 1558 3134; x_wconf 85' lang='lat' dir='ltr'><strong>cum</strong></span> <span class='ocrx_word' id='word_1_437' title='bbox 1590 3107 1714 3142; x_wconf 83' lang='lat' dir='ltr'><strong>carne,</strong></span> <span class='ocrx_word' id='word_1_438' title='bbox 1745 3095 1788 3132; x_wconf 84' lang='lat' dir='ltr'><strong>in</strong></span> <span class='ocrx_word' id='word_1_439' title='bbox 1817 3108 1894 3144; x_wconf 82' lang='lat' dir='ltr'><strong>qua.</strong></span> <span class='ocrx_word' id='word_1_440' title='bbox 1923 3107 1984 3132; x_wconf 82' lang='lat' dir='ltr'><strong>re-</strong></span> 
     </span>
    </p>
   </div>
  </div>
 </body>
</html>
