2175 3382
531 87 658 121 'rhesis
677 87 738 122 VI.
758 88 934 122 Mil-acula
953 92 989 122 et
1008 89 1181 122 vaticinia
1201 91 1344 124 critena
1372 92 1618 126 revelationis.
1888 98 1941 139 31

211 207 298 248 Deo
321 211 563 260 competere
586 207 651 247 vel
683 207 775 259 ipsa
796 218 902 247 sana
923 208 1032 247 ratio
1057 207 1192 256 docet,
1223 213 1402 249 testatur
1424 210 1675 261 populorum
1698 222 1943 260 consensus,

212 280 282 331 qui
305 291 350 320 se
373 279 645 319 oraculorum
668 277 978 318 consultatione
1001 278 1194 330 prodidit.

329 377 396 427 23.
419 374 586 417 ThesiS
609 373 692 416 VI·
721 387 960 421 stIiracula
979 390 1021 421 et
1038 389 1265 422 vaticinia
1287 393 1392 423 sunt
1413 390 1710 424 fvt-elationis
1737 393 1944 433 orirer-ia,

212 457 357 490 eaque
382 448 424 481 si
449 456 545 481 non
569 455 752 488 semper
776 447 1069 487 εἱηῃὶιιαιίηι,
1095 456 1231 486 saepe
1257 450 1429 488 tamen,
1449 452 1725 490 praesertim
1743 452 1782 483 so·
1799 451 1943 492 plura

212 508 509 547 concurrunt,
540 508 639 539 tuto
672 506 730 538 ab
766 504 997 545 effectibus
1021 514 1147 539 mere
1182 506 1482 540 natm-almus
1504 511 1698 549 possunt
1724 510 1943 550 ‹liano-sci.

329 581 692 624 Demonstratio
715 593 759 634 p.
781 580 820 623 Ι.
862 578 1065 619 Miracula
1097 585 1137 620 et
1169 580 1367 620 vaticinia
1399 585 1551 621 eventu
1583 582 1805 633 completa,
1837 584 1871 623 si
1902 583 1943 623 in

212 651 387 704 alicujus
419 651 638 692 doctrinae
662 649 1029 691 confirmationem
1053 650 1246 700 eduntur,
1278 651 1445 692 criteria
1469 663 1561 692 esse
1584 664 1657 692 seu
1681 653 1853 705 sigilli
1874 666 1943 694 ra-

210 723 368 763 tionem
391 722 563 771 habere,
586 734 668 774 quo
693 722 834 762 divina
856 721 964 762 illius
988 722 1120 773 origio
1144 726 1186 762 et
1206 722 1362 762 veritas
1385 723 1697 774 comprobetur,
1720 724 1778 764 ita

332 807 372 848 1.
397 803 791 857 evinciturtNequit
804 804 916 845 Deus
939 805 1182 846 testimonio
1205 818 1282 846 suo
1307 806 1543 846 doctrinam
1560 806 1811 847 confirmare
1826 819 1944 848 men-

211 876 372 917 dacem.
414 876 542 928 Atqui
573 876 608 916 si
638 876 728 928 ipse
760 875 814 916 ad
844 876 1159 917 invocationem
1189 876 1308 925 illius,
1342 877 1412 929 qui
1434 876 1670 918 doctrinam
1695 878 1945 919 mendacem

210 953 428 1000 tamquam
460 947 648 987 divinam
679 947 888 999 proponit.
919 951 1110 999 patraret
1141 947 1390 988 miraculum
1421 949 1445 990 i.
1471 960 1504 988 e.
1537 948 1743 996 effectum,
1774 949 1844 1000 qui
1876 961 1945 989 or-

213 1018 352 1058 dinem
376 1030 402 1058 a
423 1029 469 1058 se
493 1018 768 1058 constitutum
792 1018 967 1066 excedit,
999 1018 1180 1071 ideoque
1203 1018 1256 1058 ab
1279 1019 1371 1069 ipso
1395 1019 1486 1059 solo
1510 1024 1650 1071 potest
1671 1019 1857 1071 produci,
1881 1019 1946 1060 vel

210 1088 395 1130 futurum
425 1088 606 1129 liberum
627 1088 910 1140 praediceret:
946 1101 996 1130 eo
1019 1089 1110 1141 ipso
1135 1094 1407 1130 concurreret
1430 1101 1558 1142 opere
1581 1090 1705 1141 plane
1728 1089 1869 1130 divino
1892 1090 1946 1130 ad

211 1158 548 1200 confirmandum
580 1159 861 1202 mendacium.
904 1159 1012 1211 Ergo
1044 1161 1079 1201 si
1111 1173 1195 1213 qua
1218 1160 1411 1201 doctrina
1435 1160 1637 1201 miraculo
1661 1160 1945 1209 confirmatur,

211 1230 463 1271 miraculum
495 1230 658 1271 censeri
693 1230 820 1271 debet
842 1231 1131 1272 testimonium
1153 1232 1283 1283 ipsius
1306 1231 1380 1272 Dei
1402 1243 1478 1283 pro
1502 1231 1610 1271 illius
1633 1231 1852 1272 doctrinae
1873 1243 1945 1272 ve-

210 1302 354 1342 ritate:
386 1302 494 1343 sicut
528 1302 707 1354 sigillum
730 1302 950 1355 diplomati
971 1304 1087 1355 regio
1111 1303 1353 1355 appositum
1375 1303 1474 1343 huic
1497 1303 1693 1344 conciliat
1717 1304 1944 1344 auctorita-

209 1377 295 1413 tem
325 1373 570 1425 regiamque
601 1372 843 1414 manifestat
880 1374 1097 1425 originem.
1139 1373 1203 1414 Ad
1225 1386 1314 1414 rem
1340 1387 1370 1414 s.
1394 1373 1502 1414 Tho
1518 1386 1627 1414 mas
1651 1378 1676 1417 3
1699 1386 1735 1426 q.
1759 1377 1814 1418 43
1838 1386 1874 1414 a.
1902 1378 1946 1417 1:

217 1442 348 1493 „Quia
369 1455 432 1492 ea,
459 1456 568 1496 quae
590 1449 688 1484 sunt
709 1444 806 1485 fidei
827 1444 1061 1485 humanam
1083 1446 1292 1485 rationem
1317 1444 1537 1493 excedunt,
1564 1456 1650 1484 non
1673 1450 1851 1496 possunt
1872 1456 1946 1497 per

210 1514 399 1555 rationes
420 1515 631 1555 humanas
653 1515 845 1567 probari:
870 1515 944 1556 sed
967 1520 1146 1568 oportet,
1169 1515 1282 1568 quod
1306 1515 1538 1568 probentur
1559 1527 1634 1567 per
1648 1520 1943 1567 argumentum

212 1585 380 1626 divinae
394 1586 571 1635 virtutis,
592 1592 638 1626 ut
661 1586 760 1626 dum
784 1587 933 1639 aliquis
956 1586 1057 1627 facit
1079 1599 1220 1639 opera,
1244 1599 1353 1639 quae
1374 1587 1489 1627 solus
1503 1586 1614 1627 Deus
1636 1585 1775 1627 fac-ere
1795 1591 1945 1638 potest.v

211 1656 439 1697 credantur
470 1669 533 1705 ea,
565 1669 674 1709 quae
702 1657 898 1698 dicuntur
921 1669 1014 1698 esse
1038 1670 1063 1698 a
1084 1657 1194 1698 Deo:
1226 1658 1333 1698 sicut
1356 1670 1452 1698 cum
1476 1657 1625 1710 aliquis
1648 1656 1781 1698 defert
1802 1657 1945 1698 literas

211 1727 367 1768 annulo
399 1728 509 1780 regis
539 1728 739 1779 signatas,
769 1727 953 1768 creditur
984 1740 1036 1771 ex
1057 1728 1275 1769 voluntate
1306 1728 1415 1779 regis
1449 1728 1708 1780 processisse
1731 1728 1843 1780 quod
1865 1727 1942 1768 illis

211 1799 484 1841 continetur.“
534 1796 592 1839 Cf.
615 1803 764 1838 contra
788 1802 932 1849 gentes
954 1797 1016 1848 ΙΙΙ,
1039 1802 1105 1842 99.
1147 1797 1291 1851 quue
1314 1799 1447 1850 magis

327 1882 370 1924 2.
395 1881 508 1934 quod
540 1881 736 1922 homines
769 1882 985 1922 communi
1016 1893 1144 1922 sensu
1179 1881 1430 1922 miraculum
1453 1894 1529 1933 pro
1553 1881 1628 1922 Dei
1650 1881 1808 1922 habent
1830 1881 1942 1921 testi-

210 1951 366 1993 monio.
409 1951 516 1992 Hinc
542 1951 687 2004 judaei
718 1952 772 1992 ad
796 1951 1008 1992 Christum
1031 1947 1226 1993 dixerunt
1246 1952 1309 1996 Jo.
1332 1957 1371 2002 6,
1394 1957 1469 1997 30:
1515 1953 1633 2004 Quod
1654 1965 1748 2006 erqo
1771 1956 1813 1992 tu
1835 1952 1943 2005 facis

209 2023 385 2077 siqnum,
407 2027 452 2063 ut
474 2023 685 2063 videamus
707 2027 743 2063 et
765 2024 982 2063 credamus
1004 2007 1110 2064 tibi?
1150 2023 1239 2064 Hoc
1261 2023 1373 2064 idem
1396 2023 1602 2075 colligitur

328 2105 368 2149 3.
392 2118 443 2146 ex
474 2107 567 2158 ipsa
598 2106 750 2157 agendi
780 2107 946 2147 ratione
973 2106 1327 2148 adversariorum.
1369 2106 1467 2147 Ideo
1492 2107 1604 2146 enim
1627 2106 1831 2146 miracula
1853 2104 1942 2146 fieri

209 2188 296 2216 non
309 2188 436 2227 posse
451 2177 559 2219 adeo
574 2184 735 2231 urgent,
751 2179 851 2231 quia
865 2179 1135 2231 perspiciunt,
1149 2179 1463 2226 miraculorum,
1485 2190 1594 2231 quae
1609 2178 1662 2219 ad
1677 2177 1942 2230 probandam

211 2247 424 2299 religionis
455 2249 712 2290 christianae
745 2250 949 2301 originem
983 2250 1166 2290 divinam
1192 2250 1344 2290 adduci
1365 2250 1515 2298 solent,
1547 2249 1791 2290 exsistentia
1813 2247 1942 2288 semel

210 2329 428 2368 concessa,
449 2332 537 2360 non
558 2332 684 2372 posse
707 2320 896 2373 ejusdem
920 2321 1124 2373 originem
1147 2321 1333 2361 divinam
1355 2322 1510 2373 negari.

329 2403 396 2444 24.
418 2402 697 2447 Declaratio
721 2417 767 2458 p.
791 2404 855 2447 II.
890 2403 1062 2456 Majoris
1094 2404 1298 2444 momenti
1330 2409 1394 2445 est
1426 2404 1559 2444 altera
1590 2416 1700 2456 pars.
1743 2402 1837 2443 Non
1869 2402 1941 2443 de-

209 2465 334 2512 erunt
354 2472 473 2521 forte,
510 2474 580 2526 qui
602 2475 853 2524 concedant,
875 2475 1081 2515 miracula
1104 2487 1197 2516 esse
1220 2480 1262 2516 et
1283 2474 1501 2527 possibilia
1523 2479 1565 2515 et
1586 2474 1856 2515 revelationis
1879 2473 1940 2513 di-

209 2543 334 2584 vinae
356 2541 546 2586 criteria:
570 2545 644 2586 sed
668 2546 939 2594 contendant,
961 2558 1179 2599 nunquam
1201 2559 1281 2587 nos
1302 2558 1427 2598 posse
1450 2549 1566 2586 tuto
1590 2545 1845 2597 distinguere
1867 2555 1939 2584 ve-

209 2625 305 2654 rum
335 2615 586 2656 miraculum
621 2616 675 2657 ab
698 2616 848 2658 effectu
870 2629 986 2658 mere
1008 2617 1202 2665 naturali,
1233 2617 1413 2669 ideoque
1436 2629 1652 2668 nunquam
1676 2628 1754 2656 nos
1776 2619 1864 2655 tuto
1889 2626 1937 2654 ex

209 2684 424 2726 miraculis
456 2686 704 2738 dignoscere
735 2699 861 2739 posse
893 2687 1131 2728 doctrinam
1162 2687 1406 2730 revelatam.
1449 2686 1595 2739 Neque
1617 2686 1717 2738 ipsis
1740 2685 1794 2725 ad
1816 2697 1937 2725 suum

211 2760 419 2796 assertum
441 2757 707 2798 suadendum
733 2759 841 2799 ratio
864 2758 1029 2799 videtur
1055 2758 1214 2799 deesse.
1256 2758 1503 2798 Miraculum
1527 2758 1638 2798 enim
1663 2768 1712 2797 ex
1736 2756 1855 2796 dictis
1879 2756 1937 2794 el'-

209 2825 342 2866 fectus
365 2831 441 2881 est,
474 2828 545 2880 qui
567 2832 609 2869 et
629 2833 808 2870 naturae
830 2829 941 2869 vires
964 2829 1130 2870 excedit
1151 2833 1278 2881 atque
1300 2833 1469 2880 praeter
1491 2832 1716 2868 consuetas
1738 2825 1937 2876 contingit

209 2895 334 2948 leges.
378 2897 505 2951 Atqui
527 2903 573 2939 ut
593 2900 805 2951 possimus
828 2911 1085 2951 cognoscere
1108 2899 1314 2949 effectum,
1347 2899 1418 2951 qui
1440 2904 1618 2938 naturae
1641 2898 1749 2937 vires
1773 2895 1932 2936 excedit

211 2967 365 3020 quique
386 2974 556 3020 praeter
587 2975 838 3011 consuetum
859 2975 1039 3011 naturae
1062 2970 1254 3011 ordinem
1278 2970 1490 3021 contingit,
1525 2979 1648 3008 nosse
1672 2966 1872 3006 debemus
1895 2970 1935 3005 et

209 3049 396 3079 omnes
417 3044 597 3082 naturae
617 3041 729 3082 vires
752 3047 793 3082 et
814 3053 963 3082 omnes
987 3041 1176 3093 ejusdem
1198 3041 1321 3092 leges,
1349 3039 1461 3092 quod
1484 3038 1583 3079 nulli
1606 3037 1844 3077 mortalium
1872 3040 1934 3076 est
