2175 3382
683 102 943 147 propagandae
961 102 1152 146 religionis
1172 103 1404 137 christianae.
1826 107 1908 150 129

178 226 342 264 sterium
372 225 567 263 Ecclesiae
598 224 869 261 authenticum
900 236 1102 270 nunquam
1134 223 1357 280 interrupta
1388 227 1592 272 pastorum
1621 225 1722 262 serie
1749 238 1818 275 per
1847 228 1910 264 tot

179 285 310 323 secula
329 288 410 321 tam
431 283 710 328 venerandum,
733 283 895 332 ejusque
916 283 997 319 1000
1013 282 1266 319 substituunt
1280 283 1550 331 magisterium
1566 285 1680 332 plane
1693 285 1909 322 humanum

179 344 284 382 omni
306 343 490 380 missione
512 340 604 393 (nisi
625 342 724 379 forte
747 338 923 393 politica)
948 341 1196 385 destitutum,
1229 341 1342 388 cujus
1366 342 1583 390 subjectum
1609 346 1700 380 sunt
1724 356 1910 393 persaepe

179 403 279 447 laici,
302 401 558 451 magistratus
591 400 740 449 politici
776 400 849 437 fide
882 399 1076 436 destituti.
1120 400 1323 436 Praeterea
1355 404 1597 449 supponunt,
1631 401 1804 439 doctores
1835 402 1910 440 sibi

179 461 334 499 relictos
357 460 485 498 omnia
507 472 605 508 quae
628 459 674 496 ad
697 458 812 495 fidem
845 460 1032 507 spectant,
1067 458 1213 505 absque
1246 471 1374 496 errore
1396 459 1591 496 invenisse
1614 460 1654 496 in
1676 461 1806 509 eisque
1829 473 1911 499 esse

181 520 399 565 concordes,
423 531 524 568 quae
545 518 679 568 gratis,
704 518 794 563 imo,
818 519 919 554 teste
941 517 1188 565 experientia,
1213 517 1310 554 falso
1334 520 1621 565 supponuntur.

302 604 395 644 117.
428 600 631 650 Quartum
672 598 786 638 haud
818 597 1017 638 dissimile
1056 602 1344 652 arquwzentum
1375 597 1511 649 colligi
1543 602 1682 649 potest
1713 610 1771 639 ex
1803 599 1913 639 uni-

182 677 294 713 tate
316 671 470 719 fidei,
494 683 578 723 qua
600 670 783 710 maxime
807 669 1012 710 excellere
1035 668 1160 709 debet
1182 672 1328 709 coetus
1351 668 1547 709 fidelium.
1569 667 1683 709 Haec
1698 669 1809 709 enim
1824 670 1912 709 sine

182 742 425 794 magisterio
448 742 544 782 vivo
577 740 758 782 obtineri
789 740 944 792 nequit.
987 738 1109 789 Quod
1141 739 1248 779 sicut
1265 739 1355 790 Jam
1379 751 1430 779 ex
1452 739 1572 779 dictis
1595 743 1721 791 patet,
1753 739 1810 779 ita
1833 739 1915 780 alia

183 825 351 867 quoque
382 813 546 853 ratione
579 810 866 852 confirmatur.
911 812 949 853 A
972 810 1103 862 priori
1137 810 1261 857 enim,
1298 809 1576 850 consideratis
1599 809 1816 851 hominum
1839 822 1915 850 na-

183 889 278 925 tura
310 883 630 940 intellectusque
660 882 838 922 humani
870 881 1087 932 angustiis,
1118 880 1250 921 multo
1283 892 1383 921 vero
1416 880 1549 932 magis
1580 880 1776 932 expensis
1802 880 1916 921 hisce

184 954 338 997 Christi
360 953 736 1007 apostolorumque
759 951 1140 1005 praedictionibus:
1170 952 1347 1004 Surqent
1364 951 1668 1005 pseudochristi
1690 955 1726 990 et
1742 951 1916 1004 pseudo-

178 1025 406 1080 prophetae
427 1024 572 1066 Matth.
596 1027 664 1072 24,
697 1026 773 1071 24;
800 1026 864 1072 18,
889 1026 934 1070 ’ῖς
973 1022 1138 1076 Oportet
1169 1026 1205 1061 et
1235 1022 1420 1062 haereses
1452 1035 1546 1075 esse,
1579 1025 1621 1061 ut
1652 1022 1722 1076 qui
1747 1021 1918 1075 probati
1954 1003 1956 1006 Ι

184 1100 292 1145 sunt,
315 1096 524 1149 manifesti
543 1095 649 1148 fiant
672 1096 715 1134 in
736 1094 848 1134 vobis
875 1097 895 1136 1
913 1092 1006 1136 Cor.
1025 1096 1089 1141 11,
1116 1096 1190 1137 19;
1215 1092 1310 1132 Erit
1332 1093 1440 1133 enim
1463 1096 1632 1146 tempus,
1655 1106 1746 1132 cam
1769 1105 1917 1132 sscnam

185 1168 418 1208 doctrinam
451 1179 531 1207 non
561 1165 831 1218 sustinebunt,
863 1165 932 1205 secl
964 1164 1019 1205 acl
1050 1178 1127 1204 seca
1164 1164 1370 1204 desideria
1404 1162 1699 1203 coacervabunt
1730 1162 1808 1202 sibi
1831 1176 1918 1203 ma-

182 1239 332 1292 yistros
346 1238 585 1292 prurientes
608 1237 794 1289 avaribus,
825 1240 860 1276 et
893 1251 918 1276 α
948 1236 1117 1276 veritate
1151 1235 1313 1289 quidem
1339 1234 1529 1274 auditum
1553 1237 1746 1286 avertent,
1779 1233 1834 1274 ad
1854 1233 1920 1286 fa-

187 1308 306 1349 bula-s·
337 1312 473 1349 autem
503 1314 785 1349 convertentur
817 1309 843 1349 2
876 1305 979 1349 Tim.
1013 1309 1051 1354 4,
1084 1309 1109 1350 3
1143 1309 1242 1354 etc.;
1274 1316 1442 1345 necnon
1474 1309 1516 1345 et
1546 1317 1572 1345 a
1603 1304 1838 1356 posteriori,
1870 1315 1921 1344 ex

186 1379 364 1420 historia
396 1378 684 1419 ecclesiastica
717 1377 859 1430 liquet,
882 1377 991 1417 inter
1013 1377 1268 1417 christianos
1291 1387 1458 1427 semper
1481 1375 1655 1415 excitari
1677 1378 1921 1415 controver-

187 1451 272 1490 sias
295 1449 346 1490 de
370 1448 644 1501 amplitudine
668 1459 879 1500 sensuque
902 1459 968 1488 rex
979 1447 1184 1489 elationis,
1219 1446 1346 1499 Atqui
1368 1446 1475 1486 haec
1497 1446 1695 1497 componi
1717 1457 1803 1486 non
1824 1457 1922 1497 pos-

188 1523 296 1569 sunt,
317 1519 398 1560 nisi
420 1519 529 1560 adsit
550 1519 734 1560 tribunal
748 1519 902 1566 vivum,
925 1518 992 1558 cui
1015 1518 1284 1558 conservatio
1308 1521 1349 1558 et
1371 1517 1563 1557 custodia
1588 1516 1856 1557 revelationis
1872 1515 1924 1555 sit

189 1591 429 1631 commissa.
472 1590 593 1641 Quod
616 1590 766 1631 suadet

309 1674 349 1716 1.
374 1673 570 1725 analogia
593 1676 633 1713 et
654 1672 864 1721 inducti03
889 1671 1095 1723 siquidem
1118 1669 1232 1710 nulla
1254 1673 1318 1710 est
1340 1669 1523 1710 societas
1545 1668 1752 1717 ordinata,
1774 1668 1816 1708 in
1839 1680 1921 1721 qua

189 1744 396 1797 eiusmodi
417 1744 601 1785 tribunal
623 1743 741 1793 desit,
764 1743 830 1784 cui
853 1742 1098 1783 concredita
1121 1741 1174 1781 sit
1196 1740 1388 1781 custodia
1411 1744 1451 1781 et
1465 1740 1756 1791 interpretatio
1771 1739 1924 1791 legum.

307 1828 348 1870 2.
370 1826 485 1867 Idem
507 1830 622 1878 patet
645 1838 696 1866 ex
720 1837 783 1875 eo,
807 1824 919 1878 quod
942 1823 1136 1877 quamvis
1158 1836 1190 1865 s.
1205 1821 1423 1875 Scriptura
1437 1834 1590 1863 norma
1604 1822 1668 1870 sit,
1691 1821 1925 1862 secundum

190 1909 318 1950 quam
336 1897 566 1949 judicetur:
589 1898 681 1949 ipsa
703 1901 848 1937 tamen
870 1908 958 1936 non
972 1895 1167 1947 loquitur,
1189 1893 1345 1934 nedum
1364 1892 1538 1945 Judicat,
1561 1891 1732 1945 quando
1747 1896 1925 1943 utraque

190 1979 288 2019 pars
320 1979 414 2008 eam
447 1967 525 2008 sibi
546 1967 732 2007 vindicat
763 1971 804 2007 et
834 1978 910 2019 pro
947 1977 991 2006 se
1016 1965 1198 2018 explicat
1220 1968 1261 2005 et
1283 1964 1476 2016 quaestio
1499 1963 1564 2012 sit,
1597 1963 1680 2003 utri
1702 1974 1753 2003 ea
1775 1961 1925 2002 faveat.

191 2037 255 2077 Ad
278 2038 557 2079 dirimendam
582 2042 725 2079 autem
748 2037 1085 2078 controversiam
1109 2046 1284 2076 necesse
1300 2039 1374 2083 est,
1396 2038 1442 2074 ut
1459 2033 1588 2086 judex
1604 2034 1663 2074 ita
1676 2033 1928 2085 pronunciet

192 2109 458 2159 sententiam,
480 2115 524 2150 ut
547 2114 726 2162 utraque
748 2109 1001 2161 litigantium
1024 2119 1124 2160 pars
1147 2110 1263 2147 certo
1286 2106 1393 2146 sciat
1415 2105 1514 2158 quid
1536 2105 1686 2145 dixerit
1706 2104 1748 2159 1).

339 2266 361 2305 ¹)
373 2264 429 2297 Ad
439 2273 518 2297 rem
531 2263 617 2297 Vin
629 2274 646 2295 c
658 2274 676 2296 e
687 2275 711 2296 n
723 2262 813 2295 tius
828 2261 1014 2295 lirinensis
1029 2260 1239 2296 commonit.
1255 2270 1282 2293 c.
1298 2262 1318 2292 2
1332 2259 1476 2293 scribit:
1499 2257 1587 2296 „Hie
1598 2256 1753 2291 forsitan
1766 2255 1927 2298 requirat

193 2315 344 2359 aliquis:
363 2326 444 2350 eum
464 2316 513 2350 sit
529 2317 712 2361 perfectus
732 2316 1004 2359 Scripturarum
1026 2325 1152 2349 canon.
1173 2314 1318 2357 sibique
1338 2313 1383 2346 ad
1402 2312 1525 2346 omnia,
1543 2310 1631 2344 satis
1647 2319 1829 2354 superque
1856 2308 1926 2341 suf-

193 2369 305 2410 ficiat,
324 2370 412 2412 quid
431 2381 522 2413 opus
541 2370 607 2409 est,
626 2371 667 2403 ut-
686 2370 719 2403 ei
737 2368 1004 2403 ecclesiasticae
1022 2367 1292 2410 intelligentiae
1307 2366 1485 2411 jungatur
1503 2364 1706 2398 auctoritas
1718 2367 1732 2395 ἰ)
1769 2361 1861 2403 Quia
1878 2360 1927 2394 vi-

194 2422 328 2456 delicet
345 2422 573 2467 scripturam
593 2433 732 2456 sacram
751 2433 814 2466 pro
834 2423 915 2465 ipsa
932 2432 998 2454 sua
1016 2419 1213 2454 altitudine
1240 2430 1315 2453 non
1333 2429 1406 2452 uno
1425 2418 1625 2460 eodemque
1643 2426 1750 2449 sensu
1767 2414 1927 2447 universi

194 2476 392 2520 accipiunt,
411 2476 473 2510 sed
492 2476 655 2520 ejusdem
674 2475 821 2518 eloquia
839 2475 947 2508 aliter
966 2475 1076 2517 atque
1096 2472 1202 2506 aliter
1221 2472 1313 2505 alius
1332 2472 1443 2515 atque
1463 2469 1557 2503 alins
1575 2468 1858 2511 interpretatur:
1887 2467 1928 2498 ut

194 2539 287 2573 pene
305 2530 394 2572 quot
411 2530 579 2563 homines
597 2530 698 2568 aunt,
718 2529 821 2562 illinc
839 2527 1043 2561 sententiae
1063 2526 1140 2560 erui
1154 2536 1261 2569 posse
1276 2525 1480 2558 videantur.
1497 2522 1614 2556 Aliter
1628 2523 1724 2554 0111111
1739 2520 1840 2553 illam
1856 2518 1926 2552 No-

195 2583 374 2622 vatianus,
387 2583 497 2616 aliter
508 2582 703 2623 Sabellius,
717 2581 825 2615 aliter
835 2581 1002 2614 Donatus
1014 2578 1176 2623 exponit,
1196 2578 1305 2612 aliter
1315 2578 1435 2617 Arius,
1449 2575 1660 2616 Eunomius,
1674 2572 1926 2606 Macedonius:

196 2636 305 2670 aliter
321 2636 507 2675 Photinus,
523 2635 760 2679 Apollinaris.
773 2632 1045 2671 Priscillianus;
1065 2632 1175 2666 aliter
1186 2632 1374 2672 jovianus,
1388 2629 1570 2673 Pelagius,
1586 2627 1787 2662 Coelestius
1801 2640 1806 2663 ;
1823 2625 1928 2658 aliter

194 2691 379 2734 postremo
397 2689 600 2723 Nestorius.
637 2691 756 2731 Atque
774 2688 906 2721 idcirco
924 2686 1082 2720 multum
1100 2696 1246 2719 necesse
1274 2690 1328 2718 est
1352 2684 1504 2728 propter
1531 2684 1653 2715 tantos
1672 2682 1749 2713 tam
1767 2677 1856 2711 varii
1877 2687 1927 2710 er-

196 2744 288 2777 roris
306 2744 501 2784 anfractus,
521 2744 563 2776 ut
580 2742 818 2786 propheticae
838 2742 874 2774 et
892 2740 1117 2785 apostolicae
1136 2737 1455 2781 interpretationis
1483 2735 1581 2769 linea
1600 2733 1796 2767 secundum
1817 2730 1927 2763 eccle-

197 2797 336 2830 siastici
354 2799 392 2831 et
410 2797 586 2831 catholici
603 2807 727 2830 sensus
745 2804 911 2828 normam
931 2793 1144 2837 dirigatu1·.‘
1166 2790 1216 2825 Cf.
1236 2800 1328 2833 quae
1343 2790 1438 2823 infra
1452 2799 1494 2821 ex
1509 2786 1775 2821 haereticorum
1795 2782 1926 2827 agendi

197 2851 339 2884 ratione
358 2861 387 2884 c.
407 2853 450 2884 25
469 2862 502 2883 ss
534 2854 667 2893 (opusc.
687 2849 747 2882 IX.
768 2850 848 2889 223)
880 2846 1039 2880 adducit.
1060 2844 1203 2879 Similia
1223 2843 1267 2876 de
1284 2842 1480 2876 haereticis
1500 2841 1554 2873 sui.
1574 2839 1749 2882 temporis
1768 2837 1928 2869 testatur

199 2903 272 2936 [re
286 2917 305 2937 11
319 2915 370 2937 ae
385 2915 436 2937 113
454 2904 514 2944 IV,
535 2905 579 2938 35
598 2915 632 2936 n.
651 2908 682 2936 4.
702 2902 748 2936 Et
766 2901 823 2936 vel
841 2901 902 2934 Lu
915 2901 964 2934 th
977 2911 1023 2933 01·
1036 2911 1086 2932 us
1111 2899 1150 2932 111
1168 2898 1192 2931 1.
1212 2898 1341 2931 contra
1359 2894 1513 2937 Zwingli
1531 2893 1574 2926 de
1592 2892 1747 2925 veritate
1768 2887 1926 2931 corporis

200 2955 336 2990 Christi
353 2956 658 3001 inEucharistia:
679 2955 739 2995 „Si
758 2954 897 2988 diutius
917 2953 1059 2987 steterit
1078 2951 1246 2991 mundus,
1267 2949 1401 2993 inquit,
1428 2948 1560 2981 iterum
1590 2946 1654 2978 erit
1676 2941 1927 2979 necessarium,

199 3011 242 3044 ut
259 3013 410 3054 propter
428 3009 588 3043 diversas
607 3009 815 3052 Scripturae
842 3005 1175 3050 interpretationes,
1205 3014 1297 3047 quae
1325 3012 1422 3035 1111110
1450 3000 1544 3038 sunt,
1572 2998 1618 3031 nd
1645 2993 1925 3051 conservandam

200 3064 281 3098 fidei
301 3062 484 3096 unitatem
503 3063 740 3096 conciliorum
759 3062 904 3096 decreta
922 3060 1140 3104 recipiamus
1159 3058 1268 3100 atque
1288 3056 1332 3089 ad
1352 3066 1393 3089 ea
1407 3052 1691 3095 confugiamus«
1714 3048 1867 3092 Egregia
1882 3044 1927 3077 ad

342 3135 504 3165 Hurter,
527 3134 673 3166 Compend.
696 3133 849 3165 theologiae
871 3133 891 3157 I.
917 3131 956 3156 lO.
979 3131 1021 3156 od.
1696 3108 1716 3138 9
