2175 3382
732 127 922 163 Revelatio
942 129 1202 173 complectitur
1219 129 1405 173 mysteria.
1851 136 1937 178 505

199 247 384 288 hominis
405 247 687 299 perfectioni.“
737 247 857 288 Hanc
886 247 1123 288 doctrinam
1147 247 1334 299 profiteri
1355 248 1502 289 debuit
1524 249 1704 303 Bonetty
1726 250 1780 305 (a.
1807 251 1936 308 1855)

199 317 510 370 subscriptione
532 330 650 371 prop.
675 319 758 373 (1):
799 317 909 368 „Etsi
931 317 1034 359 tides
1057 318 1110 359 sit
1131 330 1261 370 supra
1283 319 1509 368 rationem,
1534 320 1648 361 nulla
1670 326 1812 361 tamen
1835 333 1938 363 vera

200 388 421 437 dissensio,
443 388 605 429 nullum
628 388 847 429 dissidium
871 388 980 429 inter
1000 389 1115 440 ipsas
1139 389 1318 429 inveniri
1340 402 1530 442 unquam
1553 395 1703 442 potest,
1726 403 1821 432 cum
1846 404 1937 432 am-

200 458 282 500 bae
314 459 368 500 ab
400 472 485 500 uno
519 460 756 512 eodemque
788 459 1042 499 immutabili
1064 460 1254 500 veritatis
1286 459 1412 509 fonte,
1443 460 1531 501 Deo
1555 462 1714 513 optimo
1738 463 1936 512 maximo,

201 530 394 571 oriantur
416 534 543 582 atque
565 530 624 570 ita
646 529 726 570 sibi
748 533 940 570 mutuam
964 541 1139 582 operam
1163 528 1334 570 ferant.“

316 616 445 665 Hujus
467 616 692 653 assertionis
717 616 954 664 praeclaram
976 615 1106 652 reddit
1129 627 1157 652 s.
1181 615 1392 653 Thomas
1414 616 1608 654 rationem
1631 629 1659 653 c.
1683 620 1821 666 gentes
1843 618 1872 659 Ι,
1900 625 1935 664 7,

196 670 297 723 quae
319 675 375 712 ita
397 675 601 712 enunciari
623 676 774 723 potest:
806 675 853 711 In
874 677 1004 711 mente
1033 674 1167 711 divina
1188 675 1326 723 nequit
1348 687 1433 712 esse
1455 676 1720 721 contradictio,
1753 677 1810 713 nil
1833 678 1937 714 enim

197 734 391 772 infensius
406 734 565 771 veritati
580 733 899 770 contradictione.
922 734 1046 782 Atqui
1068 734 1100 770 si
1124 734 1268 771 veritas
1291 735 1466 771 revelata
1492 736 1536 771 ad
1545 737 1765 772 versaretur
1778 736 1937 773 veritati

196 794 315 831 alicui
346 793 542 837 rationali,
575 792 831 830 contradictio
865 793 1104 841 reperiretur
1125 793 1166 830 in
1188 793 1339 830 ratione
1360 793 1543 837 increata,
1577 794 1617 830 in
1639 796 1769 831 mente
1792 794 1936 841 divina,

196 864 286 889 cum
308 854 389 889 tam
410 852 511 889 ratio
533 864 651 900 quam
670 852 859 889 revelatio
881 853 961 888 sint
975 851 1052 888 duo
1066 852 1177 893 radii,
1201 852 1346 900 duplex
1361 852 1576 895 irradiatio,
1602 853 1746 890 locutio
1763 855 1802 890 et
1816 854 1938 901 parti-

195 911 340 960 cipatio
372 911 546 960 ejusdem
578 911 742 948 rationis
776 911 980 947 increatae.
1026 911 1189 948 Concedi
1222 924 1314 960 ergo
1338 912 1476 959 nequit
1497 913 1703 949 veritatem
1725 913 1938 949 revelatam

196 970 458 1007 contradicere
488 982 600 1019 posse
622 969 779 1006 veritati
810 969 1007 1015 rationali,
1040 982 1109 1007 seu
1130 970 1234 1018 quod
1257 970 1359 1007 idem
1382 973 1450 1015 est,
1484 971 1566 1008 fieri
1588 971 1737 1019 nequit,
1770 974 1815 1008 ut
1839 984 1938 1020 quae

195 1041 240 1066 ex
271 1029 346 1066 fide
378 1031 418 1066 et
438 1029 635 1078 theologia
656 1041 748 1066 vera
776 1031 882 1073 sunt,
915 1041 958 1066 ea
980 1029 1194 1066 secundum
1216 1030 1408 1067 rationem
1431 1031 1470 1067 et
1491 1030 1780 1078 philosophiam
1803 1043 1937 1068 sanam

194 1088 275 1125 sint
295 1088 404 1125 falsa.
428 1088 535 1125 Unde
558 1088 678 1124 infert
699 1087 741 1124 in
762 1088 871 1126 Boet.
894 1088 940 1124 de
963 1088 1102 1125 Trinit.
1125 1101 1293 1136 prooem.
1318 1101 1353 1136 q.
1381 1095 1401 1128 2
1426 1102 1457 1125 a.
1477 1096 1520 1129 3:
1547 1089 1614 1133 ,Si
1637 1089 1734 1137 quid
1756 1090 1798 1126 in
1820 1090 1937 1127 dictis

195 1147 519 1196 philosophorum
559 1147 785 1184 inveniatur
825 1147 1063 1184 contrarium
1098 1147 1199 1192 fidei,
1242 1148 1312 1185 hoc
1346 1160 1424 1185 non
1457 1150 1514 1185 est
1545 1148 1827 1197 philosophiae,
1871 1149 1938 1186 sed

194 1206 321 1255 magis
352 1206 614 1255 philosophiae
646 1206 791 1243 abusus
824 1219 868 1242 ex
895 1206 1052 1243 defectu
1072 1207 1249 1243 rationis.
1292 1207 1341 1244 Et
1363 1207 1448 1244 ideo
1469 1207 1657 1256 possibile
1680 1210 1739 1245 est
1760 1220 1804 1244 ex
1827 1208 1936 1257 prin-

194 1265 309 1314 cipiis
341 1265 609 1314 philosophiae
640 1265 865 1314 hujusmodi
897 1277 1069 1302 errorem
1100 1265 1277 1302 refellere
1299 1266 1361 1303 vel
1393 1266 1632 1303 ostendendo
1665 1267 1822 1304 omnino
1855 1280 1937 1304 esse

194 1324 446 1373 impossibile,
478 1324 541 1361 vel
571 1335 650 1361 non
683 1336 765 1361 esse
796 1325 1095 1363 necessarium«
1148 1325 1249 1362 Hinc
1280 1328 1411 1362 tamen
1441 1325 1584 1362 inferre
1616 1338 1695 1363 non
1726 1326 1817 1363 licet
1848 1339 1937 1363 cum

195 1383 425 1429 Hermes,
457 1383 831 1421 demonstrationem
863 1383 1066 1433 religionis
1097 1383 1329 1421 christianae
1359 1397 1438 1421 non
1471 1397 1551 1422 esse
1584 1385 1828 1433 completam,
1860 1386 1938 1422 nisi

196 1445 399 1480 ostensum
420 1442 550 1489 fuerit,
586 1454 721 1479 revera
741 1443 894 1479 nullam
918 1455 1002 1479 esse
1024 1456 1201 1492 pugnam
1222 1443 1328 1480 inter
1351 1444 1540 1492 dogmata
1560 1444 1651 1481 fidei
1674 1448 1713 1480 et
1734 1444 1935 1482 rationem.

195 1502 239 1539 Id
263 1501 368 1539 enim
390 1504 486 1539 tunc
508 1503 664 1538 tantum
686 1501 888 1550 postulare
910 1501 1014 1547 licet,
1048 1502 1080 1539 si
1103 1505 1336 1551 argumenta
1358 1505 1516 1540 externa
1537 1516 1616 1540 non
1639 1503 1863 1540 sufficerent
1887 1503 1934 1540 ad

192 1561 433 1610 probandam
456 1560 709 1598 revelationis
732 1560 963 1598 christianae
986 1561 1284 1610 genuinitatem.
1330 1562 1423 1599 Cum
1447 1555 1577 1598 autem
1600 1562 1693 1599 haec
1715 1563 1829 1610 plane
1853 1562 1934 1600 suf-

194 1619 340 1666 ficiant,
360 1620 558 1657 immerito
579 1619 680 1656 illud
703 1620 931 1667 postulatur
953 1623 999 1657 ut
1021 1620 1164 1668 aliquis
1195 1620 1350 1657 credere
1372 1621 1498 1669 possit
1522 1621 1583 1658 vel
1605 1621 1763 1665 debeat;
1797 1622 1933 1658 redde-

194 1681 306 1716 retur
327 1679 430 1716 enim
452 1679 546 1716 fides
580 1679 658 1715 sere
690 1678 964 1727 impossibilis:
998 1692 1084 1716 nam
1120 1680 1312 1728 ejusmodi
1342 1679 1548 1728 inquisitio
1582 1682 1620 1717 et
1651 1680 1934 1718 demonstratio

196 1738 384 1787 supponit
406 1737 716 1775 excultissimum
739 1737 952 1787 ingenium,
976 1741 1195 1775 accuratam
1225 1739 1501 1787 mysteriorum
1533 1739 1730 1784 notitiam,
1764 1742 1935 1777 mentem

194 1810 219 1834 a
239 1797 489 1846 praejudiciis
512 1796 685 1841 liberam,
709 1796 879 1833 animam
901 1810 922 1833 a
944 1797 1189 1845 passionibus
1211 1810 1288 1835 non
1311 1800 1650 1846 praeoccupatum,
1675 1798 1932 1836 intentionem

194 1858 352 1902 rectam,
378 1856 556 1893 studium
578 1855 877 1905 investigandae
899 1856 1078 1893 veritatis
1102 1857 1220 1893 etiam
1242 1857 1418 1906 ingratae
1442 1857 1758 1902 sincerissimum,
1794 1858 1933 1895 volun—

193 1918 316 1953 tatem
341 1915 388 1952 ad
411 1915 598 1952 sacrificia
619 1916 853 1963 promptam,
879 1927 978 1962 quae
1000 1915 1090 1952 fidei
1114 1916 1241 1953 solent
1263 1928 1345 1953 esse
1368 1916 1532 1954 fructus.
1576 1917 1768 1965 Theologo
1802 1920 1936 1954 tamen

195 1975 243 2012 ad
266 1974 383 2012 fidem
406 1974 485 2011 sive
507 1973 793 2017 vindicandam,
831 1974 912 2011 sive
934 1974 1223 2020 illustrandam,
1258 1975 1337 2012 sive
1369 1976 1670 2012 confirmandam
1702 1988 1793 2012 sane
1824 1989 1934 2025 prae-

199 2034 381 2071 standum
403 2036 473 2079 est,
496 2035 543 2069 ut
565 2033 846 2070 demonstratio
868 2046 938 2082 per
960 2045 999 2070 se
1020 2034 1193 2082 perfecta
1214 2034 1384 2071 ulterius
1409 2034 1643 2082 perficiatur,
1668 2035 1831 2082 ideoque
1859 2035 1933 2072 sibi

194 2093 418 2131 conandum
439 2094 511 2137 est,
534 2094 580 2129 ut
603 2104 758 2129 omnem
780 2105 954 2141 pugnam
976 2094 1167 2140 quantum
1201 2093 1335 2141 possit,
1369 2093 1449 2130 sive
1482 2093 1649 2142 positive
1682 2094 1765 2131 sive
1798 2094 1936 2131 saltem

195 2153 380 2201 negative
402 2153 619 2200 componat.
663 2151 715 2188 Cf.
738 2151 835 2188 Kle
850 2153 1009 2201 utgen
1031 2152 1055 2188 1.
1080 2164 1107 2189 0.
1133 2164 1162 2188 0.
1189 2159 1209 2192 2
1236 2150 1255 2194 ἓ
1284 2160 1316 2191 1.

314 2234 412 2275 488.
434 2232 582 2285 Prop.
610 2231 674 2273 11.
698 2229 792 2271 Non
815 2235 940 2271 totum
965 2230 1157 2284 objectum
1179 2231 1277 2284 fidei
1308 2231 1558 2272 christianae
1584 2234 1739 2273 rationi
1765 2241 1821 2274 est
1841 2247 1935 2288 per-

194 2303 322 2356 vium,
343 2313 490 2343 verum
512 2301 653 2353 plures
676 2301 730 2342 ad
751 2301 851 2342 illud
875 2306 1069 2354 spectant
1089 2303 1290 2343 veritates
1311 2314 1387 2343 seu
1409 2304 1622 2356 mysteria,
1651 2316 1760 2356 quae
1783 2304 1935 2344 huma-

196 2385 279 2414 nae
301 2373 478 2414 rationis
501 2377 672 2425 captum
697 2373 921 2414 excedunt:
946 2373 1059 2426 quod
1082 2373 1312 2414 tenendum
1335 2378 1399 2414 est
1421 2379 1570 2415 contra
1593 2373 1936 2416 Giintherum.

198 2443 294 2485 Non
316 2443 558 2496 quaerimus
580 2444 622 2483 in
646 2443 864 2484 abstracto
889 2456 991 2484 num
1014 2444 1098 2484 sint
1118 2445 1330 2493 veritates,
1354 2457 1463 2497 quae
1486 2449 1657 2497 captum
1671 2446 1848 2486 rationis
1863 2458 1936 2486 ex-

196 2514 362 2564 cedant,
386 2526 470 2566 qua
492 2513 544 2554 de
565 2526 611 2555 re
635 2515 796 2566 egimus
810 2514 867 2554 th.
886 2517 930 2557 1:
953 2514 1028 2555 sed
1051 2516 1093 2554 in
1116 2519 1316 2556 concreto
1341 2519 1382 2556 et
1404 2515 1456 2556 de
1478 2514 1602 2566 facto,
1617 2528 1718 2557 num
1733 2516 1936 2558 revelatio

198 2585 431 2626 christiana
453 2584 761 2637 complectatur
782 2585 994 2638 mysteria.
1049 2584 1140 2625 Hoc
1162 2585 1378 2626 definitum
1402 2591 1465 2627 est
1487 2598 1513 2627 a
1535 2599 1653 2630 conc.
1676 2589 1935 2628 vaticano

197 2667 300 2699 sess,
325 2659 350 2699 3
374 2668 465 2696 can.
493 2659 514 2699 1
539 2655 590 2696 de
611 2655 693 2696 fide
716 2660 757 2696 et
778 2656 965 2696 ratione:
1015 2653 1083 2706 „Si
1115 2656 1207 2708 quis
1239 2656 1400 2707 dixerit,
1432 2657 1474 2697 in
1504 2657 1763 2699 revelatione
1795 2658 1937 2698 divina

200 2725 362 2781 (utique
393 2726 641 2783 christiana)
683 2726 799 2768 nulla
829 2738 932 2767 vera
963 2731 1005 2766 et
1035 2726 1204 2778 proprie
1235 2726 1347 2767 dicta
1379 2728 1581 2781 mysteria
1612 2728 1831 2776 contineri,
1862 2727 1937 2768 sed

197 2797 396 2837 universa
419 2796 514 2837 fidei
537 2797 737 2850 dogmata
760 2809 885 2849 posse
918 2809 992 2849 per
1022 2797 1233 2838 rationem
1264 2798 1343 2839 rite
1374 2798 1586 2839 excultam
1618 2810 1640 2839 e
1672 2797 1936 2839 naturalibus

199 2866 415 2919 principiis
437 2867 608 2920 intelligi
631 2872 672 2909 et
694 2868 992 2917 demonstrari,
1014 2866 1063 2910 A.
1086 2865 1149 2908 S.“

321 2938 361 2980 1.
385 2936 597 2979 Probatur
627 2951 744 2991 prop.
777 2938 843 2979 vel
865 2951 890 2979 a
912 2938 1055 2993 priori,
1088 2938 1319 2981 dummodo
1352 2939 1670 2980 consideremus
1691 2952 1731 2982 a.
1753 2939 1935 2990 primum

200 3007 323 3060 hujus
345 3006 441 3048 fidei
463 3009 835 3061 promulgatorem,
859 3009 928 3062 qui
950 3008 1026 3049 fuit
1047 3021 1134 3049 non
1155 3010 1294 3051 nudus
1325 3010 1467 3059 homo,
1499 3010 1719 3062 propheta,
1751 3009 1936 3060 angelus,

202 3077 278 3119 sed
307 3078 400 3130 ipsa
431 3077 648 3131 Sapientia
679 3079 907 3128 carofacta,
939 3091 1066 3132 quam
1098 3079 1363 3122 dedecuisset
1395 3093 1446 3122 ea
1476 3085 1643 3121 tantum
1665 3081 1938 3128 annunciare,
