2175 3382
749 104 1056 138 infallibilitatem
1078 105 1328 148 respondetur.
1819 109 1902 150 447
1927 0 2175 222 yffi

293 224 336 267 b.
360 227 449 264 Non
481 226 666 264 confictus
691 228 757 263 'est
787 229 917 263 textus
939 226 1028 263 Luc.
1056 232 1119 271 22,
1147 233 1211 271 32,
1245 227 1308 263 cui
1340 227 1381 263 in
1403 227 1536 275 primis
1568 228 1711 264 nititur
1737 239 1766 264 s.
1789 228 1904 266 'sho-

172 298 294 331 mas,
318 286 359 322 in
381 285 581 334 probanda
601 285 798 333 pontificis
830 284 1115 322 infallibilitate
1140 291 1174 324 2.
1202 292 1222 324 2
1248 298 1283 334 q.
1313 293 1325 324 1
1355 300 1386 324 a.
1416 294 1485 330 1ος
1509 299 1637 334 expos.
1660 287 1780 336 symb.
1805 300 1841 328 n.
1868 294 1903 327 9.

291 354 332 385 (3.
355 344 525 381 Nonnisi
546 344 851 392 praecipitanter
865 343 1094 381 affirmatur.
1118 347 1249 381 textus
1271 346 1429 392 patrum
1450 358 1593 385 omnes.
1616 346 1760 394 quibus
1776 346 1906 383 utitur

173 404 216 440 in
249 415 309 452 op.
331 403 415 440 adv.
439 414 665 452 graecorum
696 415 856 447 errores,
889 415 973 439 esse
1005 403 1186 440 confictos
1218 406 1256 439 et
1287 403 1449 451 spurios.
1493 404 1687 440 Uecelli
1710 405 1750 441 in
1776 417 1906 452 opusc.

173 462 245 500 Dei
265 462 357 499 testi
380 462 583 499 esaminati
609 461 657 498 da
679 473 707 500 s.
731 462 969 498 Thomaso
992 461 1027 498 d'
1044 461 1201 509 Aquino
1233 461 1324 498 nell*
1340 463 1527 509 opusculo
1551 467 1684 500 contro
1707 464 1762 512 gli
1785 463 1907 500 errori

172 521 237 558 dei
268 521 372 570 greci
403 521 697 558 relativamente
729 520 1050 557 all'infallibilita
1082 520 1292 568 pontificia,
1326 523 1507 557 textuum
1534 521 1693 558 illorum
1727 522 1906 571 genuini-

173 581 297 617 tatem
320 580 502 617 vindicat.
545 579 597 616 Cf.
620 579 781 616 Raich
812 579 854 616 in
886 579 1073 617 Katholik
1112 585 1212 619 1871
1241 579 1291 624 ΙΙ,
1327 586 1408 619 214
1441 592 1508 619 ssu:
1542 580 1752 618 Leitner
1783 581 1850 617 Th.
1875 595 1907 618 v.

175 639 307 687 Aquin
329 639 427 676 iiber
449 638 516 675 das
538 638 768 675 unfehlbare
791 639 992 679 Lehmmt:
1017 638 1267 675 Heinrich
1291 636 1310 681 ἓ
1336 645 1401 678 97.

295 695 340 737 d.
364 698 452 734 Non
474 697 701 741 infitiamur,
725 697 929 746 theologos
952 697 994 734 in
1016 697 1213 746 probando
1236 697 1416 746 dogmate
1438 709 1530 734 usos
1546 698 1713 734 subinde
1727 710 1809 735 esse
1824 700 1907 735 tex—

174 756 283 793 tibus
306 756 462 805 spuriis,
487 757 553 793 sed
575 756 730 793 inscitia
743 757 806 793 vel
828 757 1022 794 calumnia
1043 759 1102 794 est
1123 756 1326 802 affirmare,
1351 769 1413 793 eos
1436 757 1511 793 niti
1525 757 1909 794 confictistantum

174 815 374 860 textibus3
406 816 592 852 nituntur
614 815 718 852 enim
740 815 868 852 verbis
891 815 1044 861 Christi,
1058 816 1288 864 dogmatum
1312 816 1510 865 analogiae
1521 815 1739 864 multisque
1752 819 1909 864 patrum

174 874 301 911 effatis
324 886 487 922 prorsus
510 875 705 924 genuinis,
731 887 896 922 quorum
919 875 1045 911 multa
1065 875 1107 911 in
1129 875 1198 912 hac
1219 874 1322 911 thesi
1344 874 1531 912 invenies.

296 957 394 999 430.
418 953 602 1006 Opponit
633 954 676 996 5.
709 953 932 993 historiam
954 952 1168 994 Ecclesiae
1201 966 1277 1006 per
1309 953 1456 994 decem
1486 953 1631 1005 priora
1653 953 1795 995 secula
1821 954 1910 995 fore

174 1026 373 1078 aenigma
394 1025 438 1066 in
459 1025 683 1078 hypothesi
698 1024 1001 1065 infallibilitatis
1023 1025 1191 1066 romani
1213 1024 1435 1077 pontificis,
1457 1037 1553 1065 cum
1577 1024 1631 1065 ad
1653 1024 1910 1065 dirimendas

177 1097 492 1137 controversias
514 1109 601 1137 non
623 1096 677 1136 ad
704 1096 848 1137 sedem
872 1096 1152 1148 apostolicam
1176 1100 1456 1148 provocatum
1478 1095 1613 1144 fuerit,
1645 1096 1720 1136 sed
1751 1109 1910 1137 convo-

180 1172 302 1208 catae
336 1168 419 1208 sint
453 1167 603 1220 synodi
637 1167 951 1211 oecumenicae,
996 1167 1190 1219 quamvis
1225 1179 1373 1207 earum
1408 1166 1636 1207 celebratio
1672 1171 1734 1207 tot
1763 1169 1911 1219 Juncta

179 1242 293 1278 esset
313 1237 605 1280 incommodis.
647 1237 990 1289 Respondemus:

206 1354 209 1356 ,
294 1323 336 1352 a.
360 1307 576 1349 Concessa
600 1309 727 1349 etiam
750 1307 960 1360 pontificis
975 1307 1280 1356 infallibilitate,
1304 1308 1491 1361 synodos
1514 1309 1774 1350 universales
1796 1322 1909 1350 sum·
2102 1340 2124 1369 ν,
2144 1304 2175 1372 <⁸

177 1390 274 1420 mae
297 1391 389 1420 esse
413 1379 600 1433 utilitatis
625 1383 731 1420 teste
754 1380 845 1431 ipso
869 1391 987 1420 conc.
1019 1379 1282 1420 vaticano
1314 1380 1357 1419 in
1384 1380 1604 1432 prooemio
1593 1392 1728 1457 <Asess.
1744 1384 1792 1431 3,
1822 1386 1911 1420 tum
1938 1386 1977 1439 L.
2026 1393 2029 1395 “
2057 1366 2087 1388 s

179 1450 278 1502 quia
299 1449 485 1502 pontifex
507 1462 594 1490 non
617 1462 667 1491 ex
690 1450 855 1502 tripode
878 1449 1052 1491 definire
1075 1451 1211 1502 possit
1239 1453 1282 1490 et
1311 1462 1387 1502 pro
1411 1438 1604 1503 arbitrio,
1630 1428 1845 1503 qffiff‘dffi
1878 1435 1935 1491 1ssw

50 1487 248 1575 Nytus
269 1521 322 1561 sit
343 1520 589 1569 revelatum,
612 1521 686 1561 sed
709 1521 893 1572 diligenti
916 1521 1028 1561 facta
1050 1522 1092 1561 in
1114 1521 1386 1562 traditionem
1410 1521 1594 1562 divinam
1616 1522 1909 1574 inquisitione:

184 1591 236 1631 ad
260 1603 386 1644 quam
408 1596 726 1644 peropportuna
759 1596 822 1632 est
852 1597 999 1633 mutua
1031 1592 1329 1644 episcoporum
1350 1592 1534 1645 undique
1557 1597 1909 1645 congregatorum

185 1661 373 1710 collati03
397 1668 486 1703 tum
501 1663 598 1715 quia
612 1662 773 1703 obortis
790 1664 952 1715 magnis
969 1663 1149 1704 dissidiis
1173 1668 1213 1703 et
1235 1663 1367 1704 turbis
1380 1664 1615 1716 promptius
1638 1668 1680 1705 et
1701 1664 1912 1705 efficacius

180 1733 415 1774 remedium
437 1738 501 1774 est
522 1740 714 1775 mutuum
737 1739 956 1787 pastorum
980 1735 1203 1776 consilium
1227 1740 1268 1776 et
1290 1735 1545 1788 colloquium
1567 1734 1793 1784 Ecclesiae,
1816 1748 1911 1776 cum

182 1804 370 1856 ipsorum
383 1805 632 1856 praesertim
644 1805 696 1846 sit
708 1805 879 1846 decreta
901 1806 943 1845 in
956 1803 1169 1867 Esssslffilftss
1192 1805 1351 1846 bonum
1375 1805 1487 1846 edita
1509 1806 1767 1846 exsecutioni
1790 1818 1914 1846 man·
2132 1852 2138 1863 Ι

184 1875 309 1926 dare;
332 1881 421 1916 tum
445 1877 543 1929 quia
564 1877 776 1917 unanimis
799 1881 862 1917 tot
883 1867 1224 1917 venerandorum
1239 1882 1409 1928 patrum
1433 1878 1643 1917 sententia
1666 1881 1708 1917 et
1729 1876 1913 1916 delinitio
2025 1924 2029 1929 1
2049 1919 2051 1921 ,
2106 1861 2175 1938 ιν)

182 1947 315 1997 magis
346 1952 490 1988 movet
520 1946 790 1987 titubantium
823 1948 865 1987 in
897 1947 976 1988 fide
1009 1951 1185 1998 mentes,
1230 1948 1448 2000 magisque
1480 1947 1700 1988 confundit
1729 1918 2100 2008 haereti-qfffjl'j‘r2

182 2028 330 2057 corum
354 2016 573 2069 perfidiam
596 2029 728 2070 osque
751 2017 932 2066 obturat,
965 2030 1092 2070 quam
1114 2019 1238 2058 unius
1262 2018 1450 2069 episcopi
1473 2018 1640 2058 romani
1663 2018 1741 2058 etsi
1763 2017 1913 2058 infalli-
1932 2027 1935 2031 ·
1955 2011 1960 2018 ’

182 2087 276 2128 bilis
299 2089 542 2137 auctoritas,
573 2089 823 2141 praesertim
847 2101 952 2129 cum·
976 2088 1065 2141 ejus
1098 2087 1370 2129 infallibilitas
1392 2089 1582 2129 nondum
1603 2088 1726 2129 fuerit
1747 2100 1914 2140 semper

183 2161 225 2199 et
247 2158 359 2210 apud
381 2171 530 2200 omnes
552 2171 679 2211 super
701 2171 827 2200 omne
850 2159 1035 2201 dubium.

304 2231 346 2273 b.
368 2229 486 2281 Ipsos
518 2229 747 2282 apostolos,
780 2231 972 2282 quamvis
1005 2229 1157 2280 singuli
1180 2234 1322 2270 essent
1353 2228 1600 2278 infallibileS‚
1631 2224 1673 2269 in
1705 2229 1913 2281 synodum

185 2302 446 2349 convenisse,
480 2301 522 2340 in
545 2312 627 2353 qua
650 2300 761 2341 facta
785 2305 847 2341 est
869 2314 1024 2354 maqna
1047 2301 1286 2354 conquisitio
1311 2299 1417 2353 (Act.
1445 2302 1510 2348 15,
1534 2302 1596 2351 7):
1628 2311 1916 2357 romanosque

185 2370 404 2423 pontifices
419 2372 694 2411 oecumenica
717 2382 978 2412 convocasse
1002 2371 1184 2411 concilia
1206 2382 1256 2410 eo
1281 2370 1408 2410 etiam
1430 2374 1633 2422 tempore,
1657 2383 1739 2423 quo
1763 2383 1915 2412 secun-

186 2441 287 2482 dum
310 2441 579 2482 adversarios
602 2442 836 2494 praevaluit
857 2442 1051 2482 doctrina
1075 2441 1127 2482 de
1160 2452 1307 2481 eorum
1330 2440 1635 2490 infallibilitate,
1668 2441 1753 2482 scil.
1776 2442 1914 2483 medio

188 2502 315 2560 aeyo;
337 2513 422 2553 imo
446 2511 593 2553 Pium
611 2501 690 2561 IXss,
713 2517 876 2553 asserta
893 2513 983 2564 J'am
999 2512 1243 2552 solemniter
1257 2512 1456 2564 primatui
1470 2511 1773 2561 infallibilitate,
1796 2525 1915 2563 conc⁸

189 2583 373 2624 vaticani
395 2584 759 2624 continuationem
782 2583 1058 2624 desiderasse.

305 2667 345 2699 c.
370 2652 565 2695 Ceterum
582 2653 732 2695 falsum
756 2659 830 2703 est,
854 2655 1083 2706 antiquitus
1099 2653 1304 2694 creditum
1319 2652 1456 2703 fuisse,
1480 2654 1754 2695 conciliorum
1777 2654 1913 2695 solum

187 2725 439 2766 auctoritate
460 2726 643 2778 legitime
665 2726 864 2777 componi
886 2737 1011 2777 posse
1034 2725 1206 2765 dissidia
1228 2729 1269 2765 et
1291 2726 1561 2778 quaestiones
1584 2725 1635 2766 de
1657 2725 1756 2766 fide:
1780 2737 1912 2776 agno-

192 2795 251 2835 vit
271 2796 352 2836 hoc
369 2795 439 2847 jus
462 2797 689 2849 antiquitas
712 2797 839 2837 etiam
862 2796 905 2836 in
925 2808 1105 2837 romano
1127 2796 1334 2848 pontifice.

304 2882 426 2920 Plura
455 2883 556 2920 facta
590 2883 670 2920 suis
701 2883 797 2920 locis
824 2883 906 2931 jam
937 2881 1168 2918 adduximus
1199 2879 1254 2934 (n.
1279 2879 1392 2934 428).
1436 2882 1481 2918 In
1511 2877 1648 2929 primis
1675 2881 1916 2929 expendatur

187 2941 342 2990 insigne
372 2935 616 2978 Flaviani
653 2933 823 2990 episcopi
856 2942 924 2978 GP.
955 2940 1226 2978 testimonium
1259 2954 1296 2977 n.
1332 2947 1426 2981 377.
1468 2941 1606 2989 Accipe
1637 2940 1722 2978 alia.
1764 2939 1912 2976 Relatis

163 3000 318 3037 -turbis
349 3000 658 3038 monotheleticis
690 3001 746 3038 ita
775 2999 1028 3049 prosequitur
1057 3000 1313 3037 Martinus
1344 3000 1373 3036 1.
1407 2999 1448 3036 in
1479 2999 1638 3036 concilio
1673 2998 1912 3035 lateranensi

188 3055 307 3112 (649)
323 3061 458 3096 secret.
474 3065 517 3099 2:
535 3059 712 3104 „Quibus
734 3071 831 3108 pene
853 3058 1035 3095 omnibus
1056 3071 1208 3096 omnem
1230 3059 1422 3096 mundum
1444 3057 1768 3097 conturbantibus
1792 3058 1908 3104 atque
