2175 3382
193 185 276 225 3132
540 179 662 213 Tract.
685 178 743 213 111.
767 179 810 212 de
831 178 999 214 Ecclesia.
1020 178 1147 212 'rhesis
1168 176 1272 211 LVli.
1293 179 1336 212 ‹le
1357 178 1568 212 discrimine

191 303 256 341 des
279 306 347 340 tua
369 305 508 352 sponte
531 303 740 340 redeundo.
783 303 914 340 Satius
937 302 1094 351 quidem
1127 303 1255 339 fuerat
1285 301 1443 350 quidvis
1474 302 1566 350 pati,
1599 315 1646 339 ne
1669 302 1838 340 Ecclesia
1861 302 1929 340 Dei
2166 301 2175 364 1

190 361 453 406 discindatur;
490 373 559 399 nec
580 362 711 399 minus
734 361 948 411 gloriosum
971 361 1111 399 fuisset
1134 360 1276 398 idcirco
1298 361 1430 398 subire
1452 361 1698 409 martyrium,
1730 373 1778 398 ne
1800 361 1930 399 Eccle-
2166 371 2175 411 1

2168 435 2175 456 Ι

190 422 285 459 siam
309 421 515 467 scinderes,
539 434 657 470 quam
680 422 727 458 ut
748 434 796 458 ne
820 421 937 459 idolis
961 420 1204 465 sacrificares,
1231 419 1309 457 imo
1331 419 1432 457 illud
1456 432 1541 457 meo
1560 419 1711 468 judicio
1732 420 1931 457 illustrius

191 480 343 518 fuisset.
386 480 459 518 Hic
481 480 584 517 enim
607 492 677 528 pro
700 492 771 517 sua
793 481 913 517 unius
936 480 1074 523 anima,
1101 479 1182 516 illic
1203 491 1273 527 pro
1289 479 1394 516 omni
1408 479 1579 516 Ecclesia
1592 479 1825 529 martyrium
1839 479 1930 527 quis

190 540 402 578 3113111101.α
444 540 495 576 Et
529 552 557 576 s.
581 539 914 588 Augustinus
947 550 975 576 c.
1007 551 1065 587 ep.
1100 537 1344 575 parmeniani
1368 538 1416 583 II,
1446 546 1487 578 l]
1529 538 1685 576 scribit:
1719 537 1853 582 ,Haec
1883 537 1931 575 de

191 598 404 647 Scripturis
439 611 465 636 s.
502 598 734 636 documenta
768 598 1016 647 proferimus,
1051 600 1097 634 ut
1119 598 1303 645 appareat
1325 596 1450 641 facile,
1486 609 1566 635 non
1600 609 1684 635 esse
1718 597 1930 646 quicquam

189 657 348 708 gravius
370 658 573 707 sacrilegio
595 657 826 700 schismatis,
863 656 957 705 quia
977 655 1257 705 praecidendae
1281 656 1447 694 unitatis
1469 657 1617 694 nulla
1647 658 1705 694 est
1721 656 1833 705 justa
1862 668 1930 693 ne-

189 717 386 755 cessitas«
430 716 533 760 Quin
556 716 778 765 perversius
801 713 844 756 2.
869 718 1134 764 protestantes
1165 715 1430 764 praetendunt
1460 716 1520 753 sui
1554 715 1775 753 schismatis
1805 714 1929 752 ratio-

190 789 290 821 nem,
321 776 425 824 quod
446 775 616 813 Ecclesia
648 775 835 812 defecerit
866 775 914 812 ab
946 774 1150 824 Evangelii
1181 774 1375 822 puritate:
1408 787 1496 812 nam
1529 775 1621 812 haec
1642 773 1834 812 Ecclesiae
1864 773 1930 811 de·
2165 809 2175 827 ι

188 835 303 873 sectio
326 835 556 872 adversatur
577 834 751 882 ejusdem
773 834 1013 883 perennitati
1036 838 1075 870 et
1097 832 1376 870 infallibilitati
1400 832 1453 886 (n.
1477 831 1573 886 197)
1593 847 1601 870 :
1622 842 1661 871 et
1682 833 1745 871 hic
1758 845 1930 871 commu-

189 895 250 932 nis
273 894 447 932 omnium
471 894 756 931 haereticorum
779 894 837 930 est
870 894 1105 941 praetextus,
1138 904 1216 940 quo
1234 893 1315 941 jam
1348 892 1511 930 ineunte
1545 904 1618 930 sec.
1641 893 1709 932 ΙΙΙ.
1740 891 1802 929 usi
1837 894 1933 929 sunt
2166 916 2175 956 ξ

191 955 359 991 Artem
373 953 452 989 oni
467 965 484 989 s
506 952 685 990 asseclae.
723 955 769 989 ut
791 952 1088 989 vetustissimus
1112 952 1279 1001 scriptor
1299 953 1472 990 testatur
1492 952 1595 1001 apud
1617 951 1786 989 eundem
1808 951 1931 989 Euse-

189 1012 297 1049 bium
320 1012 364 1057 V,
391 1018 464 1052 28:
491 1011 730 1055 „Affirmant
751 1011 868 1056 enim,
892 1011 1035 1060 inquit,
1059 1011 1207 1060 priscos
1230 1010 1391 1059 quidem
1413 1023 1548 1049 omnes
1563 1014 1603 1048 et
1618 1012 1722 1060 ipsos
1737 1010 1932 1060 apostolos

189 1084 242 1116 ea,
267 1083 365 1119 quae
387 1071 434 1108 ab
458 1071 552 1119 ipsis
574 1070 772 1113 dicuntur,
807 1072 845 1107 et
868 1070 1059 1119 accepisse
1082 1072 1119 1107 et
1144 1070 1343 1107 docuisse:
1377 1073 1417 1107 at
1449 1069 1750 1118 praedicationis
1771 1069 1933 1118 quidem

188 1130 393 1168 veritatem
415 1142 499 1167 esse
524 1129 761 1167 custoditam
784 1141 911 1178 usque
934 1130 980 1166 ad
1003 1129 1172 1167 Victoris
1209 1131 1396 1178 tempora,
1429 1129 1498 1178 qui
1530 1129 1704 1167 decimus
1735 1128 1880 1166 tertius
1911 1141 1932 1165 a

188 1190 302 1226 Petro
324 1201 506 1226 romanae
528 1189 638 1226 urbis
662 1189 866 1237 episcopus
889 1188 978 1227 fuit.
1023 1190 1055 1226 A
1079 1188 1290 1237 zephyrini
1313 1192 1443 1226 aut-em
1467 1188 1724 1238 temporibus,
1748 1187 1816 1236 qui
1840 1187 1929 1224 Vic-
2164 1166 2175 1220 1

188 1248 265 1285 tori
289 1248 490 1293 successit,
514 1248 775 1285 adulteratam
796 1247 920 1285 fuisse
943 1248 1192 1285 veritatem«
1238 1247 1361 1292 Quam
1395 1252 1577 1296 suspecta
1609 1247 1819 1291 excusatio,
1854 1259 1933 1294 qua

189 1319 320 1345 omnes
342 1319 387 1344 ex
410 1319 534 1355 aequo
555 1309 728 1344 utuntur
750 1307 935 1345 haeretici
959 1310 999 1344 et
1021 1306 1279 1344 schismatici!
1305 1307 1481 1345 Audiant
1503 1306 1639 1356 potius
1655 1318 1755 1355 quae
1769 1304 1931 1344 omnino

189 1366 235 1403 ad
259 1379 340 1404 rem
363 1366 501 1404 scribit
522 1366 608 1403 Ivo
631 1368 777 1403 carnot.
802 1363 840 1417 (†
867 1363 997 1418 1116)
1021 1379 1079 1415 ep.
1110 1373 1211 1406 150:
1246 1366 1469 1410 „Quoniam
1486 1366 1635 1414 judicia
1665 1363 1848 1403 romanae
1869 1375 1932 1402 ec-

188 1425 325 1463 clesiae
348 1438 369 1462 a
391 1427 545 1462 nemine
567 1425 661 1463 foris
684 1425 890 1463 retractari
912 1438 1035 1474 posse,
1070 1425 1204 1462 eadem
1239 1436 1398 1462 romana
1431 1425 1593 1463 ecclesia
1624 1425 1798 1469 docente,
1830 1423 1932 1461 didi-

188 1485 320 1529 cimus,
354 1484 386 1521 si
409 1484 478 1533 qui
500 1484 711 1532 aliquando
745 1497 784 1522 se
815 1487 1090 1534 praegravatos
1123 1484 1246 1533 ipsius
1268 1484 1461 1522 Ecclesiae
1493 1484 1730 1522 auctoritate
1760 1495 1931 1532 conque-

187 1547 342 1589 runtur,
377 1544 448 1581 hoc
470 1543 528 1580 eis
552 1543 758 1581 consilium
795 1543 944 1588 damus,
980 1548 1027 1580 ut
1060 1556 1138 1580 non
1174 1543 1412 1580 descendant
1445 1544 1488 1581 in
1509 1545 1737 1593 Aegyptum
1771 1544 1933 1592 propter

188 1603 390 1648 auxilium,
414 1603 480 1640 sed
503 1602 550 1639 ab
573 1602 656 1652 ipsa
678 1603 724 1640 ad
748 1602 873 1651 ipsam
898 1603 1138 1652 confugiant,
1163 1606 1203 1640 et
1225 1603 1316 1640 inde
1340 1605 1524 1651 expetant
1546 1603 1736 1647 levamen,
1759 1601 1866 1638 unde
1889 1612 1931 1638 se

188 1664 486 1710 conqueruntur
507 1661 701 1710 accepisse
724 1674 948 1711 gravamen,
973 1662 1065 1710 quia
1089 1675 1186 1710 quae
1211 1662 1422 1709 aliquando
1447 1662 1610 1711 corripit
1632 1663 1796 1710 paterna
1824 1672 1931 1697 seve-

186 1721 313 1766 ritate,
337 1721 471 1758 eadem
493 1721 721 1769 frequenter
744 1720 897 1770 colligit
918 1723 1094 1758 materna
1116 1721 1275 1769 pietate.
1288 1727 1304 1744 «

309 1803 405 1844 295-
428 1800 596 1844 Thesis
619 1800 769 1843 LVII·
824 1815 1091 1848 Discrime‘n
1109 1815 1423 1848 articulorum
1436 1814 1871 1856 fundamentalium
1890 1815 1932 1848 et

188 1884 280 1908 non
301 1874 735 1915 fundamentalium
763 1884 793 1908 α
814 1875 1182 1916 protestantibus
1209 1876 1447 1908 inventum
1474 1874 1607 1916 rejici
1632 1874 1773 1908 debet.

303 1956 594 1999 Declaraiio.
619 1958 671 1995 Ut
694 1960 819 1995 stat-us
835 1958 1078 2006 quaestionis
1094 1958 1168 1995 rite
1184 1958 1446 2008 intelligatur,
1470 1957 1764 2006 praemittimus
1792 1952 1831 1996 1.
1853 1966 1933 1993 11011

186 2017 296 2065 rejici
318 2031 340 2054 a
360 2017 473 2054 nobis
497 2018 706 2054 discrimen
729 2017 987 2054 articulorum
1010 2017 1100 2054 fidei
1123 2017 1164 2054 in
1188 2017 1604 2054 fundamentales
1626 2019 1672 2053 et
1695 2028 1790 2053 non
1821 2015 1932 2052 fun-

187 2076 518 2122 damentales,
555 2076 587 2114 si
621 2089 663 2114 eo
697 2089 774 2113 non
806 2076 914 2113 aliud
947 2076 1205 2125 significa-tur,
1242 2089 1361 2125 quam
1395 2088 1477 2113 esse
1511 2075 1699 2124 quasdam
1733 2074 1932 2120 veritates,

187 2148 286 2183 quae
308 2135 554 2173 fundamenti
574 2136 701 2172 instar
723 2135 889 2172 aliarum
911 2135 1010 2179 sint;
1043 2137 1112 2172 aut
1149 2136 1338 2184 quasdam
1369 2147 1452 2172 esse
1483 2135 1680 2180 veritates,
1713 2145 1810 2182 quas
1840 2145 1933 2182 prae

187 2194 326 2232 ceteris
349 2195 532 2243 explicite
557 2197 737 2243 oporteat
759 2194 926 2238 credere,
952 2206 1041 2231 cum
1064 2194 1146 2231 sint
1168 2194 1272 2231 vitae
1295 2194 1532 2231 christianae
1546 2193 1813 2237 fundamenta,
1837 2192 1930 2229 dum

187 2253 280 2290 alias
312 2253 502 2302 implicite
534 2254 690 2291 credere
724 2253 895 2290 sufficiat
918 2250 980 2305 (cf.
1003 2266 1040 2290 11.
1069 2251 1181 2304 146).
1223 2253 1343 2302 Rejici
1376 2265 1466 2290 vero
1488 2250 1532 2292 2.
1565 2265 1587 2289 a
1617 2252 1729 2289 nobis
1758 2251 1860 2289 illud
1893 2251 1934 2288 in

188 2324 307 2349 sensu
326 2314 644 2361 protestantium,
663 2313 879 2349 secundum
902 2325 999 2360 quos
1021 2324 1064 2352 a.
1087 2312 1170 2349 sine
1185 2312 1353 2349 haeresis
1369 2312 1531 2349 crimine
1544 2311 1680 2361 negari
1690 2313 1858 2360 possunt
1872 2323 1933 2347 ar-

186 2371 299 2408 ticuli
323 2384 400 2408 non
421 2371 737 2409 fundamentales
750 2372 775 2410 i.
790 2385 821 2409 e.
832 2372 1032 2412 veritates,
1051 2372 1125 2408 etsi
1137 2372 1344 2416 revelatae,
1358 2383 1457 2419 quae
1467 2373 1600 2408 tamen
1610 2372 1657 2407 ut
1669 2371 1792 2419 ajunt,
1805 2381 1933 2418 neque

186 2430 486 2467 fundamentum
510 2431 638 2480 ipsum
660 2431 750 2468 fidei
775 2431 1032 2475 constituant,
1056 2443 1183 2479 neque
1198 2430 1414 2468 necessario
1429 2442 1517 2467 cum
1534 2429 1668 2467 eodem
1682 2429 1933 2473 cohaereant;

187 2487 234 2529 l).
258 2489 430 2526 Ecclesia
452 2502 496 2526 ex
520 2490 702 2527 omnibus
723 2491 771 2527 iis
795 2490 992 2534 coalescit,
1016 2490 1086 2538 qui
1110 2490 1152 2527 in
1173 2489 1539 2526 fundamentalibus
1563 2489 1802 2537 conspirent,
1838 2487 1935 2524 licet

187 2548 229 2585 in
250 2561 329 2585 non
351 2548 714 2586 fundamentalibus
746 2549 793 2586 ab
824 2549 993 2586 invicem
1026 2549 1272 2587 dissentiant.
1316 2548 1427 2592 Quod
1460 2548 1671 2586 discrimen
1702 2546 1844 2584 idcirco
1875 2547 1932 2583 in-

186 2610 390 2652 vexerunt,
413 2610 460 2644 ut
482 2607 693 2645 imminuto
716 2608 1000 2646 credendorum
1022 2620 1198 2653 numero,
1232 2608 1366 2656 plures
1400 2609 1527 2645 sectae
1557 2608 1720 2655 possent
1740 2605 1934 2643 Ecclesiae

189 2678 231 2703 ac
253 2666 428 2703 fidelium
452 2667 579 2703 coetui
601 2667 860 2707 adnumera-ri,
896 2668 1030 2715 itaque
1054 2667 1329 2704 consuleretur
1349 2666 1545 2704 Ecclesiae
1567 2664 1933 2703 catholicitati

186 2728 226 2763 et
247 2725 453 2762 unitati
475 2725 621 2773 quibus
645 2738 685 2762 se
708 2725 917 2763 destitutos
939 2727 1002 2763 vel
1025 2726 1143 2763 inviti
1165 2726 1389 2765 cernebant.
1430 2725 1493 2762 Ad
1513 2723 1818 2773 protestantium
1846 2723 1932 2772 opi-

187 2785 323 2822 niones
347 2784 438 2832 plus
462 2784 642 2821 minusve
665 2787 914 2822 accesserunt
935 2785 1103 2822 rebelles
1126 2785 1185 2821 illi
1222 2797 1266 2822 ex
1299 2784 1512 2828 catholicis,
1546 2783 1616 2831 qui
1645 2783 1863 2820 noluerunt
1893 2794 1934 2819 se

188 2844 380 2892 subjicere
402 2843 566 2880 concilio
589 2843 782 2880 vaticano.
826 2844 873 2880 In
895 2845 976 2881 suis
1000 2844 1105 2882 enim
1129 2843 1388 2881 conventibus
1408 2843 1567 2880 Bonnae
1589 2855 1622 2879 a.
1649 2847 1773 2882 1874.
1822 2847 1930 2882 1875

187 2902 331 2939 habitis
353 2902 537 2940 unionem
560 2901 660 2939 inire
683 2901 763 2939 nisi
786 2905 881 2939 sunt
902 2915 991 2940 cum
1014 2903 1141 2940 omnis
1163 2903 1317 2952 generis
1339 2901 1596 2939 schismaticis
1611 2903 1651 2937 et
1665 2900 1784 2938 etiam
1798 2900 1932 2937 haere-

187 2961 286 3006 ticis,
310 2962 462 2998 servata
483 2960 651 3006 unitate,
674 2963 721 2998 ut.
742 2961 867 3009 ajunt,
891 2962 932 2998 in
954 2962 1194 3005 necessariis,
1218 2960 1410 3010 permissa
1431 2960 1614 2998 libertate
1636 2962 1676 2997 et
1689 2959 1878 2997 varietate
1891 2959 1934 2996 in

188 3020 424 3065 accessoriis,
458 3019 563 3056 inter
585 3032 684 3068 quae
714 3023 926 3057 numerant
956 3033 1034 3057 non
1070 3021 1199 3058 solum
1220 3020 1332 3059 ritus.
1367 3019 1433 3056 sed
1469 3019 1582 3056 etiam
1618 3018 1727 3056 varia
1751 3017 1935 3067 dogmata

187 3081 227 3117 et
248 3079 446 3129 regimen:
477 3091 596 3127 quare
631 3078 805 3116 contenti
842 3081 936 3116 sunt
967 3091 1072 3116 mera
1104 3079 1350 3117 diversorum
1381 3080 1567 3115 coetuum
1597 3076 1933 3115 confoederatione

187 3151 314 3187 neque
337 3138 503 3187 exigunt-
524 3137 731 3176 unitatem.
766 3150 843 3186 qua
865 3137 1044 3175 distincti
1066 3140 1197 3176 coetus
1230 3138 1271 3174 in
1302 3150 1428 3174 unum
1458 3136 1584 3174 veluti
1615 3129 1990 3193 absorberentur-3}
