2175 3382
798 85 895 118 Num
913 84 1103 129 theologia
1120 85 1165 119 sit
1185 85 1349 121 scientia.
1905 91 1931 133 ξ)

202 204 262 245 Ex
283 204 365 245 hac
387 204 627 255 theologiae
659 203 940 244 scholasticae
963 203 1288 245 adumbratione
1312 205 1431 245 facile
1455 204 1715 256 explicantur
1736 205 1932 258 frequens

201 275 506 328 philosophiae,
538 274 789 315 nominatim
824 273 1082 324 dialecticae,
1114 279 1154 315 et
1176 274 1405 327 syllogismi
1427 287 1539 323 usus,
1571 275 1778 316 subtilitas
1800 286 1931 328 quae-

204 346 400 395 stionum,
433 346 726 397 analogiarum
760 346 883 398 copia
915 350 956 386 et
987 345 1199 397 splendor,
1233 346 1275 386 in
1308 345 1458 397 quibus
1490 346 1690 395 nonnulli,
1721 346 1931 387 immerito

202 422 359 465 tamen,
380 421 426 456 ut
448 416 640 466 diximus,
662 415 901 468 theologiae
924 416 1205 457 scholasticae
1227 417 1436 457 rationem
1461 417 1731 457 constituunt.

321 486 386 527 IV.
409 485 634 537 Quaeritur
663 491 818 535 autem,
853 500 951 528 mom
983 487 1181 540 theoloyia
1214 498 1313 527 vere
1345 487 1428 527 dicei
1454 488 1584 540 possit
1615 487 1797 528 scientia.
1838 485 1934 527 Non

207 557 370 606 desunt,
393 557 463 610 qui
484 557 524 597 id
547 562 702 610 negent
715 558 755 613 ¹),
779 556 844 598 vel
867 558 1126 609 distinguant
1147 558 1216 603 ita,
1239 562 1284 598 ut
1306 557 1459 605 dicant,
1482 568 1575 597 eam
1600 568 1691 597 esse
1714 557 1934 597 scientiam

205 627 346 681 quoad
377 639 435 678 se,
468 627 543 669 sed
571 639 658 668 non
680 627 822 680 quoad
843 639 923 667 nos
939 628 985 680 2).
1019 626 1177 667 Verum
1198 627 1307 667 haec
1329 626 1520 679 quaestio
1545 626 1676 677 magis
1700 630 1763 666 est
1784 625 1835 666 de
1857 638 1933 665 no-

205 700 330 748 mine,
363 710 491 751 quam
523 698 574 739 de
606 709 663 738 re.
707 697 751 739 Si
773 698 885 738 enim
909 697 962 738 ad
991 698 1192 739 scientiae
1215 698 1425 738 rationem
1447 709 1533 738 non
1557 696 1763 737 certitudo
1786 695 1934 743 solum,

206 769 281 811 sed
303 769 432 811 etiam
455 768 737 810 evidentia
758 769 1063 821 principiorum
1083 769 1328 820 postuletur,
1350 768 1562 820 theologia
1585 767 1666 808 dici
1688 768 1833 819 nequit
1854 766 1934 806 sci-

207 841 332 882 entia.
355 838 396 881 Si
420 852 522 881 vero
545 839 696 881 sufficit
717 840 968 881 harmonica
990 839 1208 892 dispositio
1231 840 1425 891 partium,
1450 839 1491 879 vi
1513 838 1632 891 cujus
1655 837 1708 878 ad
1730 837 1934 878 unitatem

206 915 441 959 revocetur,
474 910 609 952 solida
641 911 948 951 demonstratio
982 922 1033 951 ex
1065 911 1189 951 certis
1224 910 1450 962 principiis,
1481 921 1506 949 a
1529 908 1679 961 quibus
1701 906 1938 959 dependent

207 982 513 1031 conclusiones,
545 986 591 1022 ut
621 982 664 1022 in
686 982 813 1022 variis
845 981 1074 1034 disciplinis
1108 981 1318 1029 humanis,
1349 980 1463 1021 nulla
1486 984 1549 1020 est
1570 979 1690 1027 ratio,
1723 990 1797 1018 cur
1818 978 1938 1017 theo-

206 1053 342 1105 logiae
364 1053 545 1105 dignitas
568 1053 770 1093 scientiae
793 1052 1032 1104 denegetur.
1075 1052 1162 1093 Imo
1191 1063 1318 1092 sensu
1340 1063 1441 1092 vero
1464 1050 1675 1102 theologia
1699 1049 1780 1090 dici
1801 1052 1939 1100 potest

208 1125 386 1165 scientia
417 1124 606 1165 omnium
638 1123 914 1172 nobilissima,
946 1123 1219 1164 scientiarum
1250 1123 1407 1174 regina,
1438 1122 1613 1162 scientia
1636 1119 1938 1161 transcenden-

208 1195 314 1244 talis,
338 1207 448 1248 quae
470 1196 621 1236 merito
645 1194 898 1247 appellanda
921 1195 974 1235 sit
995 1194 1240 1246 simpliciter
1262 1193 1550 1246 sapientia.
1573 1192 1632 1232 De
1650 1191 1814 1231 ratione
1829 1189 1939 1231 enim

209 1266 442 1319 sapientiae
474 1277 577 1318 prae
608 1266 754 1318 primis
785 1269 881 1306 sunt
917 1265 1073 1317 objecti
1095 1265 1341 1313 sublimitas,
1373 1264 1622 1316 cognitionis
1644 1260 1843 1314 perfectio
1866 1272 1942 1312 per

209 1336 576 1389 investigationem
609 1337 909 1377 altissimarum
933 1348 1160 1377 causarum
1184 1341 1310 1388 atque
1332 1335 1541 1376 fructuum
1564 1332 1773 1374 nobilitas.
1815 1330 1941 1383 Atqui

209 1407 424 1460 theologia
455 1412 627 1460 superat
660 1419 830 1448 omnem
855 1407 980 1448 aliam
1004 1408 1225 1448 scientiam
1248 1406 1567 1454 nobilitate,
1599 1403 1940 1445 sublimitate

211 1484 260 1519 et
292 1479 656 1531 amplitudine
680 1479 853 1532 objecti;
889 1479 1046 1520 eminet
1068 1478 1324 1531 perfectione
1348 1477 1609 1530 cognitionis,
1633 1489 1731 1517 nam
1754 1475 1942 1515 innititur

210 1550 424 1602 principiis
447 1550 692 1591 certissimis
715 1562 765 1591 ex
788 1550 966 1591 scientia
987 1549 1063 1590 Dei
1085 1561 1160 1601 per
1182 1548 1306 1589 fidem
1328 1549 1371 1588 in
1392 1560 1471 1589 nos
1493 1547 1703 1595 derivatis,
1733 1548 1943 1587 scrutatur

211 1632 353 1662 rerum
374 1621 563 1661 omnium
586 1621 813 1662 altissimas
835 1632 999 1670 causas,
1022 1620 1272 1672 illarumque
1293 1619 1347 1660 ad
1361 1618 1493 1660 Deum
1516 1630 1662 1659 earum
1679 1619 1718 1660 A
1734 1621 1775 1658 et
1789 1618 1819 1658 Ω
1834 1615 1943 1656 rela-

211 1693 369 1740 tiones;
393 1692 638 1733 nobilitatur
660 1692 861 1741 fructu,
884 1704 985 1732 nam
1007 1692 1225 1732 hominem
1248 1690 1409 1743 perficit
1431 1690 1673 1737 theoretice,
1695 1687 1882 1740 practice
1904 1691 1940 1727 et

211 1764 254 1804 in
285 1763 433 1804 ordine
465 1763 519 1803 ad
551 1762 697 1804 finem:
730 1768 794 1804 est
825 1763 939 1803 enim
961 1762 1173 1815 quaedam
1195 1761 1444 1814 praelibatio
1466 1760 1639 1801 visionis
1662 1757 1882 1799 beatificae
1899 1757 1943 1812 2).

213 1834 447 1886 Propterea
469 1834 598 1874 etiam
620 1834 858 1885 theologiae
878 1833 1080 1885 competit
1094 1832 1392 1885 praerogativa
1408 1830 1625 1884 judicandi
1646 1829 1720 1880 „de
1734 1827 1945 1881 principiis

214 1904 393 1945 aliarum
423 1904 718 1945 scientiarum:
750 1903 953 1956 quidquid
986 1905 1097 1944 enim
1129 1904 1172 1944 in
1203 1903 1294 1944 aliis
1326 1902 1510 1943 scientiis
1540 1900 1750 1941 invenitur
1780 1897 1945 1939 veritati

213 1975 337 2027 hujus
369 1975 572 2016 scientiae
604 1987 857 2027 repugnans,
889 1979 1025 2015 totum
1060 1974 1370 2015 condemnatur
1400 1977 1444 2014 ut
1471 1971 1665 2020 falsum“,
1696 1974 1741 2011 ut
1771 1969 1895 2010 docet
1916 1982 1947 2008 s.

213 2046 443 2087 Thomas
460 2049 512 2098 3);
546 2050 586 2087 et
618 2045 670 2087 de
704 2046 792 2098 ejus
823 2046 866 2086 in
896 2046 1044 2098 primis
1076 2045 1215 2086 studio
1248 2044 1419 2096 intelligi
1453 2043 1618 2091 debent,
1650 2052 1759 2094 quae
1780 2040 1893 2080 idem
1915 2052 1946 2081 S.

214 2116 363 2158 doctor
385 2129 418 2160 c,
434 2121 578 2169 gentes
594 2116 621 2166 I,
642 2121 679 2161 2.
695 2116 746 2158 de
769 2116 1003 2169 sapientiae
1025 2116 1164 2157 studio
1187 2115 1461 2168 pronunciat:
1490 2114 1624 2165 „Inter
1646 2112 1789 2153 omnia
1810 2109 1947 2151 studia

213 2187 446 2237 hominum,
468 2188 702 2240 sapientiae
725 2188 910 2229 studium
934 2191 999 2228 est
1020 2186 1257 2240 perfectius,
1280 2186 1498 2227 sublimius
1521 2189 1562 2226 et
1582 2183 1722 2225 utilius
1737 2187 1777 2223 et
1794 2182 1948 2234 J'ucun-

361 2354 388 2395 ¹)
408 2351 506 2394 Quos
524 2353 568 2387 cf.
587 2353 685 2397 apud
702 2352 733 2386 D
746 2363 828 2386 enz
840 2353 852 2385 i
864 2365 887 2385 n
899 2364 922 2396 g
935 2363 952 2386 e
964 2363 991 2392 r,
1010 2351 1098 2385 Vier
1116 2351 1258 2385 Bucher
1274 2362 1347 2385 von
1365 2351 1428 2384 der
1446 2350 1643 2394 religiosen
1661 2344 1883 2381 Erkenntnis
1902 2343 1949 2383 ΙΙ,

217 2407 295 2441 578.
331 2404 384 2439 Cf.
405 2406 545 2439 'l'hom
559 2416 606 2439 as
627 2409 658 2440 1.
676 2418 712 2450 p.
732 2417 767 2449 q.
790 2409 805 2439 1
825 2417 856 2441 a..
877 2409 916 2439 2:
945 2405 1110 2449 „Duplex
1139 2406 1194 2439 est
1221 2404 1459 2438 scientiarum
1477 2413 1602 2448 genus.
1636 2399 1822 2442 Quaedam
1851 2397 1947 2432 enim

216 2459 311 2499 sunt,
327 2469 421 2502 quae
433 2458 638 2503 procedunt
652 2470 694 2493 ex
708 2458 901 2503 principiis
915 2459 1014 2492 notis
1027 2457 1168 2491 lumine
1181 2458 1345 2491 naturali
1358 2457 1578 2495 intellectus,
1597 2455 1687 2489 sicut
1704 2450 1948 2487 arithmetica.

215 2512 421 2555 geometria
448 2514 485 2546 et
515 2511 744 2557 hujusmodi:
773 2511 954 2555 quaedam
972 2521 1056 2544 vero
1086 2512 1184 2551 sunt,
1212 2520 1306 2554 quae
1333 2509 1538 2555 procedunt
1565 2519 1607 2542 ex
1635 2504 1826 2551 principiis
1853 2503 1949 2537 notis

215 2565 356 2599 lumine
387 2564 585 2609 superioris
610 2565 795 2605 scientiae,
823 2564 921 2598 sicut
938 2564 1169 2609 perspectiva
1187 2563 1351 2609 procedit
1379 2572 1421 2596 ex
1439 2561 1632 2607 principiis
1651 2560 1749 2593 notis
1776 2568 1841 2602 per
1867 2565 1948 2599 geo-

215 2617 398 2651 metriam.
416 2617 464 2652 Et
476 2618 546 2652 hoc
559 2619 665 2652 niodo
681 2630 708 2652 s.
723 2618 895 2652 doctrina
909 2618 964 2651 est
978 2618 1140 2659 scientia,
1159 2617 1246 2661 quia
1259 2615 1425 2662 procedit
1439 2626 1481 2650 ex
1497 2614 1688 2660 principiis
1702 2611 1799 2646 notis
1813 2609 1949 2644 lumine

217 2669 413 2714 superioris
432 2670 619 2711 scientiae,
638 2681 731 2715 quae
750 2670 826 2704 scil.
847 2672 902 2704 est
919 2670 1072 2704 scientia
1091 2670 1159 2705 Dei
1177 2672 1215 2704 et
1231 2670 1436 2703 beatorum.
1466 2667 1569 2701 Unde
1588 2667 1681 2700 sieut
1698 2663 1855 2697 musicus
1874 2671 1949 2695 cre-

221 2723 277 2756 dit
287 2722 468 2767 principio
482 2723 619 2757 tradito
632 2724 703 2757 sibi
714 2724 760 2757 ab
772 2723 1017 2764 arithmetico,
1038 2724 1091 2757 ita
1103 2735 1130 2758 s.
1142 2723 1311 2757 doctrina
1325 2721 1441 2756 credit
1457 2720 1637 2765 principio
1656 2718 1816 2752 revelato
1843 2715 1911 2749 sibi
1930 2726 1949 2747 a

217 2775 326 2810 Deo.‘
362 2776 415 2810 Cf.
435 2776 676 2811 Schrader
694 2776 717 2810 1.
737 2787 766 2811 c.
784 2789 819 2810 n.
837 2778 902 2815 89;
923 2776 1171 2811 Scheeben
1189 2781 1205 2818 ξ
1223 2778 1268 2811 49
1287 2787 1331 2810 ss.

361 2833 386 2870 2)
405 2828 458 2863 Cf.
477 2828 673 2864 Maurus
693 2842 753 2874 qq.
772 2828 952 2864 theol.l.1
975 2842 1009 2873 q.
1028 2832 1067 2865 6:
1088 2830 1181 2864 Tan
1195 2841 1277 2864 ner
1295 2829 1407 2864 theol.
1420 2826 1662 2871 scholldisp.
1687 2829 1698 2859 1
1721 2836 1754 2867 q.
1778 2828 1789 2857 1
1813 2822 1898 2856 dub.
1917 2826 1947 2854 2.

362 2888 388 2933 ³)
409 2887 462 2922 Cf.
481 2900 507 2923 s.
525 2889 730 2923 Thomas
749 2889 766 2922 1
783 2900 816 2932 q.
838 2891 855 2922 1
876 2899 908 2922 a.
928 2890 959 2927 6,
986 2888 1025 2922 in
1052 2888 1181 2933 primis
1199 2887 1447 2923 Scheeben
1471 2888 1568 2924 §522
1595 2883 1859 2926 Hettinger
1887 2879 1949 2912 der

221 2940 458 2985 Organismus
478 2942 542 2975 der
561 2941 1112 2976 Universitatswissenschaften
1130 2941 1206 2976 und
1225 2940 1283 2975 die
1302 2940 1472 2985 Stellung
1490 2940 1552 2972 der
1570 2936 1768 2979 Theologie
1796 2934 1833 2968 in
1852 2933 1948 2966 cleni-

219 2992 355 3027 selben.

362 3048 390 3091 4)
410 3050 440 3080 1.
458 3059 493 3091 p.
513 3059 547 3092 q.
570 3052 586 3082 1
608 3059 627 3082 a
647 3051 667 3083 6
686 3049 731 3083 ad
749 3050 781 3082 3.
817 3048 869 3082 Cf.
889 3048 1135 3092 Kleutgen
1154 3047 1279 3081 Theol.
1298 3046 1362 3079 der
1380 3046 1483 3079 Vorz.
1502 3046 1527 3077 t.
1548 3043 1613 3079 ult.
1633 3043 1666 3076 d.
1687 3047 1705 3076 5
1724 3052 1751 3075 c.
1772 3045 1787 3081 ξ
1810 3045 1838 3074 1.
