2175 3382
204 155 289 195 370
378 150 498 182 'si-act.
521 148 578 181 111.
599 148 642 181 de
660 147 835 191 primatu.
855 147 1045 188 Quomodo
1067 147 1194 181 Petrus
1215 147 1546 191 repraesentaverit
1568 147 1777 180 Ecclesiam.

205 274 301 310 sunt
323 267 683 321 superaedificati:
716 267 772 307 ita
804 267 847 307 in
879 278 953 307 eos
985 277 1166 319 quoque,
1198 278 1293 306 curn
1327 266 1411 306 sint
1438 266 1551 306 cives
1574 267 1689 317 regni
1712 265 1941 307 coelorum.

204 352 249 381 se
282 337 480 380 extendet
503 342 693 390 potestas
716 338 898 378 clavium
923 337 1048 378 Petro
1073 338 1294 389 promissa.
1339 336 1443 376 Hinc
1476 337 1628 377 merito
1660 337 1784 377 insert
1809 334 1844 377 G
1840 348 1937 400 Ε-

204 410 393 467 gQius
416 409 467 453 M.
491 408 537 450 V.
561 419 624 461 ep.
643 412 698 453 20
721 409 775 450 ad
798 408 1038 450 Mauritium
1063 409 1180 460 imp:
1212 406 1406 458 „Cunctis
1421 406 1692 458 Evangelium
1713 407 1943 448 scientibus

203 482 343 535 liquet.
367 481 479 535 quod
505 494 610 523 voce
633 481 846 522 dominica
869 485 1018 520 sancto
1043 485 1084 520 et
1106 480 1296 520 omnium
1321 478 1612 531 apostolorum
1630 478 1805 530 principi
1818 477 1943 519 Petro

205 553 400 605 apostolo
423 555 552 594 totius
576 553 790 593 Ecclesiae
814 563 916 591 cura
939 551 1169 591 commissa
1202 555 1266 591 est
1289 583 1296 589 .
1321 582 1328 590 .
1353 583 1358 589 .
1392 549 1473 601 Ipsi
1496 549 1668 589 dicitur:
1706 547 1767 588 Tu
1798 562 1840 590 es
1870 548 1943 589 Pe-

205 629 294 664 trus
318 657 325 663 .
353 657 360 664 .
388 661 393 666 .
430 623 484 664 Et
508 625 580 665 tibi
603 623 709 664 daho
734 622 864 663 clares
887 623 1002 675 requi
1025 622 1224 661 coelorum
1249 626 1328 661 etc.
1371 619 1477 661 Ecce
1501 620 1643 661 claves
1666 623 1784 672 regni
1805 619 1943 661 Coele—

204 695 279 735 stis
302 695 467 747 accipit,
491 699 681 747 potestas
704 694 741 734 ei
764 692 919 745 ligandi
943 703 993 732 ac
1016 691 1207 732 solvendi
1231 691 1439 733 tribuitur.
1463 703 1567 732 cura
1591 691 1627 732 ei
1651 691 1779 732 totius
1800 689 1944 731 Eccle-

205 766 294 807 siae
317 771 359 806 et
379 765 640 818 principatus
664 763 975 804 committitur.“
1026 760 1082 803 Cf.
1107 775 1144 802 n.
1169 765 1255 807 353
1278 775 1308 802 S.

327 869 421 903 355.
456 859 681 903 Scholion
705 860 746 902 I.
792 861 984 908 Quomodo
1006 860 1144 897 Petrus
1167 863 1509 909 repraesentaverit
1532 861 1749 898 Ecclesiam.
1774 883 1830 887 —
1851 861 1942 898 Pro·

205 926 343 961 vocant
369 922 582 959 adversarii
604 933 673 970 pro
698 934 768 958 sua
792 920 989 958 sententia
1012 919 1059 956 ad
1082 920 1271 967 quaedam
1295 920 1510 969 Augustini
1542 920 1781 964 testimonia,
1814 919 1884 966 qui
1906 920 1946 956 in

206 983 267 1019 Ps.
295 988 373 1022 103
398 994 434 1018 n.
468 989 475 1017 1
507 981 662 1018 scribit:
697 979 924 1024 „Quaedam
948 979 1146 1021 dicuntur,
1171 991 1270 1027 quae
1292 978 1340 1016 ad
1362 979 1583 1027 apostolum
1606 980 1770 1016 Petrum
1790 978 1947 1028 proprie

204 1041 399 1090 pertinere
421 1040 641 1083 videantur,
676 1051 745 1076 nec
766 1042 899 1076 tamen
922 1038 1066 1075 habent
1099 1038 1295 1075 illustrem
1329 1038 1586 1082 intellectum,
1619 1038 1697 1075 nisi
1728 1049 1816 1075 cum
1847 1036 1946 1075 refe-

205 1103 349 1138 runtur
371 1099 417 1136 ad
440 1099 662 1143 Ecclesiam,
687 1099 799 1146 cujus
822 1098 891 1134 ille
914 1097 1141 1146 agnoscitur
1156 1097 1196 1134 in
1211 1096 1337 1146 figura
1352 1099 1526 1146 gestasse
1541 1109 1764 1145 personam,
1786 1099 1948 1146 propter

205 1159 431 1208 primatum,
456 1171 572 1206 quem
595 1158 636 1195 in
659 1157 865 1206 discipulis
888 1156 1039 1200 habuit,
1080 1156 1197 1193 sicuti
1219 1159 1298 1193 est:
1341 1156 1424 1193 Tibi
1445 1156 1541 1193 dabo
1562 1157 1681 1206 claves
1702 1157 1810 1206 reyni
1830 1156 1946 1194 coelo-

207 1224 333 1256 rum<
367 1218 418 1256 Cf.
441 1218 558 1255 etiam
590 1219 638 1254 tr.
664 1224 715 1257 50
741 1217 781 1254 in
803 1216 865 1253 Jo.
897 1228 933 1253 n.
963 1222 1034 1255 12:
1067 1218 1116 1253 tr.
1148 1222 1223 1255 118
1259 1219 1298 1252 et
1337 1222 1414 1255 124
1437 1228 1475 1252 n.
1501 1222 1545 1258 5;
1578 1227 1690 1256 serm.
1731 1221 1806 1255 149
1839 1227 1876 1255 n,
1903 1221 1948 1257 7;

207 1280 340 1315 contra
361 1276 508 1316 advers.
530 1276 629 1326 legis
643 1288 672 1313 c.
694 1282 740 1316 17
758 1289 765 1320 ;
787 1275 920 1312 Beda
941 1275 983 1312 in
1005 1275 1029 1312 J
1033 1286 1116 1312 oan.
1143 1281 1208 1319 21,
1227 1281 1278 1314 33
1296 1277 1366 1312 etc.
1398 1274 1508 1311 Unde
1523 1274 1711 1319 inferunt,
1734 1273 1948 1312 Ecclesiam

207 1349 288 1374 esse
310 1337 429 1385 hujus
451 1335 657 1385 potestatis
681 1335 915 1384 subjectum.
951 1334 1119 1383 ideoque
1141 1346 1223 1371 eam
1251 1334 1364 1371 Petro
1387 1334 1552 1382 ejusque
1582 1334 1624 1371 in
1654 1334 1830 1382 primatu
1861 1345 1947 1371 suc-

207 1395 423 1433 cessoribus
445 1398 600 1432 tantum
624 1407 668 1431 ex
690 1393 884 1431 Ecclesiae
907 1393 1150 1443 delegatione
1173 1392 1393 1430 convenire.
1430 1393 1576 1430 Verum
1598 1392 1710 1430 facile
1738 1391 1950 1430 difficultas

210 1455 387 1499 solvitur,
410 1454 525 1492 modo
547 1456 710 1491 notetur

326 1511 368 1554 1.
393 1513 537 1563 duplex
557 1513 763 1562 potestatis
786 1512 978 1561 distingui
1002 1512 1236 1560 subjectum,
1274 1511 1498 1559 subjectum
1521 1511 1709 1548 nimirum
1741 1509 1948 1548 utilita—

206 1574 276 1610 tis
299 1575 339 1611 et
362 1573 586 1622 subjectum
607 1570 909 1609 inhaesioni
924 1583 950 1608 s.
995 1570 1180 1608 Libenter
1201 1570 1461 1616 concedimus,
1497 1570 1708 1608 Ecclesiam
1742 1582 1826 1607 esse
1857 1570 1949 1607 sub-

202 1634 364 1679 jectum,
388 1632 429 1669 in
452 1632 565 1680 cujus
587 1631 805 1668 utilitatem
829 1642 1011 1667 concessa
1032 1629 1155 1667 fuerit-
1178 1630 1346 1667 clavium
1370 1633 1556 1678 potestas.
1594 1629 1662 1666 sed
1693 1629 1852 1667 omnino

207 1704 354 1741 gamus,
378 1704 463 1729 eam
485 1690 703 1728 universim
726 1692 939 1739 spectatam
961 1701 1044 1726 esse
1067 1689 1186 1726 etiam
1208 1688 1450 1726 inhaesionis
1473 1689 1710 1737 subjectum.
1751 1688 1835 1726 Hoc
1847 1688 1912 1726 eni

204 1763 283 1788 non
304 1751 430 1788 solum
452 1752 647 1799 repugnat
669 1749 875 1787 universae
897 1748 1141 1796 antiquitati,
1164 1760 1302 1785 verum
1325 1748 1445 1785 etiam
1468 1747 1518 1785 iis
1542 1747 1730 1785 omnibus
1743 1747 1950 1793 refellitur,

206 1810 350 1858 quibus
371 1810 513 1847 thesim
536 1808 911 1846 demonstravimus.
955 1808 1006 1848 Cf.
1028 1820 1065 1844 n.
1092 1813 1186 1848 250.
1231 1807 1514 1857 Distinguatur

322 1866 366 1909 2.
391 1869 535 1917 duplex
557 1867 876 1916 repraesentandi
898 1867 1037 1904 modus
1059 1876 1102 1907 a.
1126 1867 1354 1916 typicus,
1379 1866 1449 1915 qui
1473 1866 1637 1914 quidem
1651 1865 1860 1915 multiplex
1874 1869 1952 1910 est;

205 1929 247 1965 in
269 1941 309 1966 re
331 1940 423 1965 vero
445 1930 581 1965 nostra
603 1927 670 1964 ille
692 1926 903 1975 praecipue
925 1926 1124 1963 mentione
1148 1929 1208 1963 est
1229 1925 1384 1975 dignus,
1423 1925 1492 1974 qui
1514 1925 1703 1973 competit
1724 1925 1951 1974 exemplari.

207 1987 480 2037 paradigmati,
504 1986 609 2035 quod
631 1986 763 2035 aliquo
787 1985 900 2022 modo
921 1988 1192 2034 repraesentat
1215 1985 1345 2022 omnia
1367 1998 1422 2027 ea,
1457 1997 1557 2033 quae
1580 1984 1628 2021 ad
1650 1984 1752 2021 illud
1773 1987 1867 2021 sunt
1887 1997 1951 2022 ex-

207 2059 360 2095 pressa;
394 2044 442 2087 b.
461 2045 742 2094 juridicus,
778 2056 856 2093 quo
880 2044 1022 2092 aliquis
1046 2044 1216 2081 alterum
1237 2046 1507 2092 repraesentat
1537 2044 1601 2081 vel
1622 2055 1667 2080 ex
1698 2043 1818 2092 hujus
1848 2043 1952 2081 dele-

208 2106 377 2155 gatione,
399 2105 464 2142 vel
485 2105 636 2142 ratione
659 2105 722 2141 sui
743 2103 929 2149 muneris,
966 2103 1214 2148 characteris,
1239 2103 1459 2153 dignitatis,
1494 2102 1805 2151 independenter
1825 2103 1874 2139 ab
1896 2103 1951 2140 al-

209 2165 334 2202 terius
357 2164 612 2214 delegatione,
649 2176 694 2200 ex
711 2164 802 2212 jure
826 2163 907 2200 sive
938 2163 1111 2199 naturali
1145 2162 1227 2199 sive
1260 2163 1439 2211 positivo,
1474 2173 1598 2210 eoque
1629 2162 1692 2198 vel
1724 2161 1858 2199 divino
1890 2162 1954 2199 vel

209 2224 391 2261 humano.
433 2224 495 2261 Ita
516 2222 798 2272 paterfamilias
820 2224 1090 2270 repraesentat
1112 2221 1308 2258 familiam.
1352 2221 1503 2266 Quibus
1525 2220 1751 2269 praemissis

328 2281 368 2323 3.
392 2282 637 2320 concedimus
660 2282 820 2319 Petrum
843 2284 1154 2330 repraesentasse
1176 2281 1388 2318 Ecclesiam
1404 2280 1646 2329 juridice,
1682 2292 1761 2317 non
1793 2279 1954 2328 quidem

210 2354 255 2378 ex
277 2342 396 2390 hujus
420 2341 675 2390 delegatione,
708 2354 824 2389 quam
848 2353 967 2389 supra
988 2340 1204 2387 rejecimus,
1238 2340 1305 2377 sed
1328 2341 1530 2388 tamquam
1561 2340 1646 2387 ejus
1677 2339 1883 2387 primatem
1914 2342 1954 2376 et

210 2401 479 2449 praepositum
501 2413 544 2437 ex
568 2401 774 2438 voluntate
797 2399 941 2437 Christ-i
977 2399 1168 2448 principis
1200 2400 1368 2448 pastoris
1399 2405 1439 2436 et
1460 2398 1653 2436 Ecclesiae
1684 2398 1855 2435 auctoris
1877 2399 1953 2444 iam

211 2459 404 2497 divinitus
437 2460 696 2509 designatum,
729 2471 808 2496 non
840 2458 1024 2496 dissimili
1055 2458 1206 2495 ratione
1239 2462 1357 2506 atque
1392 2458 1598 2503 Abraham,
1635 2461 1747 2506 pater
1778 2457 1954 2494 omnium

211 2518 465 2563 credentium,
490 2531 534 2555 ex
557 2518 626 2555 Dei
650 2530 812 2555 munere
835 2530 968 2555 omnes
990 2517 1300 2566 repraesentavit
1333 2517 1547 2561 credentes,
1581 2529 1672 2554 cum
1703 2516 1827 2553 factae
1859 2518 1955 2553 sunt

212 2578 248 2614 ei
268 2577 551 2626 promissiones
575 2577 654 2614 Gal.
682 2584 719 2617 3.
747 2585 767 2616 6
794 2589 844 2614 ss·
883 2576 1205 2626 Repraesentavit
1227 2589 1383 2625 quoque
1405 2577 1537 2625 typice
1559 2575 1751 2613 Ecclesiae
1764 2576 1951 2624 pastores,

212 2639 409 2684 quatenus
445 2639 527 2673 erat
549 2639 669 2685 typus
701 2648 863 2673 suorum
897 2636 1127 2685 praesertim
1161 2647 1425 2673 successorum
1458 2635 1703 2682 aliorumque
1737 2636 1952 2682 pastorum,

212 2696 281 2744 qui
303 2696 349 2733 ad
372 2696 455 2744 ejus
477 2695 698 2743 exemplum
720 2695 909 2744 temporis
943 2695 1058 2744 lapsu
1089 2695 1208 2743 hujus
1239 2695 1447 2743 potestatis
1478 2693 1702 2730 redduntur
1731 2693 1954 2742 participes,

332 2751 377 2794 4.
401 2754 509 2791 Hanc
531 2754 748 2803 Augustini
771 2766 854 2791 esse
878 2754 1096 2791 doctrinam
1118 2755 1229 2802 patet
1251 2766 1295 2790 ex
1318 2754 1401 2801 ipso
1423 2752 1649 2790 testimonio
1672 2764 1790 2801 supra
1822 2752 1952 2797 allato,

214 2826 260 2850 ex
281 2813 423 2851 ultimo
444 2817 493 2852 tr.
517 2812 560 2849 in
581 2813 693 2850 Joan.
717 2825 754 2852 n.
780 2820 800 2853 5
820 2826 827 2849 :
861 2839 878 2857 »
891 2813 1083 2850 Ecclesiae
1117 2813 1258 2850 Petrus
1290 2812 1491 2861 apostolus
1522 2813 1683 2859 propter
1713 2811 1955 2860 apostolatus

215 2873 276 2910 sui
297 2872 571 2921 primatum
603 2872 763 2921 gerebat
787 2871 950 2921 figurata
982 2871 1238 2921 generalitate
1267 2875 1525 2920 personam;‘
1557 2883 1602 2907 ex
1633 2882 1745 2908 serm.
1770 2876 1821 2910 76
1844 2882 1882 2908 n.
1907 2876 1952 2909 3:

215 2931 442 2976 1>Ecclesiae
465 2931 631 2980 figuram
652 2933 824 2978 portans,
864 2931 1110 2979 apostolatus
1141 2930 1407 2979 principatum
1436 2932 1623 2973 tenens;‘
1657 2941 1701 2965 ex
1733 2941 1845 2966 serm.
1875 2934 1951 2969 169

214 3004 252 3029 n.
277 2997 302 3030 4
325 2992 365 3028 et
389 2997 442 3031 54
465 3003 502 3027 11.
532 2997 564 3029 1.
591 2995 612 3030 3
638 2989 681 3026 in
701 3001 801 3026 nova
823 2990 895 3026 PP.
918 2990 1013 3026 bibl.
1037 2990 1095 3027 ed.
1119 2990 1214 3026 Mai
1235 2992 1265 3026 t.
1287 2989 1316 3026 I.
1361 2988 1606 3038 Quapropter
1905 2984 1911 2988 ’

333 3047 377 3090 5.
399 3053 531 3098 patres
553 3047 702 3097 passim
724 3048 874 3093 docent,
899 3061 943 3085 ex
967 3049 1083 3085 Petro
1105 3048 1147 3085 in
1169 3048 1378 3085 Ecclesiam
1403 3047 1574 3085 derivari
1595 3048 1693 3084 hanc
1707 3048 1953 3095 potestatem.

216 3109 275 3145 lta
300 3108 672 3146 Tertullianus
705 3106 904 3155 Scorpiace
936 3120 965 3144 c.
996 3115 1065 3147 10:
1101 3108 1333 3152 ,MementQ
1367 3107 1491 3144 claves
1522 3106 1732 3144 Dominum
1754 3106 1882 3151 Petro,
1915 3107 1954 3142 et

2162 2188 2175 2218 aa
2156 2153 2170 2174 Ψ
2156 1894 2175 2142 &nemun-⁴*
