2175 3382
247 113 332 151 35⁴5
455 103 574 136 Tract.
595 101 654 137 111.
673 101 717 135 de
736 101 911 145 primatu.
931 100 1057 134 Thes-is
1077 98 1252 133 Lxxvu.
1275 99 1299 132 li
1318 108 1473 142 quorum
1492 98 1579 132 fides
1598 99 1771 142 suspecta

247 227 441 264 obnoxius
465 255 472 262 .
499 254 505 261 .
530 254 537 261 .
561 223 796 261 Sacerdotali
828 223 973 260 honoro
1005 224 1045 259 vt
1067 221 1337 259 communione
1360 220 1562 264 catholica,
1595 232 1743 258 necnon
1766 220 1883 258 etiam
1906 232 1929 257 a
1949 219 1992 257 fi-

252 286 398 324 dolium
432 296 594 321 numero
627 286 870 332 segregatus,
903 282 1104 318 sublatum
1136 281 1209 316 til-i
1244 292 1384 317 nomen
1415 282 1455 316 et
1477 292 1619 316 munus
1641 278 1848 316 ministerii
1869 290 1992 317 sacer-

249 345 393 383 dotalis
425 355 589 393 agnoscu
623 356 651 378 s.
675 342 845 390 Spiritus
863 341 1015 390 judicio
1039 344 1075 377 et
1100 339 1311 388 apostolica
1334 351 1403 387 pcr
1424 350 1494 375 nos
1517 338 1750 375 auctoritate
1771 337 1994 382 damnatus2

252 415 533 452 nunquamque
565 401 825 439 anathematis
848 399 1016 437 vinculis
1047 398 1289 436 exuendus‘
1334 397 1473 434 Merito
1504 409 1596 446 ergo
1630 396 1921 434 Bernaldus
1951 395 1994 434 in

251 466 363 501 tract.
386 462 433 499 de
456 460 652 499 solutione
669 461 983 508 juramentorum
1000 471 1038 494 n.
1055 464 1090 502 3,
1106 456 1311 494 recensitis
1324 455 1505 505 pluribus
1528 456 1715 505 exemplis
1737 455 1994 504 depositionis

250 523 522 572 episcoporum
544 533 612 569 per
631 531 810 556 romanos
829 518 1032 567 praesules
1054 518 1186 559 factae,
1208 515 1405 553 concludit
1418 513 1594 566 (Migne
1616 521 1707 559 148,
1727 511 1874 567 1242):
1892 513 1995 558 „Sed

253 583 446 619 incassum
470 578 744 618 laborabimus.
779 578 811 613 si
840 577 1017 626 singulas
1040 575 1266 624 hujusmodi
1288 573 1552 623 depositiones
1574 585 1801 611 enumerare
1822 573 1994 611 volueri·

253 652 366 681 mus;
401 652 491 677 nam
523 639 632 687 prius
660 637 772 674 nobis
796 637 910 679 diem,
943 648 1059 684 quam
1083 634 1257 683 exempla
1280 633 1326 671 de
1349 633 1493 671 talibus
1515 632 1676 670 deficere
1698 645 1776 670 non
1797 631 1995 670 dubitabi-

255 711 368 739 mus·
427 697 550 742 Quam
582 697 630 734 ob
663 709 743 733 rem
776 708 805 733 s.
828 694 1124 731 Bernardus
1156 705 1214 741 ep.
1240 699 1322 733 ‘239
1357 692 1404 729 ad
1428 692 1648 742 Eugenium
1669 690 1739 728 ΙΙΙ.
1761 703 1907 741 urgens
1928 690 1994 728 de-

252 758 490 808 positionem
514 755 716 794 Guilielmi
739 753 1002 792 eboracensis:
1038 752 1160 797 „Quis
1183 752 1299 794 enim.
1333 751 1475 799 inquit,
1508 751 1548 788 in
1575 763 1696 788 manu
1717 751 1810 788 forti
1831 750 1996 800 sagittas

255 818 411 855 mittere
443 819 580 865 potest,
616 814 692 851 nisi
725 813 831 850 filius
864 824 1116 849 excussorum
1140 811 1219 863 (Ps.
1248 817 1340 856 126,
1366 808 1437 863 4)‘.³
1480 810 1554 854 Qui
1584 810 1714 847 locum
1736 809 1843 847 Petri
1872 811 1996 854 tenet,

254 880 385 925 potest-
415 887 494 913 uno
526 875 606 911 ictu
638 873 888 922 exstinguere
912 871 1115 915 Ananiam,
1149 882 1228 907 uno
1252 869 1450 907 Simonem
1472 882 1680 919 magnum:
1712 870 1754 906 et
1774 872 1821 906 ut
1841 867 1997 917 planius

254 936 360 984 qnod
382 935 583 982 loquimur
605 932 684 979 fiat,
720 930 1023 980 peremptoriam
1048 931 1138 967 dare
1161 929 1398 966 sententiam
1421 928 1468 965 ad
1491 928 1777 977 depositionem
1799 927 1996 977 episcopo-

255 1008 354 1040 rum,
388 993 508 1031 solius
539 991 689 1029 romani
719 990 917 1040 pontificis
949 989 1127 1026 noscitur
1158 1000 1263 1026 esse:
1296 1000 1366 1037 pro
1399 1000 1443 1025 eo
1474 987 1673 1033 nimirum,
1706 986 1812 1036 quod
1833 986 1908 1024 etsi
1929 985 1996 1023 alii

255 1054 371 1091 multi
392 1052 518 1090 vocati
541 1054 632 1088 sunt
656 1050 696 1087 in
718 1052 870 1098 partem
897 1044 1203 1093 sollicitudinis
1224 1047 1330 1085 solus
1353 1047 1435 1096 ipse
1458 1046 1744 1095 plenitudinem
1768 1045 1910 1083 habeat
1928 1057 1997 1094 po—

251 1113 450 1150 testatis}

374 1206 472 1246 379.
497 1201 766 1253 Quapropter
797 1201 841 1243 6.
878 1199 951 1250 illi,
984 1211 1158 1254 quorum
1187 1198 1289 1251 fides
1320 1198 1364 1237 in
1395 1197 1667 1251 suspicionem
1700 1195 1997 1249 adducebatur,

258 1275 422 1315 solliciti
442 1275 573 1326 suere,
597 1276 641 1312 ut
664 1284 704 1312 se
718 1275 953 1326 puryarent
977 1269 1092 1324 apud
1107 1269 1220 1310 Petri·
1241 1268 1494 1310 cathedram.
1517 1267 1579 1308 Ita
1601 1266 1868 1318 Origenes
1891 1270 1997 1308 teste

258 1343 492 1386 Eusebio
514 1342 581 1392 Vl,
603 1346 659 1387 36
690 1341 767 1393 „ad
789 1334 1027 1382 Fabianum
1049 1351 1256 1381 romanae
1278 1338 1395 1380 urbis
1418 1338 1666 1391 episcopum
1689 1338 1731 1390 (†
1753 1337 1856 1393 250)
1879 1341 1922 1378 et
1942 1335 1998 1378 ad

256 1416 496 1469 complures
511 1414 617 1455 alios
632 1413 909 1454 ecclesiarum
924 1411 1133 1452 antistites
1156 1410 1208 1451 de
1230 1414 1347 1451 recta
1370 1408 1466 1450 fidei
1487 1420 1591 1450 suae
1614 1408 1781 1449 ratione
1795 1407 1997 1460 epistolas

256 1487 422 1540 scripsit
456 1486 560 1542 (περὶ
594 1494 663 1544 τῆς
696 1483 785 1527 κατ’
822 1482 937 1526 αὐτὸν
973 1483 1272 1538 ὀρθοδοξιας)“,
1306 1492 1416 1534 quae
1451 1478 1755 1532 significantius
1790 1477 1998 1531 expressit

257 1558 622 1610 Hieronymus
644 1567 707 1608 ep.
732 1558 788 1599 84
809 1567 849 1594 n.
878 1557 950 1598 10:
981 1552 1095 1606 „lpse
1118 1549 1321 1604 Origenes
1343 1552 1387 1592 in
1409 1550 1600 1604 epistola,
1623 1562 1753 1603 quam
1774 1549 1922 1591 scribit
1941 1549 1997 1590 ad

257 1630 493 1672 Fabianum
516 1638 724 1669 romanae
746 1625 862 1666 urbis
885 1625 1145 1677 episcopum,
1177 1623 1483 1676 poenitentiam
1506 1622 1602 1674 agit,
1636 1633 1711 1662 cur
1742 1621 1844 1662 talia
1864 1620 1998 1673 scrip-

261 1702 373 1750 serit,
405 1704 447 1741 et
478 1710 654 1740 causam
676 1696 929 1738 temeritatis
960 1696 1003 1736 in
1024 1694 1300 1736 Ambrosium
1323 1693 1462 1742 refert,
1492 1692 1607 1746 quod
1633 1696 1800 1734 secreto
1822 1691 1936 1733 edita
1955 1691 2000 1732 in

262 1772 477 1824 publicum
499 1768 754 1823 protulerit.“
804 1766 976 1819 Majoris
999 1765 1204 1807 momenti
1226 1769 1290 1806 est
1311 1764 1563 1817 Dionysii
1589 1763 1694 1805 alex.
1719 1761 1833 1816 apud
1853 1761 1998 1803 sedem

262 1842 542 1896 apostolicam
564 1840 758 1893 purgatio
782 1840 834 1895 (c.
851 1851 886 1880 a.
904 1838 1020 1895 262),
1044 1837 1163 1890 cujus
1184 1837 1424 1878 luculentus
1446 1835 1566 1877 testis
1588 1839 1653 1876 est
1673 1833 1935 1876 Athanasius
1955 1833 2000 1874 in

259 1914 283 1957 l.
316 1913 370 1954 de
401 1912 611 1954 sententia
632 1910 752 1952 Dion.
783 1923 822 1951 n.
857 1912 923 1954 13.
965 1908 1075 1950 Nam
1105 1921 1225 1959 „cum
1248 1907 1475 1961 Dionysius
1506 1907 1731 1959 episcopus
1753 1942 1762 1950 .
1785 1938 1794 1946 .
1817 1938 1827 1946 .
1848 1909 2000 1946 contra

265 1983 437 2025 Sabellii
466 1983 679 2024 haeresim
711 1981 764 2023 ad
787 1980 1063 2022 Ammonium
1096 1985 1138 2021 et
1158 1979 1482 2031 Euphranorem
1505 1977 1644 2019 studio
1668 1976 1883 2029 religionis
1903 1987 2000 2029 per-

260 2061 402 2097 motus
416 2055 665 2108 scripsisset,
689 2052 863 2106 quidam
885 2063 937 2093 ex
951 2051 1140 2092 Ecclesia
1163 2050 1327 2099 fratres,
1350 2061 1483 2090 sanae
1497 2048 1666 2102 quidem
1681 2047 1902 2089 doctrinae
1923 2046 2003 2088 ho-

263 2127 411 2176 mines,
431 2138 519 2167 non
541 2124 742 2166 sciscitati
764 2128 908 2164 tamen
931 2134 1041 2171 eum,
1064 2134 1149 2175 qua
1171 2121 1223 2162 de
1245 2133 1377 2162 causa
1399 2121 1457 2161 ita
1478 2120 1727 2172 scripsisset,
1748 2118 1933 2160 Romam
1954 2129 2001 2159 se

266 2197 484 2239 contulere
514 2196 715 2248 illumque
747 2194 861 2247 apud
893 2193 1191 2246 cognominem
1214 2192 1464 2245 Dionysium
1495 2202 1722 2232 romanum
1754 2189 2001 2242 episcopum

262 2272 529 2311 accusarunt.
572 2266 734 2318 Quibus
765 2265 833 2307 ille
866 2264 1050 2306 auditis.
1075 2296 1082 2304 .
1107 2296 1115 2304 .
1147 2263 1260 2304 misit
1290 2273 1460 2316 quoque
1491 2261 1546 2302 ad
1569 2260 1817 2314 Dionysium
1842 2260 1999 2309 literas,

262 2343 308 2379 ut
341 2338 557 2387 indicaret,
592 2350 676 2390 qua
710 2337 762 2378 de
796 2348 842 2378 re
877 2340 1104 2377 accusatus
1135 2334 1190 2376 ab
1213 2333 1292 2375 illis
1313 2333 1470 2377 fuisset.
1512 2331 1582 2373 Ille
1617 2344 1720 2373 vero
1755 2342 1885 2385 quam
1913 2330 2000 2383 pri-

262 2422 377 2450 mum
413 2409 477 2449 sui
511 2408 719 2461 purgandi
753 2419 885 2449 causa
917 2406 1048 2447 libros
1082 2405 1221 2453 edidit,
1264 2417 1371 2457 quos
1404 2403 1618 2456 inscripsit
1652 2402 1926 2443 Elenchus
1959 2404 2001 2442 et

264 2479 303 2520 Α
313 2492 338 2532 p
351 2491 374 2519 o
386 2479 400 2519 l
413 2491 437 2520 o
451 2492 474 2531 g
484 2479 497 2519 i
508 2484 568 2523 a.“

383 2576 491 2614 Fidei
523 2589 615 2614 suae
647 2577 838 2614 rationem
869 2575 1042 2612 reddidit
1072 2573 1122 2627 (a.
1147 2574 1246 2623 342)
1277 2573 1382 2622 apud
1403 2572 1555 2610 Julium
1578 2571 1856 2609 Marcellus
1886 2581 2001 2618 ancy—

264 2648 394 2673 ranus.
419 2636 543 2680 ³>Cum
575 2635 759 2673 nonnulli
791 2647 835 2672 ex
858 2634 918 2679 iis,
952 2634 1008 2671 ita
1028 2634 1097 2671 ille
1118 2633 1158 2670 in
1180 2645 1250 2670 sua
1271 2645 1329 2681 ep.
1351 2644 1389 2669 n.
1417 2639 1450 2677 1,
1479 2631 1548 2679 qui
1569 2630 1674 2680 quod
1695 2631 1800 2667 recte
1819 2641 1898 2666 non
1918 2640 2002 2666 cre-

262 2695 414 2740 derent,
447 2698 560 2731 antea
591 2694 840 2731 condemnati
871 2695 963 2731 sunt
995 2692 1141 2741 quique
1167 2705 1189 2729 a
1208 2704 1270 2729 me
1293 2691 1334 2727 in
1356 2691 1518 2728 nicaena
1538 2689 1684 2739 synodo
1706 2687 1875 2726 convicti
1896 2688 2000 2732 sunt,

264 2757 400 2791 contra
430 2766 492 2790 me
524 2753 570 2790 ad
602 2753 791 2801 pietatem
820 2755 931 2789 tuam
964 2752 1131 2789 scribere
1161 2763 1240 2788 non
1263 2749 1543 2793 dubitaverint,
1576 2760 1637 2785 me
1658 2760 1729 2786 nec
1749 2748 1854 2785 recte
1874 2757 2002 2794 neque

257 2812 480 2850 secundum
494 2811 686 2849 Ecclesiae
708 2811 926 2849 doctrinam
948 2810 1107 2855 sentire,
1131 2809 1278 2847 crimen
1300 2821 1418 2846 suum
1438 2808 1479 2845 in
1500 2820 1562 2845 me
1583 2807 1756 2845 nitentes
1769 2805 1999 2849 transferre3

265 2874 474 2920 propterea
503 2870 726 2908 necessario
756 2871 854 2907 mihi
878 2870 1035 2907 Romam
1057 2868 1295 2906 veniendum
1325 2870 1365 2905 et
1395 2866 1716 2904 commonendum
1749 2863 1901 2914 putavi,
1932 2862 2002 2912 qui

264 2943 342 2976 eos,
375 2930 444 2979 qui
466 2933 603 2967 contra
633 2941 693 2966 me
724 2929 977 2977 scripserunt,
1000 2940 1231 2966 accerseres:
1263 2928 1311 2964 ut
1331 2939 1420 2964 cum
1441 2925 1704 2971 advenissent,
1737 2924 1784 2962 de
1805 2923 1958 2962 duobus
1979 2935 2003 2959 a

263 3002 326 3027 me
357 2989 682 3027 convincerentur
714 2989 784 3025 etc.
797 2993 814 3011 «
857 2988 918 3024 Ita
953 2986 1057 3036 apud
1089 2989 1255 3024 eundem
1285 2984 1507 3034 pontificem
1537 2996 1706 3034 purgare
1736 2995 1777 3021 se
1807 2981 1887 3020 nisi
1908 2983 2003 3019 sunt

265 3048 300 3084 V
311 3049 427 3086 alen
438 3060 455 3085 s
487 3050 527 3085 et
557 3047 588 3084 U
599 3059 647 3084 rs
659 3059 680 3084 a
692 3058 711 3084 c
724 3046 738 3083 i
749 3059 776 3083 u
788 3059 804 3083 s
839 3043 888 3097 (a.
923 3043 1035 3098 349),
1068 3045 1100 3083 V
1111 3045 1264 3083 italis
1293 3044 1501 3093 presbyter
1531 3043 1787 3081 antiochenus
1816 3038 1866 3094 (a.
1900 3036 2001 3092 378)

2170 3218 2175 3223 .
2160 1799 2175 3198 .-—M.a—⁴Q-hess-—Q
