2175 3382
200 116 282 157 3354
484 109 540 142 Tr.
565 108 621 141 [ll.
642 107 686 142 dc
705 108 878 153 primatu.
899 107 997 141 Finis
1015 107 1197 151 primatus
1215 106 1331 149 exigit
1343 106 1637 150 jurisdictionem

198 245 314 281 quam
339 230 463 279 ipsius
485 229 644 266 virtuti:
670 230 737 266 sed
759 242 854 278 quae
876 231 992 266 stulta
1015 235 1102 266 sunt
1126 229 1261 265 mundi
1283 229 1386 277 εἶθ-(χέε
1412 228 1526 275 Deus,
1565 233 1603 264 ut
1634 227 1843 276 confundat
1875 239 1937 263 sa-

198 292 351 338 pientes,
376 295 406 326 et
430 290 585 337 infirma
610 289 742 325 numdi
764 289 867 337 elegsit
894 289 1006 337 Deus,
1044 293 1083 325 ut
1107 287 1318 334 confundat
1337 288 1459 334 fortia
1484 290 1568 331 etc„
1592 291 1631 322 ut
1654 299 1727 323 non
1756 286 1940 334 (llorietur

198 350 320 386 omnis
341 360 431 385 caro
453 349 493 384 in
515 353 710 395 conspectu
736 348 806 384 Dei
829 347 883 397 (1.
907 348 989 384 Cor.
1022 354 1051 392 l,
1079 353 1126 386 27
1155 344 1223 398 8.);
1261 346 1315 382 ita
1348 345 1638 393 sapientissime
1672 343 1862 393 permisit,
1894 347 1940 381 ut

198 407 366 445 subinde
388 407 519 443 minus
543 406 665 455 digni,
703 406 780 443 imo
803 411 841 444 et
864 406 1016 455 indigni
1040 407 1220 443 sederent
1254 405 1295 441 in
1327 404 1510 441 cathedra
1533 403 1651 448 Petri,
1685 416 1733 440 ne
1766 404 1939 452 ipsorum

197 465 443 515 prudentiae,
468 465 680 513 sapientiae
709 465 876 513 aliisque
908 464 1156 502 naturalibus
1187 464 1248 500 vel
1281 464 1399 500 eiiam
1431 462 1798 511 supernaturalibus
1829 474 1938 510 prae-

198 525 385 574 rogativis
409 524 653 562 tribueretur
686 525 889 572 primatus.
933 524 1058 566 Quare
1090 525 1247 560 tantum
1279 523 1399 566 abest,
1435 525 1477 558 ut
1513 521 1693 558 scandalo
1724 521 1940 558 affiviamur

197 588 359 633 propter
381 583 630 632 quorundam
655 583 884 631 pontificum
907 583 1098 626 maculas;
1138 584 1184 619 ut
1205 581 1338 631 potius
1362 581 1401 617 in
1426 581 1497 618 hoc
1520 580 1759 617 admiremur
1782 580 1850 618 Dei
1880 592 1938 617 sa-

198 643 389 692 pientiam
413 647 531 690 atque
555 642 765 679 fateamur:
792 642 947 691 Diye'tus
969 642 1041 678 Dei
1062 646 1113 678 est
1136 642 1194 677 laic
1217 639 1301 693 (Ex.
1327 647 1362 685 8,
1389 640 1442 691 9).

317 726 414 767 339.
438 722 766 765 Coi-ollarium
790 721 828 765 Ι.
863 720 1078 761 l’rimatus
1098 722 1195 773 sinis
1218 719 1668 773 emissitJurisdictionis
1682 722 1937 773 potestatem.

203 820 254 824 —
280 792 323 834 Si
346 797 488 833 autem
513 792 703 833 Christus
728 791 869 839 voluit,
902 795 947 832 ut
970 791 1024 832 ad
1046 791 1220 831 unitatis
1244 790 1481 831 catholicae
1504 789 1744 830 custodiam
1767 792 1809 830 et
1830 792 1937 830 tute-

199 864 282 906 lam
307 876 417 904 unus
442 862 654 903 Ecclesiae
678 862 837 914 praesit
858 866 1016 914 pastor,
1040 874 1127 902 non
1150 873 1312 901 meram
1337 861 1392 901 illi
1416 861 1590 901 unitatis
1613 864 1938 912 repraesentan-

198 935 277 976 dae
294 934 549 982 facultatem,
565 932 639 973 sed
655 933 744 985 ejus
768 933 816 973 l'o
830 945 850 973 r
862 945 902 973 m
916 944 942 973 a
955 946 980 973 n
993 932 1018 972 d
1033 944 1056 972 a
1071 944 1093 973 e
1115 936 1156 973 et
1171 931 1455 972 continendae
1471 931 1552 972 vim
1570 931 1694 983 plane
1710 930 1938 979 efficacem,

193 1005 530 1058 jurisdictionem
564 1003 650 1045 scil.
683 1005 869 1045 contulit.
913 1002 1036 1054 Quod
1067 1002 1232 1044 videtur
1263 1003 1388 1055 plane
1411 1001 1695 1051 manifestum,
1727 1013 1821 1042 cum
1846 1001 1938 1042 sola

198 1076 369 1118 unitatis
392 1076 787 1128 repraesentatione
811 1078 938 1127 atque
961 1074 1094 1126 figura
1116 1074 1348 1114 schismata
1371 1072 1459 1113 tolli
1482 1076 1709 1125 nequeant,
1739 1084 1790 1112 ac
1820 1076 1937 1113 tanta

197 1147 417 1187 hominum
443 1145 666 1187 multitudo
689 1147 732 1186 in
755 1150 842 1186 tam
866 1150 1109 1186 consertam
1125 1144 1331 1185 unitatem
1348 1143 1559 1196 compingi
1583 1155 1670 1183 non
1692 1143 1837 1195 possit,
1859 1143 1938 1184 nisi

198 1216 622 1269 adsitpraecipiendi,
646 1216 871 1269 obligandi,
894 1215 1094 1268 puniendi
1110 1219 1313 1268 potestas,
1337 1218 1424 1262 Quo
1448 1215 1561 1255 enim
1585 1214 1718 1266 magis
1741 1213 1936 1255 diffusum

198 1299 353 1339 corpus
367 1287 536 1334 sociale,
560 1299 611 1328 eo
634 1287 848 1339 potentior
870 1286 994 1327 debet
1018 1298 1112 1327 esse
1130 1287 1262 1326 virtus
1278 1285 1545 1326 attractionis
1560 1290 1706 1326 centro
1722 1285 1936 1333 attributa,

198 1362 243 1398 ut
263 1357 363 1398 illud
386 1358 428 1398 in
450 1358 611 1399 unitate
635 1360 874 1399 contineat:
907 1370 1034 1410 quam
1058 1357 1302 1406 illationem,
1335 1369 1418 1410 qua
1441 1357 1586 1397 omnia
1607 1356 1774 1397 romani
1797 1356 1936 1408 ponti-

197 1427 286 1469 ficis
303 1428 401 1481 jura
416 1428 589 1481 probari
612 1432 653 1469 et
675 1429 874 1470 illustrari
889 1433 1081 1481 possunt,
1105 1427 1236 1469 fusius
1252 1440 1363 1469 nunc
1378 1440 1464 1468 non
1479 1427 1724 1469 evolvimus.
1747 1427 1790 1468 Id
1812 1438 1937 1479 prae-

197 1500 394 1540 stiterunt
416 1499 566 1540 fratres
589 1499 862 1540 Ballerini
894 1501 936 1540 in
968 1500 1136 1552 egregio
1160 1511 1290 1551 opere
1322 1499 1374 1540 de
1406 1499 1446 1539 vi
1468 1510 1520 1539 ac
1542 1498 1708 1539 ratione
1731 1498 1936 1551 primatus

197 1581 303 1610 rom.
325 1570 571 1622 pontilicum
594 1582 628 1611 c.
643 1574 680 1615 8.
705 1568 904 1623 Sequitur
926 1575 1068 1611 autem
1093 1582 1144 1611 ex
1167 1570 1249 1611 hoc
1273 1570 1512 1624 corollario,
1536 1569 1750 1610 neminem
1773 1569 1937 1610 censeri

197 1653 324 1694 posse
338 1641 552 1682 Ecclesiae
575 1641 817 1682 membrum
840 1654 916 1683 seu
939 1642 1210 1690 catholicum,
1233 1642 1304 1694 qui
1326 1654 1413 1682 non
1435 1641 1602 1681 vinculo
1627 1640 1817 1693 ejusdem
1841 1639 1938 1681 fidei

197 1716 239 1752 et
261 1713 576 1753 communionis
599 1725 695 1753 cum
718 1725 899 1754 romano
923 1712 1133 1765 pontifice,
1155 1714 1330 1754 unitatis
1352 1717 1511 1759 centro,
1533 1712 1723 1752 sociatur
1744 1710 1801 1767 (n.
1822 1710 1938 1767 307),

197 1795 297 1823 nam
320 1782 404 1831 ,ubi
429 1782 590 1830 Petrus,
614 1783 671 1824 ibi
692 1783 894 1825 Ecclesia⁴
916 1785 958 1839 1),
981 1784 1116 1836 inquit
1137 1783 1460 1824 Ambrosius
1485 1783 1527 1823 in
1551 1782 1615 1824 Ps.
1641 1784 1696 1826 50
1718 1794 1758 1825 n.
1780 1785 1848 1826 30.

317 1857 413 1898 340.
437 1852 762 1898 θοι-0110111111]
783 1855 846 1898 ΙΙ.
869 1854 1087 1896 Primatus
1106 1855 1205 1908 finis
1228 1855 1352 1907 exiyit
1376 1853 1693 1908 infallibilitatis
1711 1865 1937 1908 praeroya-

199 1925 338 1964 ticam.
363 1950 419 1954 —-
442 1922 666 1964 Coronidis
698 1924 793 1965 loco
816 1925 1054 1975 statuimus,
1087 1938 1183 1966 cum
1207 1925 1375 1966 romani
1398 1923 1607 1977 pontificis
1630 1923 1938 1976 praerogativa,

198 2006 282 2046 qua
304 1994 528 2035 universae
551 1994 766 2036 Ecclesiae
798 2001 861 2036 est
883 1997 1055 2037 unitatis
1079 2001 1271 2038 centrum
1304 2000 1346 2037 et
1373 1996 1503 2048 origO,
1534 1995 1681 2036 intime
1704 1994 1937 2036 cohaerere

199 2065 288 2117 ejus
312 2065 355 2105 in
377 2064 472 2106 fidei
496 2065 690 2115 decretis,
720 2078 814 2107 cum
838 2067 1082 2108 universam
1106 2066 1338 2108 Ecclesiam
1361 2067 1604 2107 authentice
1627 2065 1763 2108 docet.
1786 2064 1936 2106 infalli-

198 2135 417 2177 bilitatem.
462 2133 575 2177 Sane
606 2150 648 2180 a.
682 2137 821 2178 unitas
842 2136 1058 2179 Ecclesiae
1090 2139 1276 2179 maxime
1308 2138 1434 2189 exigit
1465 2137 1670 2178 unitatem
1702 2135 1808 2185 fidei,
1841 2147 1937 2176 cum

198 2205 300 2247 fides
323 2207 375 2246 sit
397 2206 610 2248 Ecclesiae
633 2207 974 2249 fundamentum:
1008 2209 1209 2261 quocirca
1231 2209 1421 2250 haeresis
1445 2220 1519 2249 seu
1543 2207 1761 2248 dissensus
1783 2206 1838 2247 ab
1859 2205 1936 2248 Ec-

346 2323 367 2361 ¹)
386 2323 571 2357 Audiatur
589 2324 681 2357 mira
699 2324 890 2367 confessio,
910 2336 1019 2368 quam
1038 2327 1193 2359 extorsit
1210 2326 1263 2359 rei
1282 2325 1468 2359 evidentia
1487 2324 1610 2359 Luth
1622 2335 1668 2358 er
1681 2335 1700 2357 o
1730 2325 1816 2367 post
1832 2334 1937 2358 suam

200 2374 454 2415 defectionem,
475 2387 556 2409 cum
575 2379 613 2410 in
632 2377 655 2411 l.
675 2376 890 2411 Unteiricht
916 2378 983 2411 auf
1006 2377 1141 2411 01111110
1159 2378 1317 2416 Artikel,
1348 2380 1446 2417 1519,
1475 2382 1528 2411 1ta
1555 2376 1702 2411 scribit:
1730 2376 1814 2410 dass
1840 2376 1938 2410 (11080

201 2428 333 2461 Kirche
352 2429 409 2462 fiir
424 2429 521 2463 allen
537 2428 699 2463 anderen
715 2431 847 2475 geehrt
861 2431 925 2472 sei,
938 2432 989 2464 ist
1003 2431 1091 2465 kvin
1106 2431 1263 2473 Zweifel,
1275 2431 1372 2465 deun
1391 2431 1557 2465 daselbst
1567 2432 1618 2465 st.
1634 2430 1823 2465 Pete-ruod
1838 2430 1937 2472 Paul,

198 2484 243 2515 46
264 2481 396 2524 Piipste
415 2482 489 2515 und
508 2483 581 2516 viel
600 2483 917 2518 hunderttausend
936 2485 1118 2529 Martyrer
1135 2486 1194 2519 1111·
1211 2485 1299 2519 Blut
1318 2494 1524 2529 vergosoeu,
1542 2483 1601 2518 die
1619 2483 1726 2518 Helle
1742 2484 1818 2518 und
1840 2484 1940 2518 Welt

199 2535 462 2571 iiberwunden,
481 2536 562 2569 dass
582 2548 667 2569 man
686 2536 784 2569 wohl
804 2538 994 2581 begreifen
1015 2549 1110 2583 mag,
1139 2540 1207 2572 wie
1235 2549 1301 2582 gar
1325 2540 1431 2572 einen
1460 2539 1686 2572 besonderen
1707 2538 1938 2583 Augenblick

201 2589 292 2622 ‹iott
310 2588 376 2620 auf
391 2588 490 2621 diese
510 2588 643 2622 Kirche
660 2588 738 2623 hat.
758 2588 812 2623 Ob
831 2601 867 2623 es
886 2602 960 2624 nun
982 2590 1098 2624 leider
1111 2603 1156 2625 zu
1171 2591 1260 2625 Rom
1278 2590 1355 2625 also
1371 2590 1479 2630 steht,
1495 2591 1559 2624 das
1573 2590 1672 2625 wohl
1684 2591 1806 2625 besser
1817 2592 1938 2636 taugt,

199 2650 237 2674 80
257 2639 302 2673 ist
323 2639 417 2673 dorh
437 2640 535 2674 diese
553 2640 629 2674 u..d
647 2641 753 2674 keine
771 2641 911 2676 Ursacli
938 2653 976 2677 so
1003 2654 1107 2688 gross
1137 2645 1229 2677 noch
1257 2643 1405 2677 werden
1432 2653 1529 2687 mag,
1557 2643 1639 2676 dass
1668 2654 1753 2676 man
1772 2643 1849 2677 sich
1868 2653 1938 2678 von

199 2692 392 2726 der-elben
414 2693 544 2727 lx'irche
561 2694 698 2728 reissen
717 2695 804 2728 oder
822 2695 995 2730 scheiden
1015 2697 1096 2730 soll.
1115 2696 1172 2738 Ja,
1186 2696 1226 2741 je
1248 2695 1352 2730 iibler
1372 2706 1408 2730 es
1429 2696 1513 2730 dort
1527 2696 1673 2740 zugeht,
1686 2696 1720 2741 je
1736 2697 1839 2731 mehr
1852 2708 1936 2732 man

200 2745 371 2779 zulaufen
391 2746 464 2779 und
493 2748 690 2790 anhangen
722 2747 800 2787 soll,
832 2749 926 2783 denn
956 2750 1069 2783 dun-h
1088 2750 1284 2784 Abreisscn
1311 2749 1387 2783 und
1406 2749 1611 2783 Verachten
1642 2761 1679 2784 es
1697 2751 1802 2784 nicht
1819 2751 1939 2785 besser

199 2798 302 2832 wird.
337 2798 378 2832 Ja
399 2799 460 2832 11111
480 2799 858 2841 Γ011115110111011018111111
887 2802 974 2836 oder
992 2802 1120 2843 Urbel,
1149 2803 1207 2836 die
1235 2813 1321 2836 man
1348 2792 1540 2847 gedenken
1567 2803 1653 2836 oder
1681 2814 1825 2837 nennen
1843 2814 1938 2848 mag,

200 2850 271 2885 soll
287 2863 373 2886 man
395 2852 453 2885 die
472 2851 559 2886 wa
578 2855 733 2887 tieuncn
762 2853 838 2887 und
857 2854 915 2888 die
933 2856 1104 2898 geistlich
1125 2855 1314 2897 Einigkeit
1340 2854 1492 2890 theilen.
1526 2855 1598 2889 Der
1616 2856 1802 2900 Einigkeit
1820 2855 1939 2889 sollen

201 2905 269 2938 wir
286 2905 383 2939 A‹·ht
402 2905 572 2943 1101110011,
590 2906 666 2939 und
685 2906 744 2940 bei
762 2907 853 2941 Leib
871 2907 976 2941 nicht
993 2907 1256 2942 widerstreben
1276 2911 1320 2952 pti
1329 2907 1510 2952 pstlichen
1530 2909 1707 2944 (jehoten.
1727 2909 1844 2946 δ10110,
1863 2919 1937 2942 nun

200 2957 286 2991 hoff'
305 2956 375 2996 ich,
395 2969 432 2992 es
450 2959 500 2992 sei
519 2958 693 2999 ofl'enhar,
712 2959 795 2992 dass
815 2961 872 2993 ich
891 2960 954 2994 der
972 2961 1176 2995 1011118011ου
1192 2961 1326 2995 Kirche
1343 2962 1464 2995 nichts
1479 2961 1637 2996 0011111011
1650 2963 1738 2996 will.
1755 2964 1823 2995 wie
1839 2961 1936 2995 mich

200 3011 320 3044 meine
339 3011 460 3045 lieben
479 3011 644 3046 Freunde
673 3012 849 3046 schehen.
885 3013 974 3047 Dem
1006 3014 1170 3058 heiligen
1201 3015 1410 3049 romischen
1428 3014 1536 3048 Stuhl
1567 3015 1636 3049 soll
1663 3027 1749 3049 man
1774 3015 1814 3049 in
1840 3015 1938 3049 allen

199 3063 347 3109 Dingen
365 3065 499 3110 folgen.
537 3065 589 3099 Cf.
608 3075 731 3110 opusc,
755 3065 794 3107 X,
816 3069 858 3100 16
877 3077 921 3100 88.
