2175 3382
263 176 289 215 4
677 167 946 211 l‘rolegomenu.
966 166 1188 211 'l'heologiac
1207 167 1446 201 scholasticae
1465 167 1578 201 notio.

263 300 366 330 sane
390 293 550 334 utatur;
582 297 719 339 neque
743 287 788 330 d.
814 287 855 327 in
878 287 1176 339 quaestionum
1200 286 1520 327 subtilitate
1541 290 1591 342 1);
1625 298 1762 339 neque
1785 300 1825 330 c.
1850 287 1893 327 in
1915 299 1996 327 co-

263 364 392 400 natu
425 357 746 399 demonstrandi
769 357 968 398 veritates
1003 357 1212 398 revelatas
1235 369 1284 398 ex
1309 356 1540 398 earundem
1564 369 1659 398 cum
1684 358 1859 398 rationis
1882 358 1996 410 prin-

263 431 379 482 cipiis
402 428 695 471 consonantia.
739 427 900 478 Quibus
932 427 1046 468 falsis
1070 427 1315 468 notionibus
1338 427 1516 479 rejectis,
1549 427 1805 479 theologiam
1827 427 1996 469 schola-

261 501 423 548 sticam,
447 511 556 552 quae
580 499 708 539 modo
731 511 787 551 sp
801 498 1045 539 eculativ
1059 510 1085 539 a
1107 503 1296 547 vocatur,
1319 499 1376 539 ita
1398 510 1449 539 ex
1465 498 1556 550 ejus
1571 510 1703 550 scopo
1719 498 1997 539 describimus

261 583 355 612 cum
373 569 548 612 Gener
564 571 617 625 z):
648 568 874 622 „Equidem
897 581 1017 610 mera
1040 569 1135 610 fidei
1157 569 1371 621 dogmata,
1395 581 1503 622 quae
1527 581 1577 610 ex
1601 580 1776 610 munere
1799 580 1876 610 suo
1891 569 1995 622 dog-

261 640 652 693 matico-polemica
673 641 886 693 theologia
909 641 1071 690 asserit,
1093 646 1224 693 urget,
1257 653 1308 682 ac
1330 641 1526 689 vindicat,
1547 640 1802 681 scholastica
1824 652 1875 681 ex
1897 652 1997 692 pro-

260 712 352 765 prio
384 713 574 753 instituto
608 710 928 764 quaestionibus
959 711 1045 751 suis
1081 711 1339 763 amplissime
1363 711 1544 763 explicat
1566 711 1779 764 nitideque
1802 711 1997 752 elucidat.

259 783 330 824 Illa
362 783 558 823 nimirum
591 782 888 835 mysteriorum
921 782 1082 823 t'idem
1105 782 1229 823 unice
1252 782 1434 835 respicit,
1465 782 1573 823 haec
1597 787 1738 823 autem
1762 782 1995 824 eorundem

260 854 711 906 intelligentiam,
744 857 785 894 et
817 857 1022 906 quantum
1055 853 1117 894 l'as
1150 857 1213 894 est
1235 853 1596 906 penetrationem;
1617 854 1686 894 illa
1709 852 1833 894 fidem
1856 853 1997 906 gignit,

259 925 366 966 haec
389 926 525 977 ipsam
548 924 688 969 nutrit,
711 923 899 972 roborat,
921 924 1114 973 illustrat,
1136 924 1389 976 amplificat3
1412 923 1537 965 efficit
1551 924 1621 965 illa
1635 928 1681 965 ut
1696 924 1866 972 credas;
1888 924 1997 966 haec

259 1000 305 1037 ut
326 1008 435 1049 quae
458 995 605 1044 credis,
629 995 773 1047 capias
797 1007 847 1036 ac
868 994 1082 1036 lubentius
1104 1000 1287 1036 teneas.“
1329 994 1435 1036 Hinc
1458 995 1671 1047 theologia
1692 995 1948 1036 scholastica
1971 1007 1996 1036 a

260 1066 602 1107 conclusionibus
633 1066 871 1117 theologiae
902 1066 1109 1118 positivae
1141 1071 1361 1119 tamquam
1391 1078 1416 1107 a
1438 1066 1652 1118 principiis
1669 1067 1701 1122 3)
1731 1065 1998 1118 progreditur

260 1137 314 1178 ad
337 1138 441 1178 alias
464 1138 758 1179 conclusiones
781 1137 1022 1186 eliciendas,
1046 1142 1091 1178 ut
1114 1149 1223 1190 quae
1245 1138 1288 1178 in
1310 1138 1443 1178 sacris
1465 1137 1596 1178 literis
1620 1137 1996 1190 apostolorumque

259 1208 555 1249 traditionibus
588 1208 732 1249 abdita
761 1209 1042 1257 continentur,
1074 1220 1125 1249 ea
1148 1209 1190 1249 in
1211 1208 1349 1250 lucem
1373 1209 1495 1262 quasi
1518 1220 1540 1249 e
1563 1207 1749 1249 tenebris
1772 1212 1996 1255 eruantur;

259 1280 458 1321 veritates
481 1292 586 1333 quas
613 1280 852 1321 considerat
877 1279 1041 1333 analysi
1063 1279 1241 1332 subjicit,
1274 1280 1382 1320 inter
1404 1291 1450 1320 se
1473 1284 1514 1319 et
1536 1291 1633 1320 cum
1655 1278 1903 1320 veritatibus
1925 1291 1995 1319 ra-

258 1350 485 1392 tionalibus
507 1356 748 1403 comparat:
781 1363 865 1404 qua
887 1351 1209 1403 comparatione
1232 1351 1275 1392 in
1297 1350 1536 1403 multiplicis
1558 1350 1776 1391 relationis
1798 1353 1840 1391 et
1861 1361 1996 1390 nexus

259 1422 542 1474 cognitionem
564 1422 766 1474 pervenit,
788 1422 900 1463 unde
922 1423 1123 1463 veritates
1145 1422 1356 1463 revelatas
1379 1421 1646 1471 confirmare,
1674 1421 1880 1473 analogiis
1902 1420 1995 1461 illu-

258 1498 407 1542 strare,
438 1493 492 1533 ad
524 1493 717 1534 ordinem
748 1493 1046 1534 harmonicum
1078 1505 1293 1541 revocare,
1326 1492 1669 1533 adversariorum
1704 1491 1996 1533 cavillationes

258 1576 309 1605 ex
341 1564 534 1605 idearum
557 1564 817 1613 confusione,
849 1564 1095 1616 dogmatum
1127 1564 1393 1616 ignoratione
1415 1564 1482 1605 vel
1503 1563 1777 1616 perversione
1808 1561 1894 1604 fere
1916 1562 1995 1604 ob-

259 1639 376 1676 ortas
410 1635 569 1676 diluere
601 1640 678 1676 etc.
701 1640 850 1687 potest.
885 1634 991 1676 Hinc
1012 1635 1258 1687 praestabit,
1293 1635 1406 1687 quod
1429 1647 1547 1676 conc.
1573 1636 1809 1675 vaticanum
1833 1646 1936 1677 sess,
1967 1637 1994 1678 3

258 1718 346 1758 cap.
362 1710 390 1750 4
410 1706 635 1759 promittit:
666 1706 825 1757 „Ratio,
849 1706 929 1747 fide
951 1706 1173 1755 illustrata,
1198 1718 1295 1747 cum
1317 1705 1476 1755 sedulo,
1499 1705 1567 1758 pie
1590 1709 1631 1746 et
1652 1704 1794 1746 sobrie
1817 1704 1994 1758 quaerit,

257 1777 443 1830 aliquam
466 1777 553 1818 Deo
577 1778 704 1819 dante
736 1779 1034 1831 mysteriorum
1068 1778 1386 1830 intelligentiam
1409 1789 1590 1830 eamque
1614 1776 1995 1817 fructuosissimam

258 1848 507 1900 assequitur,
538 1853 628 1889 tum
661 1861 710 1890 ex
743 1861 904 1897 eorum,
937 1861 1046 1902 quae
1076 1849 1326 1890 naturaliter
1358 1849 1588 1900 cognoscit,
1619 1842 1828 1899 analogia,
1858 1850 1947 1887 tum
1971 1858 1995 1887 e

257 1919 556 1971 mysteriorum
589 1920 777 1972 ipsorum
798 1931 912 1960 nexu
934 1919 1043 1960 inter
1066 1931 1111 1960 se
1135 1923 1176 1959 et
1199 1931 1296 1959 cum
1318 1918 1399 1960 fine
1422 1918 1605 1959 hominis
1630 1917 1812 1960 ultim0.“
1854 1916 1996 1968 Quare

257 1989 403 2041 paucis
426 1989 507 2030 dici
529 1995 668 2042 potest
691 2002 742 2031 ex
764 1990 979 2042 principiis
1003 1989 1201 2030 revelatis
1223 1993 1265 2029 et
1280 1988 1359 2029 fide
1375 1988 1543 2030 creditis
1558 1988 1793 2029 discursiva
1806 1988 1996 2029 scientia.

404 2119 429 2164 ¹)
450 2120 504 2153 Ita
522 2119 643 2152 minus
657 2119 748 2152 bene
766 2119 793 2152 L
805 2118 817 2151 i
829 2118 881 2152 eb
894 2129 911 2152 e
924 2130 940 2152 r
952 2131 987 2152 m
999 2129 1018 2151 3
1031 2130 1053 2152 3
1066 2130 1090 2151 n
1110 2118 1221 2153 instit
1246 2117 1408 2162 theolog,
1428 2117 1565 2161 proleg.
1588 2119 1603 2149 1
1620 2117 1640 2162 ξ
1655 2121 1694 2151 4:
1716 2116 1892 2158 ,Quando
1910 2126 1994 2150 vero

256 2172 451 2207 artificiose
469 2172 588 2215 magis
606 2183 715 2215 quam
733 2171 942 2215 theologice
961 2171 1004 2205 de
1022 2170 1159 2205 divinis
1178 2170 1328 2205 disserit
1346 2170 1576 2215 (theologia),
1595 2173 1632 2203 et
1650 2169 1767 2203 nimia
1781 2169 1997 2203 curiositate

257 2225 488 2269 quaestiones
506 2226 678 2266 sectatur,
697 2224 851 2258 subtiles
870 2224 988 2269 magis
1005 2235 1116 2267 quam
1136 2223 1257 2263 utiles,
1286 2221 1550 2256 altis-imarum
1568 2232 1690 2256 rerum
1710 2222 1876 2255 omnium
1893 2222 1996 2255 sinus

256 2279 450 2323 penetrare
469 2279 628 2322 cupiens,
647 2280 690 2312 ut
704 2277 797 2312 nihil
812 2278 869 2317 sit,
888 2277 990 2321 cujus
1006 2287 1081 2310 non
1093 2276 1183 2311 velit
1198 2276 1380 2310 rationem
1394 2275 1554 2314 reddere,
1572 2276 1662 2308 tunc
1676 2273 1917 2308 scholasticae
1931 2284 1994 2308 no-

257 2341 340 2365 men
358 2332 512 2366 obtinet.
524 2340 546 2366 ’ἢ
576 2331 704 2375 Neque
721 2331 853 2365 melius
872 2342 893 2365 a
912 2330 1013 2364 Wie
1026 2332 1068 2365 st
1086 2329 1110 2364 l.
1130 2341 1157 2363 c.
1177 2334 1193 2372 ξ
1212 2333 1256 2365 20
1275 2328 1466 2373 theologia
1484 2328 1704 2362 scholastica
1722 2327 1857 2362 dicitur
1877 2326 1995 2367 ,ratio

257 2384 491 2428 disciplinam
518 2383 708 2428 religionis
727 2395 769 2418 ex
795 2383 1023 2428 praescripto
1050 2383 1310 2428 philosophiae
1339 2382 1590 2416 aristotelicae
1617 2381 1789 2415 tradendi
1815 2381 1852 2415 et
1879 2380 1994 2425 expli-

256 2438 373 2472 candi.
389 2445 395 2457 ⁴³

402 2493 430 2534 2)
449 2491 650 2534 Theologia
670 2489 1069 2535 dogmatico-scholast.
1086 2490 1112 2523 Ι.
1127 2488 1316 2534 prodromi
1335 2490 1358 2526 1,
1379 2499 1406 2523 c.
1427 2491 1447 2522 2
1461 2499 1496 2524 n.
1512 2489 1544 2522 7.
1580 2487 1670 2522 Cum
1690 2487 1853 2522 utilitate
1873 2488 1994 2533 legere

256 2544 395 2589 poteris
413 2545 462 2578 ib.
482 2554 510 2578 c.
530 2545 565 2583 l.,
585 2545 622 2578 in
641 2555 713 2588 quo
731 2544 943 2588 theologiae
962 2543 1205 2578 scholasticae
1223 2543 1378 2577 historia
1404 2542 1534 2587 paucis
1562 2541 1794 2577 describitur.
1829 2541 1994 2575 Eundem

255 2598 331 2632 fere
349 2599 386 2632 in
405 2609 550 2632 sensum
569 2597 697 2631 scribit
716 2597 960 2641 Kleutgen
978 2596 1001 2629 1.
1022 2608 1051 2631 c.
1071 2609 1106 2631 n.
1130 2599 1190 2632 12:
1219 2595 1309 2634 y„Die
1328 2595 1541 2630 Scholastik
1559 2594 1716 2640 beginnt
1733 2595 1807 2629 erst
1823 2594 1918 2635 dort,
1937 2604 1994 2628 wo

257 2651 316 2685 die
333 2651 490 2695 positive
508 2649 707 2694 Theologie
726 2649 894 2688 ansbert:
915 2650 1037 2683 indem
1057 2650 1108 2683 sie
1127 2650 1197 2683 den
1215 2649 1349 2689 Inhalt,
1368 2649 1535 2682 welchen
1552 2648 1611 2682 die
1625 2647 1781 2692 positive
1794 2647 1995 2692 Theologie

258 2732 264 2739 .
285 2733 292 2740 .
312 2730 319 2738 .
339 2716 404 2738 aus
422 2704 492 2738 den
511 2703 665 2745 Quellen
685 2705 750 2738 der
767 2703 966 2748 'l'heologie
984 2703 1164 2737 ermittelt
1182 2703 1258 2744 hat,
1276 2703 1347 2737 mit
1365 2702 1429 2736 der
1447 2701 1684 2746 Speculatiou
1703 2701 1920 2741 bearbeitet‚
1937 2711 1994 2734 so-

257 2758 355 2793 wohl
373 2769 435 2791 um
448 2759 598 2791 weltere
614 2757 875 2790 Erkenntnisse
889 2768 933 2790 zu
947 2756 1154 2801 gewinnen,
1169 2756 1222 2790 als
1239 2756 1335 2790 auch
1349 2767 1412 2789 um
1425 2755 1483 2789 die
1497 2755 1608 2789 schon
1621 2765 1873 2800 gewonnenen
1886 2753 1996 2788 tiefer

256 2811 333 2845 und
351 2810 619 2853 vollstandiger
637 2810 915 2844 aufzufassen.‘.
952 2809 1002 2843 Cf.
1023 2809 1085 2843 Th
1099 2820 1118 2843 o
1132 2821 1165 2843 m
1178 2820 1199 2843 a
1211 2821 1226 2842 s
1244 2809 1411 2852 quodlib.
1429 2813 1452 2842 4
1471 2820 1502 2842 a.
1524 2811 1578 2842 18.

401 2867 426 2903 3)
445 2862 507 2896 Th
521 2872 619 2896 oma
632 2875 647 2897 s
669 2866 697 2897 1.
717 2875 752 2907 p.
773 2875 806 2906 q.
830 2867 845 2896 1
867 2875 898 2898 a.
917 2866 954 2897 8:
986 2863 1113 2902 „Sicut
1131 2863 1226 2896 aliae
1244 2862 1421 2896 scientiae
1439 2871 1512 2895 non
1530 2861 1836 2905 argumentantur
1855 2860 1901 2894 ad
1928 2871 1993 2894 sua

257 2917 441 2963 principia
459 2916 660 2961 probanda.
685 2916 747 2950 sed
766 2927 809 2950 ex
826 2916 1019 2960 principiis
1039 2915 1344 2959 argumentantur
1371 2915 1415 2948 ad
1443 2913 1710 2948 ostendendum
1738 2913 1811 2947 alia
1836 2913 1876 2946 in
1902 2912 1993 2957 ipsis

257 2970 440 3006 scientiis:
459 2970 513 3003 ita-
531 2970 621 3003 haec
640 2969 805 3003 doctrina
824 2980 897 3003 non
915 2972 1197 3013 argumentatur
1214 2968 1262 3002 ad
1280 2979 1347 3002 sua
1364 2967 1549 3013 principia
1567 2967 1770 3011 probanda,
1797 2977 1890 3010 quae
1907 2967 1994 3000 sunt

257 3023 405 3058 articuli
418 3023 513 3063 fidei,
534 3023 595 3056 sed
612 3033 653 3057 ex
669 3023 720 3057 eis
734 3023 900 3067 procedit
915 3023 960 3056 ad
975 3022 1126 3066 aliquod
1141 3022 1419 3062 ostendendum,
1439 3021 1534 3055 sicut
1547 3020 1746 3065 Apostolus
1765 3023 1779 3054 l
1796 3020 1841 3053 ad
1858 3019 1935 3053 Cor.
1951 3024 1991 3053 15

257 3088 300 3111 ex
317 3077 583 3111 resurrectione
603 3076 739 3110 Christi
756 3078 1039 3120 argumentatur
1067 3076 1110 3109 ad
1139 3076 1444 3110 resurrectionem
1470 3084 1698 3108 communem
1727 3073 1990 3118 probandam.¹

256 3130 308 3166 Cf.
329 3141 360 3165 3.
380 3133 419 3169 2;
439 3131 478 3164 in
494 3129 519 3164 1.
533 3128 683 3164 Boethii
698 3129 741 3164 de
755 3129 853 3163 Trin.
869 3142 903 3173 q.
919 3133 938 3163 2
953 3140 985 3162 a.
1002 3132 1022 3162 2
1041 3129 1088 3164 ad
1103 3135 1122 3163 5
1136 3143 1141 3162 ;
1160 3129 1290 3163 Melch.
1311 3131 1336 3163 U
1348 3139 1369 3162 a
1380 3139 1438 3162 nu
1450 3140 1465 3162 s
1483 3127 1528 3162 de
1546 3127 1637 3161 locis
1651 3127 1814 3171 theolog.
1828 3127 1851 3160 l.
1866 3129 1898 3161 8.
1914 3136 1945 3160 c.
1960 3127 1991 3159 2.
