2175 3382
161 142 246 182 496
479 136 598 170 'si-act.
619 135 677 169 IV.
697 135 741 169 de
760 136 840 170 fide.
859 135 986 170 Thesis
1004 135 1194 171 LXXXllI.
1214 136 1420 170 Necessitas
1437 136 1581 180 gratiae

161 262 281 297 actus
314 257 404 308 ejus
437 255 490 296 ad
522 255 701 296 salutem
733 256 962 308 pertinens,
996 268 1078 309 quo
1112 255 1241 297 homo
1274 255 1453 297 liberam
1484 260 1675 308 praestat
1705 255 1784 308 ipsi
1810 254 1901 297 Deo

160 327 459 375 obedientiam,
492 327 653 380 gratiae
685 326 787 379 ejus,
819 327 887 367 cui
918 327 1116 368 resistere
1149 331 1305 379 posset,
1338 326 1645 367 consentiendo
1677 330 1719 367 et
1741 337 1900 378 coope-

158 398 329 439 rando.“
379 397 428 438 Et
451 410 541 442 can.
567 401 615 443 5:
647 396 714 449 „Si
738 399 831 451 quis
854 398 1007 439 dixerit
1029 431 1036 438 .
1062 431 1069 439 .
1094 432 1100 438 .
1129 398 1184 439 ad
1207 398 1343 439 solam
1367 397 1492 439 sidem
1515 398 1669 446 vivam,
1692 411 1802 452 quae
1824 410 1901 452 per

157 471 380 512 caritatem
406 474 620 524 operatur,
642 470 824 522 gratiam
848 469 922 510 Dei
945 470 1233 510 necessariam
1259 481 1364 517 esse,
1389 468 1435 513 A.
1460 467 1523 510 S.“
1564 469 1659 511 ,Jam
1683 473 1781 511 ante
1805 468 1900 511 Cle-

158 553 279 583 mens
301 541 337 582 A
348 555 374 583 u
387 555 411 594 g
423 556 449 583 u
461 547 545 583 stu
557 555 576 583 s
599 541 780 594 archiep.
798 541 933 582 colon.
950 541 1095 582 statuit
1110 541 1314 581 adversus
1336 540 1371 581 H
1384 552 1406 581 e
1418 553 1438 581 r
1450 553 1491 580 m
1505 552 1526 581 e
1539 540 1621 581 siu
1633 553 1695 591 m,
1718 540 1788 594 qui
1803 553 1896 594 gra-

158 613 261 654 tiam
284 613 410 666 exigit
432 618 595 654 tantum
619 612 673 654 ad
695 612 820 653 fidem
842 614 995 661 vivam,
1028 611 1082 652 ad
1109 611 1235 653 fidem
1259 611 1412 661 cordis,
1445 622 1554 665 quae
1577 623 1652 664 per
1675 611 1899 653 caritatem

155 690 367 737 operatur,
402 697 520 737 prop.
544 685 658 740 (13):
701 683 847 735 „Fides
883 689 947 724 est
980 683 1055 724 Dei
1096 683 1256 724 donum
1294 687 1336 724 et
1368 682 1526 733 lumen,
1560 695 1644 736 quo
1667 682 1901 724 illustratus

155 756 284 797 homo
308 755 483 796 firmiter
506 755 735 796 assentitur
757 759 884 807 atque
908 754 1114 795 adhaeret
1136 754 1215 803 his,
1237 765 1360 807 quae,
1383 758 1429 794 ut
1451 753 1690 803 credantur,
1712 758 1811 795 sunt
1833 753 1898 794 di-

155 827 310 868 vinitus
344 827 532 868 revelata
567 831 608 867 et
642 826 695 867 ab
732 825 919 867 Ecclesia
956 825 1078 866 nobis
1113 825 1346 878 proposita.
1360 833 1375 849 ⁴‘
1420 824 1633 866 Probatur
1663 826 1898 878 generatim

153 898 285 939 thesis
309 909 360 939 ex
383 898 580 950 dogmate
595 897 805 938 catholico
830 897 881 938 de
905 897 1066 949 gratiae
1090 896 1143 937 ad
1167 908 1318 938 omnes
1342 900 1462 937 actus
1479 896 1688 938 salutares
1710 897 1898 938 necessi-

154 973 252 1019 tate,
275 974 364 1010 tum
388 969 609 1021 speciatim
633 979 683 1009 ex
707 968 906 1020 dogmate
930 972 1081 1008 contra
1095 967 1452 1020 semipelagianos
1467 971 1639 1016 statuto,
1662 968 1714 1009 de
1737 968 1900 1021 gratiae

153 1041 220 1081 vel
243 1040 297 1081 ad
320 1041 502 1093 primum
519 1039 614 1080 fidei
629 1039 792 1080 initium
809 1039 1077 1087 necessitate,
1100 1038 1151 1079 de
1175 1051 1258 1091 quo
1275 1043 1458 1091 utroque
1473 1043 1619 1080 tamen
1641 1039 1743 1080 data
1765 1051 1900 1092 opera

154 1117 196 1153 et
216 1111 340 1163 longe
365 1111 643 1164 opportunius
666 1111 709 1151 in
730 1114 916 1151 tractatu
939 1110 991 1150 de
1014 1110 1150 1162 gratia
1173 1109 1495 1162 disputabimus.

274 1186 371 1228 481.
397 1183 571 1223 Radices
593 1183 846 1224 necessitatis
863 1183 1032 1236 qratiae
1055 1182 1111 1223 acl
1134 1182 1394 1222 credendum.
1411 1208 1468 1212 —-
1484 1180 1625 1233 Quare
1645 1181 1714 1223 hic
1733 1182 1898 1234 gratiae

153 1255 409 1296 necessitate
432 1254 486 1295 ad
509 1253 604 1295 fidei
627 1258 769 1294 actum
793 1254 1024 1306 supposita,
1048 1252 1187 1305 potius
1210 1253 1252 1293 in
1275 1253 1399 1305 hujus
1422 1253 1689 1294 necessitatis
1711 1253 1899 1307 inquire-

153 1339 248 1367 mus
270 1325 557 1369 fundamenta.
600 1324 845 1377 Requiritur
868 1336 968 1375 ergo
993 1323 1140 1376 gratia,

278 1399 317 1441 1.
341 1402 387 1438 ut
409 1397 583 1448 dissipet
604 1395 929 1437 intellectus
952 1394 1164 1443 tenebras,
1197 1406 1379 1443 errores,
1413 1395 1674 1448 praejudicia
1706 1395 1760 1437 ad
1793 1395 1898 1436 faci-

154 1468 232 1510 lius
255 1468 558 1509 revelationem
574 1467 758 1508 divinam
776 1466 1093 1519 agnoscendam
1116 1465 1501 1518 certitudinemque
1523 1466 1639 1507 illam
1661 1478 1895 1520 assequen-

155 1540 266 1582 dam.
290 1541 380 1581 sine
404 1552 487 1593 qua
509 1539 738 1592 prudenter
761 1538 935 1579 credere
958 1550 1044 1579 non
1067 1550 1318 1590 possumus;
1345 1537 1443 1578 hinc
1467 1537 1898 1591 Chrysostomus

156 1612 200 1652 in
231 1612 295 1653 Ps.
322 1615 405 1656 115
437 1624 475 1652 n.
500 1615 548 1656 2:
591 1609 755 1662 „Quare
787 1614 930 1651 autem
962 1622 1050 1650 non
1081 1608 1184 1649 dixit
1216 1608 1429 1665 (Paulus):
1465 1609 1680 1651 Habentes
1715 1609 1897 1651 eandem

154 1684 291 1733 fidem,
315 1684 389 1725 sed
411 1683 601 1725 habentes
624 1686 759 1723 autem
783 1682 956 1722 eundem
978 1681 1172 1735 spiritum
1193 1680 1291 1734 fidei
1314 1682 1352 1724 2,
1375 1679 1469 1724 Cor.
1484 1684 1523 1729 4,
1552 1681 1634 1725 13?
1657 1714 1664 1721 .
1689 1713 1697 1721 .
1720 1713 1728 1721 .
1752 1685 1896 1722 osten-

155 1756 259 1797 dens
282 1768 388 1808 opus
411 1767 505 1796 esse
520 1753 861 1812 suppeditatione
884 1753 1057 1805 spiritus
1080 1752 1134 1793 ad
1156 1751 1532 1793 conscendendum
1555 1752 1610 1793 ad
1632 1751 1897 1794 altitudinem

154 1826 250 1868 fidei
285 1832 326 1868 et
359 1825 699 1879 vilipendendam
735 1825 950 1866 rationum
988 1824 1090 1879 (scil.
1127 1824 1170 1864 in
1206 1824 1486 1880 contrarium)
1521 1823 1890 1865 imbecillitatem.“

154 1897 275 1941 Nam.
298 1903 344 1939 ut
365 1901 598 1951 praeeunte
620 1895 927 1937 Aristotele
950 1895 1076 1937 docet
1098 1909 1128 1936 s.
1152 1895 1386 1936 Thomas
1415 1900 1448 1939 1.
1473 1899 1498 1940 2
1521 1908 1558 1948 q.
1582 1899 1637 1940 33
1662 1907 1697 1936 a.
1722 1898 1759 1944 3,
1799 1895 1897 1946 „de-

153 1971 404 2012 lectationes
420 1968 664 2021 corporales
681 1971 959 2020 corrumpunt
973 1967 1335 2008 existimationem
1356 1966 1620 2019 prudentiae,
1642 1979 1730 2008 non
1753 1972 1896 2008 autern

155 2043 513 2084 existimationem
536 2041 854 2094 speculativam,
887 2044 1001 2092 puta,
1033 2039 1147 2093 quod
1179 2039 1413 2091 triangulus
1445 2039 1577 2081 habet
1606 2043 1693 2080 tres
1719 2039 1899 2092 angulos

156 2114 355 2167 aequales
379 2113 544 2155 duobus
567 2114 730 2155 rectis.“

273 2186 317 2229 2.
341 2185 584 2238 Requiritur
615 2185 669 2225 ad
700 2184 1010 2237 infringendam
1033 2183 1346 2225 voluntatis
1379 2183 1588 2233 duritiem,
1619 2181 1898 2223 inflectendas

154 2269 378 2310 perversas
401 2257 706 2305 inclinationes,
740 2255 979 2296 sanandam
1001 2254 1354 2301 incredulitatem,
1389 2252 1498 2294 adeo
1530 2257 1577 2293 ut
1607 2251 1898 2293 credibilitatis

156 2330 315 2370 motiva
328 2328 592 2369 voluntatem
615 2331 817 2368 moveant
839 2331 881 2367 et
902 2326 1110 2367 suadeant
1132 2327 1191 2367 ita
1212 2330 1259 2367 ut
1280 2325 1584 2379 persuadeant,
1610 2337 1706 2366 cum
1728 2324 1897 2366 illorum

156 2401 218 2441 vis
241 2404 282 2442 et
304 2399 493 2441 efficacia
515 2399 742 2451 plurimum
765 2397 950 2451 pendeat
972 2410 998 2438 a
1019 2397 1134 2438 bona
1157 2397 1390 2438 voluntatis
1413 2396 1704 2449 dispositione.

274 2472 317 2514 3.
341 2470 485 2523 quue
509 2471 642 2523 magis
666 2470 801 2522 gratia
823 2470 1061 2523 requiritur,
1093 2481 1177 2522 quo
1211 2467 1510 2509 difficilior
1541 2471 1605 2508 est
1636 2471 1756 2508 actus
1787 2466 1895 2510 fidei.

155 2541 228 2583 Est
249 2542 426 2582 difficilis
448 2555 489 2584 a.
514 2542 612 2594 quia
634 2540 730 2581 fidei
753 2545 873 2581 actus
897 2545 961 2581 est
982 2545 1256 2593 praeceptus:
1280 2539 1454 2580 nitimur
1468 2543 1613 2580 autem
1634 2538 1678 2578 in
1699 2539 1897 2586 vetitum;

157 2614 256 2667 quia
278 2615 324 2657 b.
348 2613 451 2654 fides
474 2613 600 2665 exigit
614 2624 835 2653 assensum
852 2613 966 2653 circa
982 2612 1181 2652 veritates
1204 2611 1320 2651 nulla
1343 2610 1509 2651 reddita
1531 2610 1696 2651 ratione
1717 2611 1897 2659 interna,

158 2685 269 2739 quod
302 2685 394 2738 plus
426 2684 618 2725 minusve
651 2688 714 2725 est
745 2688 896 2725 contra
927 2683 1165 2724 intellectus
1189 2682 1342 2723 saltem
1366 2681 1522 2722 exculti
1544 2681 1896 2733 propensionen13

157 2758 242 2798 imo
277 2769 316 2800 c.
349 2756 475 2808 exigit
505 2767 729 2796 assensum
761 2755 874 2796 circa
905 2755 1117 2803 veritates,
1149 2765 1258 2807 quae
1280 2753 1458 2794 rationis
1481 2756 1653 2804 captum
1674 2752 1800 2805 plane
1823 2764 1896 2793 ex-

157 2832 361 2880 superant
392 2832 433 2868 et
463 2827 542 2879 ipsi
573 2826 728 2867 rationi
759 2827 959 2879 omnique
983 2826 1272 2878 experientiae
1296 2836 1425 2877 saepe
1449 2824 1668 2866 adversari
1689 2824 1897 2872 videntur,

159 2910 352 2953 quaeque
375 2898 580 2938 docentur
611 2898 655 2940 d.
688 2909 764 2949 per
795 2898 1100 2938 revelationem
1125 2908 1266 2949 neque
1290 2896 1543 2944 evidentem,
1575 2906 1714 2948 neque
1746 2895 1898 2935 imme-

158 2971 330 3018 diatam,
353 2969 427 3010 sed
449 2973 614 3009 tantum
629 2968 848 3009 moraliter
862 2972 1023 3009 certam
1046 2973 1087 3009 et
1109 2968 1355 3017 mediatam,
1380 2978 1562 3020 eamque
1585 2977 1715 3019 saepe
1736 2977 1896 3018 propo-

161 3043 285 3082 sitam
309 3052 384 3094 per
414 3040 609 3081 homines
641 3039 768 3080 rudes
800 3043 841 3080 et
863 3039 1104 3090 illiteratos,
1141 3039 1241 3093 quia
1275 3052 1316 3082 e.
1353 3038 1479 3091 exigit
1513 3049 1735 3079 assensum
1771 3047 1900 3089 super

161 3113 340 3154 omnia
367 3111 421 3153 ad
443 3111 732 3152 exclusionem
755 3111 893 3151 omnis
916 3110 1031 3151 dubii
1053 3110 1286 3160 deliberati,
1318 3109 1485 3150 etiarnsi
1507 3109 1544 3153 f.
1568 3109 1612 3150 in
1634 3107 1897 3149 contrarium
