2175 3382
243 140 328 179 410
450 133 570 166 Trai-t.
595 132 652 164 lll.
672 131 715 165 de
736 131 908 175 primatu.
943 132 1021 172 Quo
1035 131 1118 173 jure
1138 129 1316 174 primatus
1336 141 1500 164 annexus
1519 131 1566 164 sit
1584 131 1660 165 sedi
1680 143 1768 168 rom.

241 252 347 293 ullus
362 252 586 303 episcopus
601 250 908 298 schismaticus,
930 250 995 290 vel
1020 250 1262 301 imperator,
1284 248 1498 290 Ecclesiae
1521 250 1617 290 licet
1639 250 1772 291 hostis
1790 250 1974 292 infensus

241 324 281 362 in
306 323 494 362 animum
518 321 690 371 induxit,
723 326 770 362 ut
800 322 1027 374 primatum
1052 321 1178 361 aliam
1203 320 1243 360 in
1266 319 1412 360 sedem
1435 320 1694 364 transferret.
1736 320 1858 372 Quod
1890 322 1976 362 evi-

239 393 346 434 dens
369 398 666 444 argumentum
691 397 766 442 est,
799 391 996 433 omnibus
1020 392 1146 432 fuisse
1169 390 1278 432 adeo
1303 402 1566 442 persuasum,
1593 391 1689 444 jure
1722 392 1980 433 immuta-

241 463 290 504 bi
306 464 362 512 li,
384 463 561 516 proinde
583 463 794 512 divino,
824 464 1053 516 primatum
1077 462 1307 503 cathedrae
1331 473 1538 503 romanae
1562 473 1655 503 esse
1678 474 1903 512 annexum,
1933 468 1977 503 ut

240 546 293 575 ne
316 535 554 587 cogitarent
575 534 745 587 quidem
769 534 820 575 de
844 534 1041 586 opposita
1064 534 1275 585 opinione.
1312 532 1358 574 Et
1382 545 1532 574 revera
1554 533 1712 585 passim
1735 538 1878 585 patres
1900 532 1978 574 do—

240 610 336 647 cent
358 618 453 646 cum
478 604 702 646 Gelasio
726 618 788 657 ep.
811 608 861 648 14
877 617 915 648 n.
935 608 999 653 10,
1023 603 1236 645 Christum
1253 604 1598 656 „dispensatione
1614 603 1795 645 mirabili
1810 603 1980 645 Petrum

239 678 281 717 in
306 677 525 717 dominam
549 677 748 728 gentium,
772 676 954 717 Romam
978 675 1220 718 direxisse.“
1269 675 1376 716 Hinc
1413 675 1515 716 Leo
1548 674 1648 715 XIII.
1681 675 1723 716 in
1754 675 1981 717 indictione

235 747 410 799 jubilaei
437 750 502 791 11.
519 747 613 800 Maj.
633 750 745 791 1899
768 747 827 788 ita
849 746 996 787 habet:
1020 729 1188 796 {Unam
1213 757 1262 787 ex
1287 745 1486 787 omnibus
1508 758 1733 787 romanam
1756 746 1906 788 urbem
1929 745 1983 787 ad

240 830 419 859 munera
442 818 676 859 excelsiora
699 823 826 870 atque
849 818 1003 884 altiora
1025 817 1222 857 humanis
1237 817 1389 869 delegit
1404 816 1568 870 sibique
1583 817 1769 858 sacravit
1782 815 1983 858 Servator

236 890 415 930 humani
438 890 604 942 generis
627 888 659 930 J.
685 888 875 929 Christus
899 922 905 928 .
931 922 937 928 .
962 921 970 928 .
1000 887 1075 928 Hic
1098 887 1243 929 sedem
1268 888 1414 928 vicarii
1436 888 1501 928 sui
1523 893 1637 929 stare
1655 888 1781 940 J'ussit
1813 888 1855 928 in
1886 898 1982 940 per-

236 961 442 1012 petuitate
465 965 706 1012 temporum
729 939 861 1002 etam

352 1046 478 1090 Quare
509 1046 619 1083 nobis
650 1058 729 1083 non
761 1045 946 1094 displicet
967 1045 1101 1091 thesis,
1135 1058 1253 1094 quam
1282 1045 1425 1082 statuit
1446 1045 1696 1082 Palmieri
1719 1041 1801 1097 (9):
1836 1043 1975 1089 „Quod

234 1118 328 1154 prae
350 1105 488 1142 ceteris
520 1117 756 1142 romanus
778 1104 954 1152 pontifex
977 1105 1008 1141 is
1032 1104 1094 1150 sit,
1127 1104 1196 1152 qui
1218 1105 1334 1141 Petro
1359 1104 1399 1141 in
1421 1104 1593 1152 primatu
1615 1104 1800 1148 succedit,
1834 1103 1978 1141 veritas

235 1167 294 1202 est
325 1164 674 1201 immutabilis
705 1164 744 1200 in
767 1164 958 1209 Ecclesia;
990 1164 1170 1212 nihilque
1203 1164 1346 1207 obstat,
1378 1163 1589 1211 quominus
1620 1163 1714 1200 haec
1736 1162 1879 1200 veritas
1909 1175 1979 1200 re·

235 1224 409 1260 velata
431 1225 647 1261 censeatur.
658 1229 675 1245 <<
720 1223 895 1260 Priorem
920 1223 1039 1272 hujus
1067 1222 1297 1260 assertionis
1319 1228 1470 1272 partem
1488 1223 1578 1271 jure
1601 1222 1740 1260 merito
1761 1221 1915 1271 colligit
1935 1234 1979 1259 ex

236 1282 390 1320 concilii
412 1282 700 1319 florentini
725 1282 953 1320 definitione
982 1279 1046 1334 (cf.
1069 1295 1106 1319 n.
1132 1286 1244 1329 388).
1287 1282 1398 1326 Quod
1420 1294 1511 1319 vero
1534 1280 1828 1318 infallibili
1849 1280 1980 1318 Eccle-

236 1342 316 1379 siae
347 1341 572 1379 definitione
612 1341 846 1390 proponitur
880 1341 1118 1378 credendum
1150 1341 1332 1378 omnibus
1363 1340 1559 1382 fidelibus,
1590 1340 1692 1378 illud
1723 1342 1782 1378 est
1812 1339 1980 1377 immu-

235 1401 485 1438 tabiliter
514 1413 663 1438 verum.
707 1400 782 1438 Sed
814 1400 872 1438 fac
902 1400 1117 1449 primatum
1147 1413 1261 1449 posse
1291 1400 1493 1437 transferri
1524 1400 1640 1437 aliam
1663 1399 1706 1436 in
1728 1398 1871 1445 sedem,
1898 1398 1980 1448 jam

234 1460 410 1497 definitio
441 1460 511 1496 illa
532 1473 624 1497 vera
655 1459 825 1509 amplius
856 1473 935 1498 non
966 1459 1045 1497 erit
1069 1462 1188 1508 atque
1212 1460 1428 1497 mutatione
1450 1458 1659 1508 indigebit.
1702 1458 1840 1507 Neque
1861 1457 1979 1506 quid-

236 1532 350 1567 quam
383 1520 442 1556 est
476 1519 581 1566 quod
603 1519 803 1568 impediat,
837 1519 1050 1567 quominus
1072 1519 1112 1556 id
1144 1519 1357 1568 apostolica
1377 1518 1682 1567 praedicatione,
1713 1518 1788 1555 imo
1810 1518 1850 1554 et
1870 1529 1979 1554 reve-

235 1579 382 1616 latione
413 1580 642 1616 contentum
675 1578 840 1615 dicatur.
885 1578 1070 1627 Oportuit
1100 1579 1204 1615 enim
1235 1590 1348 1615 nosse
1377 1577 1599 1623 Ecclesiam,
1634 1577 1722 1625 quis
1752 1579 1843 1626 post
1877 1588 1979 1613 mor-

234 1640 314 1675 tem
345 1637 453 1675 Petri
484 1640 603 1686 caput
634 1639 737 1674 esset
768 1650 896 1681 suum,
937 1639 1000 1675 cui
1031 1637 1240 1674 adhaerere
1270 1637 1450 1674 deberet:
1482 1636 1648 1685 ideoque
1679 1638 1785 1673 certo
1814 1635 1979 1684 apostoli

233 1698 331 1734 hanc
352 1696 562 1734 veritatem
583 1696 858 1745 praedicarunt
879 1696 1145 1745 fidelibusque
1167 1696 1377 1734 tenendam
1400 1697 1702 1744 proposuerunt.
1728 1695 1830 1732 Hinc
1851 1694 1979 1732 solum

234 1756 453 1805 explicatur
484 1756 553 1793 illa
583 1758 663 1793 tam
695 1758 888 1803 constans,
924 1756 1104 1793 absoluta
1125 1757 1165 1793 et
1186 1756 1418 1793 inconvussa
1439 1754 1616 1800 traditio,
1651 1753 1885 1798 „cathedrae
1905 1761 1987 1790 ro-‘

234 1828 404 1852 manae
435 1827 516 1852 esse
538 1815 839 1862 adhaerendum,
865 1815 981 1852 fidem
1004 1815 1234 1853 catholicam
1256 1827 1339 1852 esse
1361 1814 1477 1852 fidem
1500 1826 1773 1858 romanam,
1806 1824 1978 1850 commu-

235 1875 362 1912 nicare
385 1886 472 1911 cum
495 1874 669 1912 Ecclesia
699 1887 803 1911 rom
818 1887 909 1911 ana
938 1874 1102 1923 perinde
1134 1886 1216 1912 esse
1238 1887 1282 1912 ac
1303 1873 1590 1912 communicare
1612 1885 1700 1910 cum
1723 1871 1895 1910 Ecclesia
1917 1883 1978 1909 63-

233 1934 380 1971 tholica
402 1930 456 1986 (n.
475 1930 587 1986 307),
611 1945 868 1970 romanam
891 1934 1104 1971 Ecclesiam
1126 1934 1251 1983 ipsius
1268 1933 1423 1971 Domini
1436 1945 1529 1970 voce
1550 1932 1753 1969 fundatam
1775 1935 1883 1969 esse‘
1907 1932 1978 1968 etc.

235 1992 384 2030 Statuit
405 1992 547 2030 deinde
563 1993 811 2030 Palmieri
834 1993 950 2030 aliam
971 1993 1116 2030 thesim
1131 1991 1166 2045 (1
1181 1989 1243 2045 0):
1268 1991 1486 2037 „Quocirca
1509 2004 1597 2029 cum
1611 1992 1752 2028 Petrus
1772 2001 1978 2027 romanum

233 2051 499 2100 episcopatum
522 2052 703 2100 suscepit,
727 2054 774 2089 ut
795 2052 836 2089 in
858 2064 902 2090 eo
924 2054 1136 2100 perpetuos
1159 2063 1397 2089 successores
1420 2051 1462 2088 111
1482 2050 1658 2099 primatu
1680 2050 1852 2094 haberet,
1877 2049 1978 2086 Deus

233 2112 356 2148 ratam
388 2111 528 2148 habuit
559 2111 656 2148 hanc
678 2111 786 2148 Petri
818 2111 1068 2156 electionem3
1099 2111 1265 2160 ideoque
1297 2111 1344 2148 de
1370 2111 1461 2159 jure
1489 2109 1622 2147 divino
1646 2109 1786 2146 saltem
1807 2119 1976 2146 conse-

233 2172 445 2218 quente,
477 2182 617 2219 nempe
650 2172 913 2219 consequente
944 2170 1090 2208 factum
1121 2170 1240 2215 Petri,
1272 2170 1544 2218 praevertente
1567 2170 1698 2206 autem
1720 2168 1868 2205 factum
1891 2178 1978 2204 suc-

234 2229 416 2266 cessionis
448 2231 518 2274 est,
551 2229 656 2277 quod
686 2241 872 2266 romanus
904 2230 1107 2278 episcopus
1142 2229 1323 2267 succedat
1346 2229 1460 2266 Petro
1494 2228 1535 2264 in
1557 2228 1742 2276 primatu.
1784 2227 1866 2263 Imo
1886 2237 1976 2274 pro-

233 2288 401 2325 babilem
425 2288 520 2325 satis
543 2300 743 2326 censemus
765 2288 1021 2326 sententiam:
1040 2289 1247 2326 voluntate
1269 2288 1348 2325 scil.
1371 2287 1715 2324 antecedente
1730 2285 1801 2323 Dei
1825 2286 1975 2335 jussum

234 2342 316 2384 esse
339 2347 513 2392 Petrum,
537 2347 635 2384 hanc
656 2347 822 2385 formam
843 2350 1075 2396 perpetuam
1098 2347 1351 2385 successionis
1377 2348 1562 2391 statuere,
1595 2342 1785 2382 nimirum
1805 2356 1876 2393 per
1896 2343 1977 2392 epi-

235 2406 427 2454 scopalem
460 2406 590 2443 sedem
622 2408 662 2443 et
692 2407 796 2444 inter
826 2407 936 2444 sedes
967 2407 1112 2456 eligere
1144 2411 1383 2444 romanam.<<
1428 2405 1499 2443 Cui
1520 2405 1622 2442 thesi
1643 2404 1830 2442 videntur
1850 2403 1977 2440 favere

233 2465 353 2501 verba
373 2464 527 2502 concilii
549 2466 782 2503 vaticani
804 2478 897 2505 sess.
921 2472 945 2505 4
969 2478 1049 2514 cap.
1076 2472 1120 2505 2:
1166 2465 1270 2510 „Qui
1301 2462 1479 2517 (Petrus)
1513 2464 1561 2501 ad
1584 2464 1655 2501 hoc
1675 2475 1801 2511 usque
1821 2464 1977 2510 tempus

233 2526 273 2560 et
303 2536 455 2572 semper
485 2524 527 2560 in
558 2525 638 2562 suis
670 2525 957 2562 successoribus
989 2525 1181 2574 episcopis
1205 2527 1360 2562 sanctae
1381 2536 1563 2561 romanae
1586 2522 1689 2560 sedis
1711 2522 1760 2559 ab
1781 2521 1866 2570 ipso
1887 2520 1976 2557 fun-

234 2582 345 2619 datae
385 2584 549 2631 ejusque
589 2586 834 2621 consecratae
873 2584 1065 2633 sanguine
1094 2584 1196 2621 vivit
1225 2586 1265 2621 et
1294 2583 1491 2632 praesidet
1522 2584 1562 2619 et
1586 2580 1784 2630 judicium
1814 2581 1975 2617 exercet.

233 2641 343 2678 Unde
376 2641 674 2690 quicunque
706 2643 747 2679 in
777 2643 848 2680 hac
877 2643 1063 2680 cathedra
1094 2644 1208 2680 Petro
1239 2642 1424 2687 succedit,
1467 2642 1500 2678 is
1531 2639 1746 2678 secundum
1778 2638 1977 2676 Christi

232 2700 356 2748 ipsius
378 2700 670 2738 institutionem
690 2701 907 2750 primatum
929 2702 1037 2739 Petri
1059 2703 1101 2738 in
1123 2702 1348 2739 universam
1370 2700 1584 2738 Ecclesiam
1605 2698 1798 2736 obtinet«
1832 2698 1974 2735 Faten-

233 2759 328 2796 dum
357 2761 489 2796 tamen
521 2763 581 2796 est
611 2760 713 2797 hisce
735 2760 867 2798 verbis
899 2761 1170 2809 quaestionem
1201 2759 1464 2810 peremptorie
1489 2769 1568 2796 non
1593 2757 1738 2806 dirimi,
1774 2769 1862 2794 cum
1885 2768 1976 2793 con-

234 2818 371 2855 cilium
392 2818 483 2855 data
503 2829 619 2866 opera
641 2819 785 2856 caverit
812 2819 859 2856 cle
881 2832 926 2857 ea
946 2820 1208 2868 pronunciare
1229 2818 1467 2857 sententiam
1486 2814 1529 2870 l).
1573 2817 1754 2854 Ceterum
1775 2814 1976 2865 probabile

381 2940 404 2980 ¹)
422 2936 476 2972 Cf.
496 2936 525 2971 G
537 2948 556 2970 r
566 2947 588 2970 a
598 2949 623 2970 n
635 2937 657 2970 d
669 2947 688 2971 e
698 2948 716 2970 r
726 2948 747 2970 a
758 2939 775 2970 t
785 2937 810 2971 h
828 2938 1121 2973 Constitutiones
1135 2938 1258 2983 dogm.
1273 2949 1319 2971 ss.
1334 2947 1436 2971 conc.
1449 2938 1524 2971 vat.
1540 2946 1583 2970 ex
1597 2936 1690 2981 ipsis
1705 2935 1785 2980 ejus
1808 2934 1900 2967 actis
1918 2943 1976 2967 ex-

233 2992 391 3036 plicatas
410 2995 478 3026 etc.
496 3003 532 3036 p.
551 2990 584 3024 Il
601 3001 629 3024 c.
649 2995 669 3025 2
688 2993 882 3025 comment.
901 2995 942 3029 3:
961 2992 1173 3026 Zeitschrift
1183 2992 1240 3025 fiir
1257 2991 1293 3025 k.
1314 2989 1436 3027 'lheoL
1457 2993 1549 3026 1893
1563 3001 1648 3035 pag.
1664 2990 1732 3025 537
1744 3000 1792 3027 s.;
1824 2987 1979 3021 Bauer

234 3045 349 3080 theol.
367 3045 489 3090 prakt.
507 3043 750 3079 Monatsechr.
773 3047 858 3078 1891
879 3045 905 3077 t.
928 3048 944 3077 1
965 3045 1054 3080 fasc.
1076 3048 1187 3083 1—3;
1206 3044 1240 3078 H
1252 3044 1364 3078 ollw
1377 3055 1395 3078 6
1407 3043 1461 3077 ck
1479 3044 1544 3077 der
1561 3045 1679 3088 apost.
1701 3041 1809 3076 Stuhl
1821 3052 1856 3075 u.
1873 3040 1974 3081 Rom,

232 3099 451 3143 Moguntiae
472 3100 571 3133 1895.
1514 3123 1517 3125 -
