2175 3382
206 155 290 193 5324
717 146 836 179 Tract.
859 145 916 178 [V.
936 143 979 178 de
999 142 1080 178 fide.
1100 142 1194 184 Quid
1213 142 1417 177 revelatum

323 269 364 310 2.
391 269 602 313 Quaeritur
622 281 717 305 num
741 267 912 304 revelata
934 265 1198 315 propositione
1220 263 1437 302 universali
1459 263 1638 313 singulae
1659 262 1944 312 propositiones

206 329 581 378 particulares,
615 340 713 375 quae
746 340 789 363 ea
820 325 1084 368 continentur,
1118 324 1197 361 sint
1228 323 1274 360 de
1306 323 1392 367 fide,
1425 335 1484 360 ex.
1506 335 1563 372 gr.
1586 335 1682 360 num
1714 322 1765 360 sit
1787 322 1833 359 de
1854 321 1942 368 fide,

208 391 366 425 Petrum
391 400 472 424 esse
496 387 535 424 in
558 389 713 435 peccato
735 385 917 434 originali
940 385 1183 432 conceptum,
1208 394 1294 420 cum
1318 382 1537 419 revelatum
1553 381 1604 419 sit
1618 393 1752 419 omnes
1765 380 1943 419 homines

207 447 332 484 eidem
356 449 514 494 peccato
537 458 619 482 esse
642 445 836 482 obnoxios.
862 442 1113 488 ,Communis
1136 441 1329 479 sententia
1343 440 1518 478 concedit
1532 441 1728 489 objectum
1741 439 1842 477 illud
1856 452 1943 488 par-

205 506 369 543 ticulare
401 507 631 542 contentum
672 504 713 541 in
745 503 955 540 universali
990 502 1161 539 revelata
1191 500 1387 549 pertinere
1418 500 1464 537 ad
1496 499 1623 545 fidem,
1657 511 1775 548 quam
1805 499 1946 537 tenent

207 566 389 609 Canus,
423 564 575 613 Yega.
608 563 849 600 Valentia
871 566 909 598 et
931 561 1009 605 alii,
1041 572 1140 608 quos
1170 560 1282 597 affert
1313 562 1352 596 et
1383 559 1565 607 sequitur
1587 559 1774 596 Suarez
1795 558 1894 607 disp.
1918 563 1941 598 3

207 629 299 661 sect.
330 631 371 663 11
402 627 441 660 01
473 623 551 663 alii.
585 634 683 670 quos
715 621 823 659 addit
856 623 894 658 et
926 620 1107 668 sequitur
1128 619 1358 656 Hurtado
1390 618 1466 655 late
1489 631 1570 656 eam
1594 617 1827 655 sententiam
1850 629 1944 666 pro-

205 683 302 719 bans
325 682 423 730 disp.
454 689 495 721 1]
536 685 627 718 sect.
655 689 666 720 l
686 689 717 722 1,
749 680 841 729 quia
862 680 930 728 qui
953 680 1123 716 affirmat
1143 678 1447 727 propositionem
1468 677 1745 722 universalem,
1777 675 1946 714 affirmat

204 742 334 778 omnia
365 741 583 790 singularia
613 740 667 776 ibi
701 741 926 777 contenta«
968 739 1029 775 Ita
1060 737 1116 774 de
1138 737 1272 787 Lugo
1303 737 1402 785 disp.
1430 745 1443 777 1
1483 738 1575 773 sect.
1604 742 1650 776 13
1685 733 1706 779 ἓ
1731 741 1752 776 3
1786 748 1824 773 n.
1849 740 1944 776 298.

206 800 332 849 Negat
365 812 455 837 vero
478 799 729 836 Schrader
759 798 806 835 de
837 797 1033 847 theologia
1063 797 1280 846 generatim
1312 795 1579 833 commentarii
1611 808 1648 833 11.
1673 801 1725 835 66
1749 796 1881 832 annot.
1905 800 1943 840 4,

204 872 317 903 ,cum
342 859 415 896 ista
437 858 607 903 confusa,
631 871 746 906 quam
770 859 922 902 vocant,
946 856 1240 905 comprehensio
1262 855 1304 892 in
1325 855 1538 892 universali
1562 866 1653 892 vero
1674 854 1845 891 revelato
1866 865 1945 891 non

206 918 413 955 sufficiat<<
458 918 533 954 Pro
565 916 808 965 quaestionis
842 916 1036 953 solutione
1067 915 1348 964 respondemus
1381 925 1420 954 a.
1442 914 1751 963 propositionem
1770 913 1945 962 particu-

206 978 325 1014 larem
358 989 439 1014 esse
472 976 663 1025 objective
693 974 839 1027 (quoad
863 972 918 1028 se)
943 975 990 1012 de
1012 974 1097 1017 fide,
1131 986 1293 1022 eamque
1315 985 1462 1022 posse
1485 972 1601 1018 credi,
1633 985 1751 1021 quam
1772 972 1945 1021 primum

203 1039 353 1074 certum
369 1039 438 1079 est,
455 1036 576 1084 ipsam
593 1048 682 1072 vere
697 1034 889 1072 contineri
904 1034 1168 1083 propositione
1190 1033 1426 1077 universali3
1448 1045 1528 1070 non
1549 1036 1681 1069 tamen
1702 1029 1749 1072 b.
1772 1030 1946 1068 teneri

204 1096 350 1140 fideles,
383 1098 427 1132 ut
451 1095 629 1132 laborent
652 1094 694 1131 in
716 1094 904 1131 eliciendo
927 1098 1017 1131 actu
1039 1092 1129 1129 fidei
1151 1093 1249 1129 circa
1271 1092 1463 1141 ejusmodi
1495 1091 1803 1140 propositionem
1823 1089 1945 1139 parti-

204 1155 388 1199 cularem,
423 1154 490 1191 sed
520 1154 646 1191 teneri
669 1163 710 1194 (⁴.
735 1166 818 1190 eam
851 1166 941 1204 11011,
963 1164 1117 1202 negare,
1150 1154 1189 1189 et
1211 1149 1256 1191 (l.
1281 1151 1448 1200 practice
1471 1150 1637 1195 credere,
1663 1149 1889 1199 praesertim
1911 1148 1946 1186 si

203 1213 418 1262 propositio
449 1213 699 1261 particularis
732 1213 832 1249 circa
854 1212 960 1260 ipsos
982 1212 1044 1249 vel
1071 1211 1166 1248 alios
1189 1223 1281 1248 suae
1304 1223 1417 1248 curae
1440 1209 1683 1247 concreditos
1704 1211 1886 1246 versatur
1906 1209 1947 1246 et

204 1272 253 1309 ab
275 1273 344 1309 hac
366 1272 441 1309 fide
463 1272 544 1309 vita
578 1272 791 1309 christiana
813 1271 978 1320 pendet3
1012 1281 1052 1311 e.
1078 1270 1260 1318 explicite
1282 1270 1399 1307 etiam
1423 1269 1590 1309 credere.
1625 1268 1659 1306 si
1682 1267 1862 1317 specialis
1885 1278 1945 1304 ac-

204 1331 314 1369 cedat
338 1331 528 1369 Ecclesiae
552 1331 780 1380 propositio.

324 1390 452 1434 Quare
474 1394 521 1427 ut
543 1390 589 1427 ad
613 1402 723 1427 casus
745 1389 937 1438 practicos
959 1389 1175 1433 veniamus,
1198 1390 1377 1437 parentes
1400 1390 1588 1425 tenentur
1609 1386 1777 1436 practice
1791 1385 1946 1424 eredere

204 1450 305 1487 filios
337 1462 426 1487 suos
449 1461 534 1486 esse
556 1452 714 1498 pecc-ato
736 1448 919 1498 originali
939 1448 1115 1493 infectos,
1143 1453 1189 1485 ut
1211 1447 1257 1484 de
1279 1460 1415 1485 eorum
1437 1446 1634 1494 baptismo
1657 1446 1739 1483 sint
1761 1444 1945 1490 solliciti;

204 1511 383 1558 peccator
413 1509 542 1558 gravis
576 1508 753 1545 criminis
785 1510 888 1544 certo
920 1519 1021 1552 reus,
1053 1509 1213 1544 tenetur
1245 1506 1398 1543 credere
1427 1518 1466 1543 se
1489 1518 1570 1543 esse
1592 1506 1634 1542 in
1657 1506 1765 1542 statu
1785 1503 1945 1553 peccati,

204 1570 249 1605 ut
272 1568 319 1604 ad
338 1567 662 1616 justificationem
685 1579 724 1604 se
748 1567 848 1604 serio
871 1566 1053 1614 disponat
1075 1568 1145 1606 etc.
1180 1566 1219 1602 Si
1241 1578 1331 1603 vero
1354 1565 1642 1614 comprehensio
1663 1562 1946 1613 propositionis

204 1627 455 1675 particularis
487 1627 529 1663 in
560 1626 771 1663 universali
803 1639 825 1662 a
855 1625 1148 1674 multiplici
1177 1625 1323 1673 pendet
1353 1624 1586 1668 conditione,
1618 1627 1666 1661 ut
1697 1636 1752 1663 eX.
1775 1636 1831 1672 gr.
1854 1623 1946 1659 haec

205 1685 336 1722 hostia
359 1688 581 1723 consecrata
611 1687 670 1722 est
703 1697 841 1734 corpus
864 1684 1026 1722 Christi:
1060 1685 1106 1721 de
1127 1684 1203 1721 fide
1226 1684 1387 1732 quidem
1409 1687 1468 1721 031
1489 1693 1530 1723 a.
1552 1682 1765 1732 propositio
1786 1682 1945 1719 univer-

206 1745 315 1782 salis:
340 1745 465 1782 omnis
487 1745 614 1781 hostia
646 1744 721 1781 rite
744 1746 966 1781 consecrata
989 1746 1049 1780 est
1071 1755 1212 1792 corpus
1237 1743 1400 1787 Christi;
1433 1740 1480 1782 b.
1503 1741 1721 1791 propositio
1742 1753 1835 1779 vero
1856 1753 1945 1790 par-

204 1804 380 1841 ticularis
403 1803 475 1841 sub
498 1803 723 1841 conditione
743 1806 899 1840 tantum
922 1806 982 1840 est
1004 1803 1050 1839 de
1073 1802 1166 1840 fide:
1199 1803 1292 1839 haec
1314 1802 1453 1847 hostia,
1477 1802 1509 1839 si
1530 1801 1607 1838 rite
1629 1802 1689 1838 est
1710 1803 1945 1846 consecrata,

206 1867 264 1900 est
286 1875 424 1912 corpus
447 1863 589 1900 Christi
609 1860 665 1915 1);
689 1874 767 1899 non
789 1875 879 1899 vero
902 1871 943 1903 e.
968 1862 1156 1907 absolute,
1190 1862 1282 1910 quia
1303 1874 1507 1910 nunquam
1530 1863 1661 1909 potest
1681 1859 1817 1897 haberi
1839 1857 1948 1896 suffi-

206 1922 310 1959 ciens
342 1922 548 1968 certitudo,
582 1935 666 1959 eam
697 1922 772 1959 rite
804 1934 883 1959 esse
907 1923 1181 1964 consecratam,
1215 1933 1304 1958 cum
1326 1921 1398 1957 hoc
1420 1933 1442 1957 a
1463 1919 1646 1969 plurimis
1668 1918 1836 1968 pendeat
1856 1928 1947 1955 con-

208 1981 445 2026 ditionibus3
479 1983 686 2030 propterea
707 1985 839 2018 tamen
861 1978 905 2020 (l.
930 1993 974 2017 ea
996 1993 1075 2018 non
1098 1980 1172 2017 sub
1197 1979 1421 2017 conditione
1444 1976 1552 2032 (actu
1574 1977 1776 2027 concepta)
1799 1980 1860 2015 est
1880 1976 1948 2014 ad-

207 2040 371 2077 oranda:
405 2042 514 2077 actus·
546 2041 650 2077 enim
679 2040 771 2076 fidei
793 2040 998 2077 absolutus
1021 2039 1146 2089 exigit
1168 2038 1429 2077 exclusionem
1452 2039 1578 2076 omnis
1601 2038 1726 2082 dubii,
1761 2049 1840 2074 non
1856 2047 1949 2074 vero

207 2102 319 2136 actus
341 2099 502 2136 virtutis
526 2100 682 2137 moralis
707 2100 757 2147 (n.
784 2095 897 2151 472),
921 2099 1141 2147 cujusmodi
1163 2101 1221 2136 est
1243 2098 1438 2135 adoratio:
1463 2110 1564 2146 quae
1586 2100 1719 2134 manet
1738 2095 1948 2141 meritoria,

209 2158 363 2195 etiamsi
385 2158 510 2196 hostia
531 2171 608 2196 non
631 2162 733 2196 esset
755 2160 997 2195 consecrata:
1021 2158 1259 2195 terminatur
1281 2158 1385 2194 enim
1407 2169 1560 2205 semper
1582 2157 1623 2193 in
1645 2168 1784 2194 verum
1806 2154 1950 2192 Christi

208 2229 350 2265 corpus
373 2218 446 2254 etsi
467 2218 524 2254 ibi
544 2230 624 2255 non
645 2229 842 2267 praesens.

328 2274 369 2316 3.
393 2276 502 2320 Quod
518 2278 659 2314 attinet
680 2277 962 2326 quaestionem,
985 2289 1083 2313 num
1105 2276 1157 2313 sit
1169 2276 1387 2312 revelatum
1405 2272 1450 2328 2)‚
1474 2276 1572 2312 hunc
1586 2275 1633 2314 N.
1649 2274 1696 2311 N.
1721 2285 1798 2311 esse
1819 2284 1949 2310 verum

209 2334 509 2383 legitimumque
531 2336 767 2385 pontificem,
791 2336 995 2373 dissensus
1017 2338 1077 2372 est
1099 2335 1204 2372 inter
1224 2335 1440 2383 theologos.
1467 2335 1543 2371 Pro
1566 2333 1761 2371 sententia
1780 2334 1950 2382 negante

356 2441 377 2478 ¹)
402 2436 524 2476 ,Fides
543 2437 736 2477 (1011011113,
755 2438 877 2480 inquit
896 2450 924 2472 s.
941 2437 1004 2471 Th
1017 2447 1037 2470 o
1049 2449 1085 2470 m
1097 2447 1117 2470 a
1129 2448 1144 2470 s
1165 2439 1197 2470 2.
1216 2440 1249 2471 2.
1265 2448 1300 2480 q.
1322 2440 1352 2470 l.
1372 2446 1403 2469 a.
1419 2438 1440 2469 3
1459 2437 1505 2468 ad
1517 2439 1549 2476 4.
1565 2446 1639 2469 non
1652 2435 1809 2469 refertur
1822 2433 1870 2467 ad
1883 2433 1951 2467 has

208 2491 348 2534 species
366 2491 473 2534 panis
496 2490 554 2525 vel
571 2490 666 2529 illas,
688 2490 752 2524 sed
770 2492 815 2524 ad
836 2492 913 2531 hoc,
929 2492 1029 2535 quod
1042 2502 1169 2525 verum
1185 2502 1316 2534 corpus
1332 2489 1471 2524 Christi
1489 2489 1537 2523 sit
1557 2488 1624 2523 sub
1638 2489 1829 2534 speciebus
1842 2488 1950 2532 panis

211 2542 408 2583 sensibilis,
428 2544 576 2586 quando
594 2546 690 2577 recte
709 2543 821 2578 fuerit
841 2545 1104 2578 consecratum.
1136 2543 1240 2578 Unde
1259 2543 1288 2577 31
1306 2552 1381 2576 11011
1399 2542 1449 2577 sit
1465 2544 1564 2576 recte
1583 2543 1846 2581 consecratum,
1867 2540 1951 2574 fidei

212 2606 285 2630 non
304 2596 443 2629 suberit
462 2599 612 2640 propter
630 2597 699 2630 hoc
717 2596 885 2631 salsum«
1293 2608 1297 2610 ’

351 2652 379 2690 2)
398 2649 496 2683 Bene
516 2650 621 2682 notat
638 2650 665 2682 P
678 2659 696 2683 e
708 2661 723 2683 3
735 2650 787 2683 011
806 2650 890 2684 ΠΗ
907 2663 944 2685 11.
963 2653 1030 2686 272
1057 2661 1131 2684 non
1163 2660 1241 2684 esse
1259 2650 1520 2693 quaerendum,
1537 2660 1626 2682 num
1644 2647 1714 2682 fide
1732 2648 1860 2681 divina
1875 2656 1951 2680 cre-

209 2702 370 2736 dendum
388 2702 447 2741 sit,
468 2702 683 2747 pontificem
701 2714 796 2736 nunc
814 2705 1030 2748 regnantem
1045 2714 1122 2737 esse
1136 2703 1348 2747 legitimum
1363 2712 1603 2736 successorem
1619 2713 1648 2737 3.
1662 2701 1770 2739 Petri,
1785 2701 1846 2735 sed
1862 2711 1950 2734 num

210 2756 281 2790 hoc
299 2755 347 2789 sit
365 2755 546 2800 objective
563 2756 780 2789 revelatum.
801 2756 878 2790 Hoc
896 2757 1080 2801 posterius
1099 2758 1189 2790 satis
1206 2756 1299 2790 bene
1316 2756 1505 2800 probatur,
1524 2765 1599 2788 11011
1621 2765 1705 2789 vero
1719 2753 1814 2788 illud
1830 2753 1952 2797 prius:

211 2820 296 2842 nam
311 2818 350 2843 eo
370 2809 450 2853 ipso
471 2808 569 2852 quod
587 2810 663 2841 tam
682 2819 813 2853 graves
831 2809 998 2853 theologi
1015 2810 1112 2843 inter
1125 2819 1162 2843 se
1174 2809 1411 2849 dissentiant,
1427 2820 1515 2842 num
1529 2807 1602 2842 dici
1614 2808 1729 2852 possit
1737 2807 1952 2846 revelatum,

211 2863 394 2897 certitudo
413 2862 619 2896 necessaria
637 2861 681 2894 de
700 2861 796 2896 facto
815 2862 1053 2897 revelationis
1080 2863 1128 2897 ad
1155 2863 1380 2897 credendum
1408 2862 1533 2896 deesse
1559 2862 1716 2896 videtur.
1734 2882 1780 2886 —
1797 2860 1853 2894 Ad
1879 2870 1951 2893 rem

211 2919 336 2950 autem
352 2916 444 2949 ibid.
462 2928 497 2950 n.
518 2918 586 2951 279
604 2914 719 2955 addit,
739 2925 782 2948 ex
801 2924 842 2949 eo
863 2917 961 2959 quod
979 2917 1180 2950 revelatum
1200 2915 1342 2950 censeri
1365 2916 1483 2960 possit
1508 2915 1722 2960 pontificem
1749 2924 1848 2948 1111110
1873 2924 1952 2957 reg·

208 2973 358 3003 nantem
380 2980 459 3003 esse
473 2968 509 3002 b.
529 2968 628 3003 Petri
645 2979 897 3009 successorem,
915 2980 990 3003 non
1008 2970 1112 3014 sequi
1129 2970 1335 3004 revelatum
1354 2968 1467 3003 etiam
1486 2978 1563 3001 esse
1577 2977 1660 3001 cum
1674 2967 1859 3007 exsistere,
1874 2975 1952 3000 esse

209 3023 331 3056 virum
348 3025 427 3063 etc.‚
449 3033 529 3056 cum
549 3022 727 3056 revelatio
746 3033 820 3056 non
840 3023 946 3056 cedat
972 3023 1009 3056 in
1039 3023 1256 3068 subjectum,
1284 3024 1383 3066 quod
1411 3022 1443 3055 ei
1471 3023 1598 3065 potius
1627 3019 1952 3065 praesupponitur‚

209 3076 329 3109 sedin
346 3075 615 3120 praedicatum,
644 3076 681 3108 et
706 3074 776 3108 hoc
802 3074 908 3108 nobis
934 3075 1097 3109 intendit
1123 3075 1372 3116 manifestare,
1400 3084 1474 3108 non
1501 3070 1661 3118 subjecti
1686 3073 1952 3114 exsistentiam,

211 3129 313 3173 cujus
330 3129 557 3163 revelatione
574 3138 648 3161 non
665 3127 886 3172 indigemus.
