2175 3382
659 138 696 168 et
714 135 1028 179 appellationibus
1047 134 1095 167 ad
1115 134 1235 168 sedem
1254 145 1454 168 romanam.
1841 139 1926 180 393

190 255 393 307 Hispania
424 254 611 306 episcopi
643 266 669 294 a
700 253 880 294 concilio
911 252 1161 305 provinciali
1194 252 1374 304 depositi
1407 253 1457 308 (c.
1483 265 1519 293 a.
1544 255 1659 308 251),
1690 257 1796 294 teste
1828 252 1926 306 Cy-

191 325 384 377 priano
408 336 472 376 ep.
496 328 573 370 67ς
595 322 834 364 Sabinus
857 328 899 364 et
920 322 1093 371 Felix,
1125 322 1260 375 quiin
1282 322 1423 363 locum
1446 322 1639 363 Basilidis
1661 328 1703 364 et
1725 322 1927 364 Martialis

191 396 480 448 depositorum
504 394 687 435 ordinati
708 394 868 446 pariter
883 393 1064 434 Romam
1082 397 1366 439 recurrerunt,
1389 398 1478 433 tum
1501 398 1546 433 ut
1568 393 1792 434 mendacia
1808 393 1926 434 Basi-

189 466 281 508 lidis
303 478 449 507 coram
471 465 722 510 refellerent,
754 470 844 505 tum
876 464 1005 505 etiam
1036 470 1083 504 ut
1113 463 1368 504 auctoritate
1400 462 1512 503 sedis
1539 463 1799 515 apostolicae
1822 475 1926 505 con-

189 542 381 578 tumaces
402 541 720 588 contemptores
742 539 1137 587 compescerentur;
1169 533 1433 574 Privatus
1464 533 1771 574 lambesitanus
1803 534 1855 589 (c.
1889 546 1925 576 a.

190 609 292 662 250)
315 619 341 648 a
363 606 543 647 concilio
568 610 623 650 90
646 606 946 658 episcoporum
969 605 1210 652 damnatus,
1242 609 1286 645 ut
1313 603 1547 656 colligimus
1570 615 1620 644 ex
1644 616 1707 656 ep.
1731 604 1831 645 cleri
1854 616 1926 645 ro-

189 679 305 719 mani
336 678 391 718 ad
422 691 452 718 s.
476 677 734 731 Cyprianum
757 677 884 731 (inter
913 676 1039 728 hujus
1063 687 1126 728 ep.
1151 677 1247 731 36);
1283 675 1624 715 Athanasius
1659 680 1701 715 et
1734 674 1929 716 Petrus

192 748 454 789 alexandrini
476 749 695 795 antistites,
728 748 799 801 qui
837 748 981 800 „quasi
1009 747 1063 788 ad
1084 747 1342 788 tutissimum
1365 746 1678 786 communionis
1700 756 1804 786 suae
1827 758 1928 798 por-

191 824 279 860 tum
302 818 485 859 Romam
507 817 807 870 confugerant“
837 823 944 859 teste
967 831 998 858 s.
1022 817 1353 870 Hieronymo
1377 828 1440 869 ep.
1467 820 1547 860 127
1571 829 1600 856 n
1635 819 1673 864 5,
1706 821 1747 857 et
1777 816 1929 868 „hujus

191 889 303 930 sedis
324 889 526 930 auxilium
549 889 852 941 postularunt‚“
881 894 927 929 ut
949 888 1094 929 scribit
1116 887 1429 929 Bonifatius
1454 899 1517 940 ep.
1544 890 1597 932 15
1620 900 1659 927 n.
1684 890 1722 931 6.

308 975 492 1024 Confugit
524 973 572 1027 (a.
598 972 700 1027 404)
724 975 1122 1023 Chrysmtomus
1142 972 1173 1026 1)
1205 974 1252 1011 ad
1283 973 1559 1010 Innocentium
1590 973 1642 1014 1.;
1674 972 1852 1021 confugit
1880 971 1928 1024 (a

189 1031 292 1086 449)
314 1034 673 1071 'lheodoretus
705 1034 747 1070 in
778 1034 941 1071 concilio
974 1033 1163 1082 ephesino
1193 1046 1214 1070 a
1238 1033 1420 1070 Dioscoro
1442 1031 1656 1080 depositus,
1690 1034 1731 1068 et
1751 1031 1931 1081 confugit

188 1093 345 1142 quidem
375 1096 462 1130 tum
492 1093 534 1130 in
561 1105 676 1130 causa
697 1093 931 1131 universalis
953 1093 1147 1130 Ecclesiae
1169 1095 1207 1129 et
1230 1092 1272 1129 in
1293 1091 1469 1140 propria:
1502 1103 1571 1139 pro
1593 1091 1662 1127 illa
1684 1090 1860 1127 scribens
1882 1090 1930 1127 ad

186 1153 354 1190 Leonem
377 1165 438 1200 ep.
467 1158 544 1192 113
569 1155 658 1201 post
682 1152 874 1190 Ecclesiae
895 1164 1077 1189 romanae
1099 1151 1259 1188 laudes:
1289 1151 1397 1195 „Nos
1421 1150 1668 1199 spiritualem
1692 1149 1928 1198 sapientiam

186 1214 296 1249 tuam
327 1211 510 1248 admirati
535 1211 705 1260 Spiritus
737 1224 764 1251 s.
789 1211 969 1258 gratiam,
1002 1224 1101 1259 quae
1131 1223 1202 1259 per
1232 1222 1301 1247 vos
1333 1210 1464 1246 locuta
1498 1214 1557 1246 est
1589 1206 1648 1260 (in
1686 1208 1853 1257 epistola
1883 1208 1931 1245 ad

186 1267 445 1323 Flavianum),
477 1271 662 1308 laudibus
695 1271 920 1314 extulimus,
952 1282 1216 1319 rogamusque
1249 1272 1287 1306 et
1318 1269 1568 1306 obsecramus
1602 1272 1642 1305 et
1664 1279 1868 1316 precamur
1890 1270 1930 1304 et

188 1329 382 1378 supplices
405 1341 559 1366 oramus
582 1329 836 1366 sanctitatem
867 1331 988 1368 tuam.
1022 1332 1067 1366 ut
1089 1330 1325 1377 tempestate
1344 1327 1502 1376 jactatis
1528 1327 1596 1364 Dei
1619 1327 1792 1364 ecclesiis
1816 1339 1927 1375 opem
1946 1352 1950 1354 -

186 1389 325 1426 ferat«
367 1388 458 1426 Mox
479 1390 675 1427 transiens
706 1388 754 1425 ad
786 1400 943 1425 causam
973 1389 1170 1437 propriam
1194 1388 1368 1436 exposita
1390 1386 1501 1424 ferali
1522 1385 1723 1435 tragoedia
1745 1385 1930 1434 ephesina

186 1448 243 1484 ita
262 1447 537 1496 prosequitur:
575 1449 654 1491 „At
676 1460 747 1497 ego
770 1447 1004 1496 apostolicae
1026 1452 1179 1484 vestrae
1203 1447 1305 1484 sedis
1327 1449 1508 1495 exspecto
1531 1445 1776 1489 sententiam,
1801 1447 1841 1481 et
1862 1455 1929 1482 oro

187 1509 305 1554 atque
337 1506 513 1544 obtestor
544 1506 800 1544 Sanctitatem
831 1510 952 1549 tuam,
986 1509 1031 1543 ut
1062 1506 1158 1543 mihi
1190 1505 1237 1542 ad
1268 1508 1420 1542 rectum
1452 1517 1494 1542 ac
1511 1506 1665 1553 justum
1688 1504 1930 1541 tribunal

187 1568 417 1603 vestrum
438 1566 747 1614 provocant-i
765 1563 798 1618 2)
823 1578 936 1614 opem
958 1565 1068 1608 ferat,
1087 1565 1306 1613 jubeatque
1329 1564 1377 1600 ad
1399 1576 1467 1601 vos
1490 1564 1623 1600 venire
1646 1567 1685 1600 et
1707 1563 1929 1600 doctrinam

187 1637 310 1661 meam
343 1625 569 1673 apostolicis
590 1625 770 1674 vestigiis
800 1625 1068 1662 inhaerentem
1101 1624 1307 1661 ostendere
1332 1653 1339 1659 .
1359 1654 1366 1660 .
1390 1653 1398 1660 .
1420 1624 1523 1660 Ante
1555 1623 1685 1659 omnia
1706 1626 1754 1659 ut
1775 1635 1797 1658 a
1818 1621 1929 1658 vobis

187 1683 324 1720 docear
334 1694 413 1730 oro,
425 1697 476 1721 an
489 1697 550 1721 me
565 1686 745 1732 oporteat
758 1684 799 1721 in
813 1684 883 1720 hac
897 1683 1045 1731 injusta
1061 1683 1302 1731 depositione
1317 1682 1563 1730 acquiescere
1585 1694 1632 1718 an
1647 1693 1736 1725 non,
1759 1685 1929 1718 vestram

187 1742 291 1779 enim
314 1743 548 1780 sententiam
572 1745 763 1791 exspecto.
800 1741 910 1786 Quod
933 1742 966 1779 si
986 1742 1029 1779 in
1045 1742 1232 1790 judicatis
1255 1753 1413 1778 manere
1436 1753 1497 1778 me
1515 1740 1726 1789 jusseritis,
1750 1739 1926 1783 manebo,

187 1814 314 1849 neque
344 1801 419 1838 ulli
460 1802 665 1839 hominum
697 1802 880 1850 deinceps
912 1802 1101 1838 molestus
1133 1813 1208 1842 ero.
1253 1800 1320 1838 sed
1351 1805 1504 1837 rectum
1537 1799 1606 1836 Dei
1638 1799 1928 1847 Salvatorisque

187 1860 313 1898 nostri
339 1860 536 1909 judicium
567 1861 795 1909 exspectabo
823 1863 922 1899 etc«
957 1860 1016 1897 Ita
1040 1860 1293 1897 doctissimus
1315 1859 1687 1896 Theodoretus.
1721 1858 1780 1894 A·1
1803 1857 1929 1895 Bena-

187 1923 272 1956 tum
304 1931 396 1956 vero
417 1919 544 1968 presb.
567 1931 770 1957 romanum
802 1932 860 1967 ep.
888 1926 966 1959 116
1002 1919 1155 1956 scribit:
1191 1919 1295 1962 »Oro
1327 1918 1576 1955 sanctitatem
1598 1920 1707 1954 tuam
1731 1929 1782 1954 ss.
1805 1922 1844 1953 et
1866 1916 1930 1954 bb.

187 1978 478 2027 archiepiscopo
519 1977 670 2027 (Leoni)
711 1978 959 2027 persuadeat,
999 1980 1045 2015 ut
1085 1990 1174 2026 apo
1188 1978 1313 2015 stoli
1328 1989 1379 2014 ca
1420 1979 1617 2026 potestate
1651 1978 1836 2013 utatur
1867 1978 1931 2029 (τῇ

188 2035 439 2091 &noctemve-s]
463 2037 699 2092 χρήσασθαι
722 2035 896 2090 ἐξουσίᾳ.)
919 2039 958 2074 et
990 2037 1037 2074 ad
1069 2037 1279 2074 concilium
1303 2039 1483 2073 vestrum
1504 2035 1686 2073 advolare
1708 2035 1933 2083 praecipiat.

187 2096 315 2134 Habet
345 2097 453 2134 enim
484 2109 534 2134 ss.
557 2097 624 2133 illa
657 2096 767 2133 sedes
799 2096 1061 2140 ecclesiarum,
1095 2109 1194 2144 quae
1226 2097 1267 2132 in
1297 2098 1381 2133 toto
1414 2098 1506 2132 sunt
1528 2095 1633 2139 orbe,
1665 2093 1933 2142 principatum

187 2155 325 2192 multis
347 2155 573 2193 nominibus
605 2156 692 2210 (τὴν
713 2154 924 2210 ἡγεμονίαν
947 2155 1012 2194 διὰ
1035 2152 1200 2207 πολλὰ).
1226 2156 1344 2203 atque
1376 2155 1447 2192 hoc
1469 2156 1559 2192 ante
1582 2153 1722 2199 omnia,
1755 2153 1860 2201 quod
1882 2153 1930 2190 ab

172 2214 384 2251 ,haeretica
405 2214 497 2252 tabe
518 2214 709 2251 immunis
732 2215 888 2259 mansit,
920 2226 991 2251 nec
1015 2214 1122 2251 ullus
1147 2214 1343 2252 contraria
1365 2214 1540 2250 sentiens
1562 2212 1604 2248 in
1626 2212 1694 2249 illa
1716 2212 1829 2256 sedit,
1863 2211 1929 2249 sed

187 2273 439 2321 apostolicam
470 2273 637 2323 gratiam
667 2273 860 2323 integram
893 2273 1148 2310 conservavit.
1193 2272 1296 2316 Quae
1327 2285 1349 2309 a
1370 2272 1482 2309 vobis
1504 2272 1654 2309 fuerint
1669 2271 1856 2319 judicata,
1889 2271 1931 2307 in

186 2332 261 2374 his,
293 2332 581 2381 qualiacunque
612 2345 657 2369 ea
687 2335 816 2378 erunt,
844 2332 986 2380 judicii
1009 2332 1128 2369 vestri
1161 2332 1350 2380 aequitat-i
1383 2331 1620 2368 confidentes
1642 2330 1932 2378 acquiescemus

187 2393 287 2428 etc.‘
329 2391 466 2439 Neque
498 2392 648 2428 frustra
681 2391 902 2440 confugisse
925 2391 1212 2428 Theodorelum
1245 2391 1292 2427 ad
1322 2390 1449 2427 sedem
1480 2389 1734 2438 apostolicam
1757 2392 1866 2437 patet
1886 2401 1933 2426 ex

187 2450 282 2487 actis
314 2450 469 2487 concilii
500 2449 824 2495 chalcedonensis.
857 2450 927 2487 ubi
953 2450 1097 2487 diserte
1120 2450 1301 2499 legimus,
1335 2461 1383 2487 ss.
1406 2449 1741 2497 archiepiscopum
1763 2448 1933 2485 Leonem

188 2509 223 2546 ei
253 2509 477 2546 restituisse
508 2509 789 2557 episcopatum.
833 2508 867 2545 S.
891 2509 983 2546 Leo
1015 2521 1073 2556 ep.
1104 2516 1150 2547 10
1175 2508 1224 2545 ad
1255 2508 1370 2556 episc.
1393 2520 1463 2556 per
1492 2520 1602 2557 prov.
1626 2508 1826 2545 viennens.
1849 2519 1880 2544 c.
1909 2515 1923 2546 1

188 2568 244 2605 ita
274 2567 412 2605 habet:
444 2567 688 2612 ‚Nobiscum
709 2570 842 2604 vestra
871 2567 1097 2604 fraternitas
1128 2570 1392 2617 recognoscat,
1426 2567 1685 2615 apostolicam
1707 2566 1836 2603 sedem
1858 2578 1928 2615 pro

188 2626 248 2664 sui
269 2627 490 2664 reverentia
511 2640 533 2664 a
554 2631 705 2664 vestrae
732 2626 851 2663 etiam
874 2626 1098 2675 provinciae
1121 2626 1390 2663 sacerdotibus
1413 2625 1706 2663 innumeris
1728 2625 1930 2662 relationi-

187 2685 261 2722 bus
300 2697 383 2723 esse
413 2686 634 2723 consultam
676 2690 715 2722 et-
744 2698 815 2733 per
845 2685 1099 2727 diversarum,
1140 2685 1470 2733 quemadmodum
1499 2688 1652 2723 vetus
1687 2684 1930 2722 consuetudo

187 2744 381 2792 poscebat.
404 2745 708 2793 appellationem
730 2756 934 2781 causarum
957 2747 1025 2781 aut
1047 2746 1257 2781 retractata
1279 2747 1347 2781 aut
1369 2743 1929 2792 confirmataluisse-judicia<

334 2849 356 2887 ¹)
377 2844 430 2879 Cf.
461 2846 569 2889 epist.
596 2845 622 2880 C
633 2847 655 2880 h
667 2858 684 2880 1·
694 2858 718 2890 y
730 2858 746 2879 s
759 2857 778 2880 o
792 2848 831 2879 st
843 2855 863 2879 o
876 2845 936 2879 mi
965 2845 1010 2878 ad
1035 2844 1303 2879 Innocentium.
1331 2843 1500 2889 dialogus
1527 2844 1555 2878 P
1566 2845 1609 2878 al
1621 2844 1633 2877 l
1646 2855 1666 2878 a
1679 2844 1701 2878 d
1712 2844 1749 2877 ii
1778 2844 1823 2877 de
1854 2843 1930 2887 ejus

186 2897 282 2935 vita:
301 2898 328 2932 C
338 2909 359 2932 o
370 2910 392 2931 n
405 2909 421 2931 s
433 2901 448 2931 t
461 2909 482 2932 a
493 2911 517 2932 n
528 2899 601 2932 tiu
616 2910 632 2932 s
649 2899 689 2933 in
703 2899 841 2933 notitia
856 2898 961 2942 epist.
977 2908 1051 2931 non
1065 2897 1302 2938 exstantium,
1326 2907 1420 2941 quae
1434 2897 1479 2930 ad
1492 2896 1749 2931 Innocentium
1767 2896 1931 2929 attinent

186 2963 221 2986 n.
241 2953 284 2985 12
303 2962 360 2991 ss,
378 2950 730 2986 Thomassinus
749 2952 834 2985 diss.
854 2953 875 2985 7
893 2952 932 2985 in
950 2950 1116 2985 concilia.

329 3007 354 3044 ἒ)
373 3001 531 3036 Gra-ece:
549 3017 606 3049 μοι
621 3006 660 3039 τὸ
678 3003 783 3050 ὀρθὸν
800 3005 890 3049 ὑμῶν
907 3004 964 3038 καὶ
981 3003 1107 3038 δίκαων
1122 3005 1367 3050 ἐπικαὶζουμὲνῳ
1388 3005 1565 3051 κριτήριον,
1593 3003 1727 3047 quibus
1744 3002 1930 3036 verissimi

187 3057 349 3091 nominis
367 3055 658 3101 appellationem
678 3068 699 3091 a
718 3057 875 3092 concilio
895 3056 1071 3101 ephesino
1099 3057 1145 3091 ad
1173 3059 1295 3092 sedem
1324 3058 1566 3101 apostolicam
1594 3056 1791 3101 significari
1811 3055 1931 3089 osten-

188 3109 281 3143 dunt
297 3109 327 3142 B
339 3109 576 3143 allerinii
594 3110 634 3143 in
653 3111 793 3145 observ.
813 3109 861 3143 ad
879 3109 964 3143 diss.
985 3112 1029 3145 10
1047 3109 1233 3150 Quesnelli
1251 3111 1290 3144 in
1308 3122 1336 3145 s.
1353 3109 1524 3144 Leonem.
