2175 3382
835 88 880 123 de
898 89 967 123 fide
985 89 1212 124 concionum,
1811 94 1894 137 541

280 208 323 251 3.
347 209 448 255 Quia
467 223 559 248 vero
582 211 894 260 supernaturalis
916 214 957 249 et
977 212 1092 260 plane
1115 210 1248 247 divina
1262 208 1365 263 (454
1387 208 1441 262 ¹¹)
1456 213 1517 248 est
1538 211 1645 257 fides,
1669 214 1829 262 praebet
1850 226 1895 251 ea

337 279 380 310 a.
404 269 744 307 securitatem
766 269 925 315 homini,
948 270 1016 318 qui
1027 269 1202 316 alioquin
1218 270 1323 306 omni
1345 270 1661 308 circumferretur
1674 274 1791 310 vento
1805 272 1893 310 doc-

159 328 288 366 trinae
318 328 360 366 in
390 329 568 377 nequitia
599 329 813 374 hominum,
845 329 888 366 in
916 328 1064 366 astutia
1094 328 1142 365 ad
1173 328 1547 366 circumventionem
1569 330 1713 367 erroris
1734 331 1831 379 Eph.
1858 338 1895 375 4,

166 393 238 431 14;
261 387 351 425 hinc
372 388 534 436 praebet

337 443 385 486 b.
408 458 577 495 pacem
607 446 648 483 in
678 446 858 495 procellis
888 446 1006 494 hujus
1027 446 1141 490 vitae,
1173 458 1306 494 pacem
1329 458 1447 493 quam
1468 447 1639 483 mundus
1662 460 1742 485 non
1763 449 1894 491 novit;

339 514 381 545 (3.
405 505 651 542 solatium
681 505 798 542 etiam
831 504 874 541 in
904 504 1246 549 tribulationibus,
1280 505 1373 552 quia
1394 505 1507 542 nobis
1540 505 1713 543 ostendit
1744 507 1785 543 in
1816 507 1894 543 illis

160 566 333 611 patrem:
365 576 472 612 quem
503 565 602 601 enim
632 564 757 613 diliqit
789 564 974 600 Dominus
1004 565 1189 613 castiyat;
1230 563 1396 613 flayellat
1427 568 1553 600 autem
1583 576 1726 602 omnem
1757 565 1894 613 filium,

161 633 269 671 quem
289 623 425 670 recipit
441 622 556 661 Hebr.
578 629 639 665 12,
658 629 679 663 6
695 636 702 665 ;
725 622 910 671 patefacit
931 622 1090 659 illarum
1107 622 1335 666 utilitatem,
1359 622 1486 659 dicere
1501 622 1602 659 enim
1618 623 1750 660 licebit
1764 624 1895 664 etiam.

160 680 226 729 pie
255 680 507 718 credentibus
536 681 578 719 in
599 682 723 718 Deum
755 681 884 718 omnia
915 686 1171 729 cooperantur
1204 682 1242 718 in
1265 681 1425 728 bonum;
1457 681 1739 729 supereffluens
1782 695 1895 730 prae-

161 739 283 776 mium
306 739 514 789 promittit.

337 796 384 839 d.
408 798 659 836 virtutem
680 799 721 835 in
742 798 1049 836 tentationibus:
1072 800 1162 836 haec
1183 803 1235 836 est
1256 800 1426 848 victoria,
1460 811 1554 847 quae
1576 800 1689 836 vincit
1709 802 1894 837 mundum

159 857 254 903 fides
274 862 408 895 nostra
436 865 467 898 1.
488 857 598 895 Joan.
625 864 661 904 5,
695 864 732 902 4,
764 857 870 906 quod
900 857 1128 895 illustratur
1158 870 1202 895 ex
1234 860 1452 907 martyrum
1485 858 1701 895 constantia
1724 856 1779 908 (n.
1805 861 1895 906 sm:

338 926 378 957 e.
399 916 561 965 praebet
582 916 903 954 felicitatem
925 917 986 954 vel
1020 917 1063 953 in
1086 917 1155 954 hac
1175 916 1258 954 vita
1280 916 1457 953 mortali:
1489 919 1550 954 est
1572 918 1674 954 enim
1697 917 1791 954 fides
1813 930 1897 965 spe-

163 975 378 1013 randarum
408 975 621 1013 substantia
651 988 784 1013 rerum
807 975 924 1012 Hebr.
952 983 1015 1021 11,
1045 984 1057 1015 1
1079 991 1087 1021 ;
1119 975 1284 1013 visionis
1303 975 1503 1013 beatificae
1534 975 1764 1024 anticipatio
1787 979 1826 1013 et
1847 977 1895 1014 ad

162 1045 246 1071 eam
267 1034 520 1080 introductio,
547 1035 638 1072 hinc
659 1047 795 1083 expers
817 1046 902 1071 esse
924 1034 1065 1083 nequit
1086 1035 1290 1083 cujusdam
1313 1035 1452 1072 saltem
1473 1038 1616 1084 gustus
1639 1035 1748 1072 illius
1770 1035 1896 1072 beati-

161 1092 325 1137 tudinis,
357 1094 471 1142 cujus
492 1093 593 1131 visfo
623 1093 846 1131 uberrimus
877 1095 936 1131 est
965 1094 1074 1131 fons:
1104 1094 1211 1131 unde
1242 1093 1381 1131 scribit
1410 1093 1446 1133 b.
1470 1094 1609 1131 Petrus
1648 1101 1679 1132 1.
1702 1107 1760 1143 ep.
1789 1101 1822 1139 l,
1851 1103 1896 1133 ὃς

163 1151 212 1188 In
231 1164 340 1202 quem
362 1164 463 1189 nunc
484 1165 626 1202 quoque
645 1165 721 1190 non
742 1153 904 1190 videntes
928 1153 1103 1190 creditis:
1134 1154 1322 1190 credentes
1344 1157 1468 1190 autem
1491 1150 1729 1189 eoesultabicis
1750 1153 1894 1190 laetitia

166 1211 419 1249 inenarrabili
448 1216 481 1248 et
508 1213 722 1262 glorificata
752 1216 989 1260 reportantes
1018 1213 1131 1260 finem
1159 1212 1249 1260 fidei
1279 1217 1434 1256 vestrae,
1462 1212 1620 1248 salutem
1662 1213 1897 1249 animarum.

164 1267 290 1313 Quare
312 1273 359 1308 ut
378 1275 612 1308 mercat-ores
634 1271 736 1308 lucri
758 1271 862 1308 avidi
883 1271 982 1308 bene
1003 1276 1163 1308 utamur
1192 1270 1282 1308 fi-,lei
1316 1271 1417 1308 dono
1440 1270 1481 1307 in
1504 1282 1658 1307 omnem
1680 1270 1897 1308 utilitatem

161 1332 347 1367 nostram.
