2175 3382
735 117 960 153 Concionum
980 118 1023 152 de
1043 117 1113 153 fide
1132 120 1360 163 argumenta.
1827 125 1912 166 539

177 242 263 278 tum
287 241 476 279 semitam.
503 240 747 289 Quapropter
769 253 797 278 s.
821 242 960 278 Petrus
989 248 1020 281 l.
1043 253 1101 289 ep.
1126 249 1161 285 5,
1188 248 1209 281 8
1235 254 1262 278 S.
1286 242 1484 279 hortatur:
1513 242 1774 280 Adversarius
1797 248 1913 281 vester·

177 299 351 338 diabolus
371 304 565 349 tamquam
586 300 639 337 leo
661 301 814 350 ruyiens
827 301 962 337 circuit
982 310 1169 349 quaerens
1183 312 1289 349 quem
1303 301 1460 348 decoret,
1486 302 1546 338 cue?
1559 302 1722 340 resistite
1735 303 1854 349 fortes
1869 305 1907 339 in

176 359 272 407 fide;
302 360 342 396 et
362 359 530 396 Paulus:
562 358 611 396 In
632 359 805 396 omnibus
834 363 1018 396 sumentes
1048 363 1195 395 scutzmz
1226 359 1326 406 fidei,
1358 361 1397 395 in
1421 371 1491 408 quc
1508 361 1668 407 possitis
1689 362 1815 397 omnia
1839 363 1910 398 tela

176 418 399 467 nequissimi
419 419 529 466 iynea
550 418 787 466 exstinquere
806 417 903 466 Eph.
928 424 964 463 6,
994 424 1055 457 16.

294 485 337 530 3.
360 488 474 525 Fides
505 490 564 525 est
590 487 751 525 visionis
781 487 980 525 beatificae
1011 488 1330 536 anticipatio
1360 498 1402 528 a.
1427 489 1575 526 ratione
1607 490 1908 539 dispositio-

175 547 276 585 nis:
318 546 478 584 Credere
507 548 606 583 em'm
637 551 780 594 oportet
812 547 1041 584 accedentem
1072 548 1124 583 ad
1145 547 1269 583 Deum
1299 547 1416 585 Hebr.
1446 555 1506 592 11,
1534 555 1577 591 6;
1601 550 1639 585 et
1661 549 1770 586 sicut
1785 551 1846 587 vel
1868 551 1910 587 in

176 605 393 655 disciplinis
415 605 596 643 humanis
619 605 714 643 fides
735 606 794 642 est
814 605 877 642 via
897 605 1162 643 connaturalis
1184 605 1232 642 ad
1254 605 1519 654 cognitionem
1539 608 1578 643 et
1591 606 1908 657 intelligent-iam,

174 665 232 702 ita
251 667 292 703 et
311 665 354 702 in
376 665 446 702 hac
464 664 718 702 institutione
740 663 872 701 divina
892 664 987 702 fides
1008 664 1072 701 via
1092 666 1153 701 est
1174 664 1222 701 ad
1242 664 1435 701 visionem
1459 662 1510 717 (n.
1530 671 1610 705 495
1630 662 1674 718 3),
1698 666 1787 703 hinc
1810 667 1909 704 illud

174 725 352 772 patrum:
376 723 525 768 „Credo
545 725 592 760 ut
604 723 865 772 intelligam«
888 721 936 763 b.
951 723 1113 760 Ratione
1135 723 1350 771 objecti:
1373 735 1443 772 per
1465 736 1548 761 eam
1570 723 1675 761 enim
1693 725 1773 772 jam
1797 726 1909 763 modo

174 782 464 820 introducimur
486 782 538 832 (n.
555 788 636 823 488
653 779 700 834 s.)
722 781 765 819 in
787 784 935 819 secreta
957 783 1147 826 coelestia,
1179 794 1278 830 quae
1300 783 1412 819 nobis
1436 783 1666 832 unigenitus
1680 783 1818 824 Filius.
1843 785 1910 832 qui

174 844 235 879 est
267 842 310 879 in
341 843 431 879 sinu
460 840 600 886 Patris,
643 841 839 879 enarravit
870 841 929 878 Jo.
968 849 1000 886 1,
1039 848 1111 882 18:
1155 850 1194 881 e.
1226 841 1375 878 ratione
1410 842 1561 885 modi,
1595 842 1685 890 quia
1718 844 1909 880 motivum

173 900 336 939 formale
367 899 458 937 fidei
487 902 545 937 est
570 900 695 948 prima
716 900 870 946 veritas,
903 901 965 937 cui
990 900 1114 937 innixi
1136 900 1369 949 attingimus
1391 900 1578 938 veritates
1599 902 1800 940 revelatas.
1834 916 1910 950 qua

174 959 390 997 sublevatis
412 970 538 997 novus
561 959 737 1006 aperitur
758 960 930 996 mundus
955 957 1008 1011 (n.
1034 965 1116 998 454
1135 957 1181 1010 5).
1226 958 1352 1002 Quare
1375 958 1470 996 fides
1492 973 1633 1009 magna
1657 963 1715 997 est
1738 961 1911 998 hominis

172 1018 360 1067 perfectio
383 1014 485 1070 (454
504 1015 549 1069 9).

293 1120 387 1154 518.
410 1110 476 1153 II.
500 1114 588 1150 Alia
619 1114 768 1150 ratione
787 1114 876 1160 fidei
890 1116 1137 1162 praestantia
1170 1114 1362 1151 illustrari
1390 1117 1540 1162 potest:
1572 1115 1604 1151 si
1627 1115 1709 1152 scil.
1735 1116 1909 1152 consi-le-

171 1174 282 1209 retur
304 1173 345 1209 in
367 1184 438 1209 sua
459 1184 628 1217 cansa,
651 1173 692 1209 in
715 1185 785 1210 sua
806 1175 991 1210 natura
1013 1186 1081 1210 seu
1103 1173 1143 1210 in
1166 1185 1216 1217 se,
1240 1173 1281 1210 in
1304 1173 1385 1210 suis
1409 1173 1712 1211 effectibus.

291 1240 332 1284 l.
359 1242 634 1280 Consideretm·
654 1243 748 1280 fides
769 1243 811 1280 in
833 1255 904 1280 sua
925 1256 1094 1281 causa:
1119 1246 1178 1281 est
1199 1244 1301 1281 enim
1323 1243 1615 1281 nobilissimum
1638 1256 1685 1281 ss.
1702 1244 1911 1281 Trinitatis·

171 1301 318 1339 donum
340 1304 380 1338 et
401 1301 450 1338 ad
470 1314 556 1339 eam
577 1302 826 1351 gignendam,
849 1301 1066 1348 fovendam,
1089 1302 1338 1340 nutriendam
1362 1302 1521 1350 speciali
1542 1303 1654 1340 modo
1671 1309 1909 1340 concurrunt

171 1361 351 1410 singulae
373 1372 423 1399 ss.
446 1360 651 1398 Trinitatis
671 1373 871 1409 personae,
894 1364 941 1398 ut
962 1361 1132 1399 diximus
1154 1374 1191 1398 n.
1216 1358 1299 1402 454
1319 1362 1343 1401 7.

287 1429 329 1472 ⁸2.
351 1432 626 1469 consideretur
656 1433 750 1469 fides
780 1432 823 1469 in
855 1445 922 1470 se:
965 1435 1023 1469 est
1055 1433 1158 1469 enim
1190 1442 1232 1472 a.
1272 1432 1500 1480 perfetio
1534 1433 1688 1474 mentis,
1723 1432 1814 1479 quia
1847 1444 1906 1469 co-

169 1490 296 1539 gnitio
327 1490 650 1538 amplissima
680 1491 833 1529 ratione
866 1491 1019 1540 objecti,
1053 1491 1349 1528 certissima
1380 1491 1530 1528 ratione
1552 1491 1688 1528 motivi
1713 1488 1767 1543 (n.
1794 1492 1907 1541 467),

169 1549 503 1586 nobilissima
541 1551 694 1587 ratione
733 1550 852 1595 modi,
894 1554 939 1587 ut
971 1562 1089 1599 supra
1129 1549 1313 1594 diximus,
1346 1549 1496 1587 homini
1526 1549 1691 1587 maxime
1723 1562 1907 1587 accom-

168 1608 371 1646 modata
390 1608 542 1646 ratione
563 1609 737 1646 methodi
762 1607 815 1661 (n.
842 1617 861 1649 7
883 1607 927 1661 2),
955 1609 1025 1646 Est
1046 1607 1090 1649 l).
1114 1609 1171 1646 ob
1185 1609 1420 1656 sequium
1441 1608 1730 1646 nobilissimum
1752 1608 1909 1646 divinae

169 1667 398 1705 auctoritati
438 1667 656 1705 exhibitum
698 1665 752 1719 (n.
786 1666 909 1720 475);
941 1670 999 1705 est
1040 1678 1081 1708 (3.
1116 1667 1348 1705 conditio
1392 1668 1570 1704 absolute
1612 1667 1826 1704 necessaria
1861 1668 1906 1704 ad

170 1726 349 1763 salutem.

288 1795 331 1837 3.
355 1797 631 1834 Consideretur
652 1797 747 1834 fides
770 1798 812 1834 in
834 1797 912 1834 suis
935 1798 1149 1835 fructibus:
1173 1800 1231 1834 est
1246 1807 1284 1837 a.
1301 1797 1408 1834 radix
1431 1809 1553 1834 novae
1567 1797 1671 1835 vitae
1687 1807 1740 1849 (n.
1759 1804 1840 1837 454-
1862 1796 1907 1849 2),

167 1855 290 1893 vitam
321 1856 424 1893 enim
455 1856 661 1895 carnalem.
695 1856 920 1902 secularem,
953 1857 1172 1893 naturalem
1193 1856 1378 1893 immutat
1398 1856 1440 1892 in
1462 1856 1687 1904 spiritalem,
1720 1870 1906 1905 superna-

167 1915 348 1958 turalem,
372 1914 546 1952 divinam
569 1911 677 1967 (sane
699 1915 731 1952 si
754 1915 901 1964 gratiae
935 1927 1016 1952 eam
1041 1915 1295 1964 consequenti
1317 1918 1357 1952 et
1381 1915 1587 1952 comitanti
1608 1928 1686 1952 non
1707 1919 1909 1964 ponantur

169 1970 408 2026 obstacula);
432 1974 523 2011 hinc
544 1972 591 2014 b.
615 1974 719 2011 ferax
742 1976 803 2011 est
825 1975 951 2011 omnis
973 1974 1145 2020 virtutis,
1173 1976 1366 2022 quatenus
1390 1974 1657 2011 efficacissima
1681 1974 1907 2023 suppeditat

168 2032 316 2070 motiva
336 2032 386 2070 ad
407 2045 560 2070 omnem
582 2033 772 2070 virtutem
795 2033 1051 2077 excitandam,
1086 2033 1302 2075 fovendam,
1327 2033 1566 2082 augendam;
1589 2034 1636 2070 ut
1656 2034 1853 2081 praeclare
1878 2046 1908 2070 s.

168 2091 316 2129 Paulus
338 2092 456 2129 Hebr.
485 2099 530 2131 11
567 2092 743 2140 exemplo
776 2094 998 2129 sanctorum
1021 2091 1066 2129 V.
1089 2092 1129 2128 T.
1153 2092 1347 2129 ostendit:
1381 2095 1442 2128 est
1464 2101 1504 2132 (³.
1530 2094 1727 2129 armatura
1762 2092 1907 2130 invicta

169 2150 217 2187 ad
238 2150 416 2188 omnium
445 2151 710 2188 tentationum
743 2151 962 2199 superanda
993 2151 1165 2198 pericula
1188 2148 1289 2203 (454
1313 2148 1390 2201 ¹⁰);
1424 2153 1481 2187 est
1511 2148 1556 2190 d.
1580 2150 1727 2188 virtute
1750 2152 1813 2188 vel
1835 2150 1908 2188 mi-

168 2209 393 2247 raculorum
412 2209 588 2258 praedita
611 2209 664 2262 (n.
691 2207 814 2261 303);
838 2219 879 2249 θ.
895 2210 1070 2247 homines
1092 2210 1148 2247 ita
1169 2210 1280 2247 brevi
1302 2209 1490 2255 instituit,
1514 2212 1559 2246 ut
1581 2209 1708 2247 dicere
1728 2210 1906 2258 possint:

168 2268 300 2316 Supra
320 2269 496 2306 inimicos
517 2281 617 2306 meos
630 2270 859 2316 prudentem
882 2281 937 2305 me
955 2269 1079 2315 fecisti
1100 2270 1282 2306 mandato
1305 2274 1379 2316 tuo,
1415 2270 1506 2317 quia
1528 2269 1568 2304 ‘in
1591 2273 1787 2306 aeternum
1811 2265 1906 2306 mihi

169 2331 232 2364 est.
276 2327 406 2375 Supra
436 2339 566 2373 omnes
594 2329 760 2364 docentes
791 2340 848 2364 me
878 2328 1054 2371 intellexi,
1089 2329 1178 2376 quia
1209 2329 1422 2365 testimonia
1447 2332 1511 2364 tua
1537 2327 1728 2365 meditatio
1751 2340 1832 2365 mea
1857 2333 1908 2365 est

169 2388 240 2423 ete.
283 2386 345 2422 Ps.
375 2392 466 2431 118,
493 2394 544 2425 98
569 2399 597 2423 s.
621 2383 675 2436 (n.
699 2392 782 2426 494
801 2384 846 2438 ²)

290 2488 383 2522 519.
416 2478 508 2522 ΠΙ.
546 2482 597 2518 Ut
626 2481 759 2519 fideles
792 2482 924 2531 magni
960 2482 1101 2519 faciant
1131 2481 1245 2518 fidem
1280 2481 1584 2530 intelligantque
1619 2493 1741 2528 quare
1774 2481 1905 2518 eadem

168 2541 274 2589 apud
296 2541 422 2577 Deum
450 2541 552 2577 tanti
575 2541 627 2577 sit
647 2541 776 2589 pret-ii,
809 2543 855 2578 ut
878 2541 1074 2589 legamus:
1109 2540 1278 2577 Credidit
1300 2540 1502 2577 Abraham
1524 2540 1603 2576 Deo
1634 2544 1666 2576 et
1688 2544 1903 2588 reputatum

169 2604 222 2636 est
243 2600 301 2637 illi
321 2599 577 2647 adjustitiam
599 2599 706 2636 Rom.
732 2607 768 2644 4,
805 2606 826 2639 3
861 2600 930 2636 col.
955 2599 1047 2636 Gen.
1085 2605 1148 2643 15,
1175 2605 1222 2641 6;
1255 2600 1295 2636 et
1320 2597 1459 2636 Omnia
1485 2599 1686 2647 possibilia
1717 2603 1805 2636 suns
1827 2611 1905 2635 cre-

168 2659 274 2695 denti
294 2659 409 2697 Marc.
436 2665 471 2704 9,
507 2664 573 2702 22,
606 2658 904 2695 considerentur
935 2658 1053 2707 hujus
1083 2657 1256 2695 meriti
1288 2657 1449 2694 radices.
1492 2658 1547 2694 Ea
1568 2657 1670 2694 tanti
1693 2657 1823 2694 meriti
1847 2667 1906 2693 est

172 2714 213 2756 l.
237 2717 286 2754 ob
317 2716 701 2754 difficultatem
735 2718 856 2761 actus,
889 2730 1003 2765 quam
1037 2716 1218 2765 pluribus
1253 2716 1532 2765 descripsimus
1560 2730 1596 2753 n.
1622 2723 1700 2757 481
1723 2717 1758 2755 ³:
1793 2714 1833 2755 ’3.
1857 2716 1906 2752 ob

169 2775 506 2813 nobilitatem
538 2776 719 2824 obsequii
750 2789 787 2812 n.
812 2782 895 2816 454
913 2777 949 2813 δι
982 2773 1025 2815 3.
1049 2775 1098 2812 ob
1129 2776 1305 2812 innatam
1328 2775 1452 2812 eidem
1477 2775 1793 2818 efficaciam,
1831 2787 1904 2821 qua

169 2834 246 2871 nisi
278 2835 427 2884 gratiae
460 2834 663 2872 obstacula
695 2836 907 2883 ponantur.
950 2835 1076 2871 omnis
1105 2834 1415 2882 justificationis,
1455 2834 1558 2871 vitae
1591 2834 1904 2881 supernaturalis

169 2894 364 2942 planeque
385 2893 541 2930 divinae
563 2895 624 2931 est
645 2893 755 2930 radix
778 2893 953 2938 fecunda,
979 2890 1041 2944 (cf.
1056 2905 1093 2929 n.
1111 2892 1248 2945 5183);
1263 2889 1306 2932 4.
1324 2893 1373 2930 ob
1396 2893 1761 2930 humilitatem.
1787 2903 1904 2940 quam

170 2952 376 3001 supponit3
399 2953 448 2989 ob
471 2952 820 2997 docilitatem,
851 2964 968 2999 quam
990 2952 1179 2997 includit3
1211 2952 1260 2990 ob
1283 2952 1691 3001 subjectionem,
1716 2963 1791 2998 qua
1815 2962 1905 2987 con-

168 3011 331 3057 tinetur,
352 3023 444 3060 erga
463 3023 564 3056 eum,
589 3011 658 3059 qui
680 3011 820 3048 salutis
843 3012 903 3048 est
924 3013 1060 3048 auctor
1081 3011 1288 3060 omnisque
1310 3011 1402 3048 boni
1425 3011 1523 3047 fons.
1558 3010 1614 3046 Ob
1637 3010 1791 3045 tantum
1816 3008 1905 3045 fidei

169 3069 355 3106 meritum
378 3069 513 3106 fideles
538 3069 663 3106 adniti
686 3069 839 3113 debent,
864 3071 909 3106 ut
932 3082 975 3106 ea
996 3069 1111 3118 plane
1135 3070 1336 3107 excellant.
