2175 3382
215 107 293 146 1423
595 98 715 131 Τι’-1101.
738 96 778 130 [Ι.
798 96 849 130 De
867 94 1076 129 traditione.
1096 93 1307 127 Catholicus
1326 93 1546 127 intellectus.

157 212 325 271 st‘atque
349 222 435 259 ideo
458 221 604 258 nemini
627 220 743 256 licere
766 220 906 256 contra
929 218 1030 254 hunc
1054 228 1212 253 sensum
1235 217 1304 252 aut
1325 215 1443 252 etiam
1465 218 1599 267 contra
1621 215 1844 252 unanimem
1859 227 1944 252 scn-

210 295 293 319 sum
317 284 474 329 patrum
498 281 620 328 ipsam
645 279 891 327 Scripturam
915 290 941 313 3.
967 275 1219 324 interpretari
1243 271 1310 327 ¹)st
1353 274 1413 310 Ad
1448 287 1529 311 rem
1560 276 1691 311 autem
1722 276 1816 311 sunt
1844 287 1946 323 quae

210 341 309 377 circa
331 340 470 388 prioris
493 338 639 376 decreti
663 349 820 374 sensum
843 338 955 372 notat
978 334 1249 383 Stapleton
1273 334 1296 370 l.
1320 346 1348 370 c.
1371 333 1489 381 praef.
1505 333 1528 369 1.
1543 333 1595 369 X:
1620 333 1944 378 „Observandum

209 403 279 442 est,
305 400 367 449 agi
391 399 451 436 hic
474 399 520 435 de
542 396 867 446 interpretatione
891 394 1180 443 Scripturarum
1214 405 1292 429 non
1324 404 1568 440 quacunque,
1601 392 1666 429 sed
1689 392 1736 429 de
1759 404 1813 438 ea,
1847 404 1946 440 quae

210 459 257 496 ad
279 458 391 495 fidem
416 458 478 495 vel
500 455 804 507 ingenerandam
826 454 887 491 vel
910 451 1211 490 conservandam
1233 451 1450 489 necessario
1471 451 1655 500 pertinet.
1698 451 1853 488 Etenim
1877 450 1948 488 illa

211 517 501 565 Scripturarum
526 515 729 565 expositiO,
763 525 862 561 quae
896 513 957 549 vel
989 511 1037 548 ad
1071 511 1352 548 exhortandum
1387 512 1426 547 et
1456 510 1706 547 formandum
1736 510 1777 547 in
1807 510 1948 547 melius

209 590 336 614 mores
357 577 419 613 vel
441 576 489 613 ad
511 575 673 613 subtilia
695 572 968 621 investiganda
991 571 1055 617 (de
1078 571 1222 618 quibus
1257 570 1362 607 salva
1384 569 1474 606 fidei
1496 570 1632 619 regula
1654 569 1768 606 aliter
1799 568 1947 606 sentire

210 634 317 684 licet)
341 635 561 675 adhibetur,
586 634 656 670 hoc
671 633 710 669 in
726 633 808 669 loco
824 631 864 668 in
879 630 1147 679 quaestionem
1170 641 1251 666 non
1272 631 1444 666 vocatur.
1467 628 1636 666 Rursum
1657 628 1791 677 agitur
1812 628 1859 665 de
1880 627 1950 665 illa

211 695 540 744 interpretatione
563 693 681 729 etiam
703 704 848 736 eorum,
873 701 973 738 quae
997 691 1091 726 sunt
1113 688 1214 734 fidei,
1246 700 1325 725 non
1347 701 1424 736 qua
1446 687 1559 724 fidem
1585 688 1719 736 ipsam,
1743 700 1860 735 quam
1882 686 1948 724 fir-

211 754 329 791 miter
346 754 425 802 jam
452 753 540 801 quis
562 751 690 798 habet,
724 749 890 799 legendo
919 750 958 785 et
980 747 1205 796 exponendo
1229 747 1304 784 sibi
1327 747 1398 784 soli
1421 747 1574 784 nutriat
1594 749 1712 795 atque
1734 746 1947 792 confirmet,

213 814 280 850 sed
303 826 379 861 qua
403 816 471 849 aut
493 812 608 848 fidem
631 810 678 847 de
701 821 801 847 novo
836 807 1075 856 inquirimus
1098 809 1167 844 aut
1198 807 1313 843 etiam
1340 807 1424 854 jam
1456 808 1653 854 acceptam
1686 805 1783 843 alios
1813 805 1948 843 docere

208 871 498 910 contendimus.
552 869 730 917 Denique
765 868 812 904 de
846 866 1072 916 hujusmodi
1106 866 1263 903 omnino
1297 865 1621 914 interpretatione
1657 864 1949 914 Scripturarum

212 932 273 968 hic
296 931 534 979 disputatur,
559 941 658 978 quae
681 927 857 965 adhibita
878 925 1150 964 auctoritatem
1174 925 1300 969 habet,
1324 926 1365 961 et
1386 936 1485 972 quae
1506 937 1576 973 pro
1590 926 1695 961 certo
1709 926 1749 961 et
1761 935 1948 973 germano

213 990 436 1039 Scripturae
459 1001 577 1026 sensu
598 987 814 1025 necessario
828 985 997 1023 tenenda
1011 987 1080 1021 est.
1094 989 1110 1007 (ί
1145 984 1316 1021 Puerilis
1338 996 1429 1020 vero
1452 985 1524 1029 est,
1547 986 1594 1021 ut
1607 996 1746 1032 parum
1761 983 1946 1028 dicamus,

211 1049 385 1098 exceptio
408 1049 468 1085 his
492 1048 688 1086 Ecclesiae
711 1045 877 1083 decretis
900 1043 1117 1093 praepediri
1146 1043 1322 1093 exegesis
1356 1042 1544 1079 studium.
1589 1042 1698 1080 Sicut
1730 1042 1835 1080 enim
1868 1042 1948 1079 via-

212 1111 338 1146 torem
352 1108 504 1145 viarum
528 1107 675 1144 indices
696 1106 760 1143 vel
783 1104 882 1141 faces
904 1109 1026 1141 noctu
1048 1115 1229 1140 accensae
1252 1103 1293 1139 in
1315 1102 1396 1139 suis
1411 1101 1622 1139 itineribus
1637 1114 1717 1139 non
1731 1102 1946 1146 morantur,

212 1169 289 1204 imo
311 1169 562 1216 promovent:
598 1166 654 1202 ita
675 1177 745 1202 nec
767 1163 984 1201 catholicus
1016 1162 1243 1199 intellectus
1274 1161 1368 1198 facis
1391 1161 1515 1198 instar
1535 1161 1762 1209 praelucens
1784 1160 1950 1209 impedit

213 1226 437 1275 Scripturae
458 1224 836 1274 interpretationem,
862 1223 929 1260 sed
951 1222 1083 1270 potius
1106 1221 1250 1258 mirum
1273 1221 1313 1257 in
1327 1220 1487 1257 modum
1504 1220 1620 1268 juvat
1633 1219 1681 1256 ad
1694 1232 1831 1257 verum
1845 1219 1949 1268 ejus·

212 1286 300 1322 dem
324 1298 481 1323 sensum
504 1283 806 1332 assequendum.

955 1408 1201 1464 eaputlt

214 1495 282 1536 De
325 1494 519 1536 mediis
562 1493 760 1547 quibus
792 1491 1025 1532 traditio
1059 1490 1246 1531 divina
1278 1492 1647 1530 conservatur
1680 1492 1731 1529 et
1762 1492 1950 1528 trans-

952 1563 1202 1605 mittitur.

335 1652 429 1693 128.
451 1648 845 1689 Demonstravimus
878 1647 1098 1699 hucusque
1131 1645 1410 1697 apostolicam
1433 1644 1749 1684 successionem
1783 1641 1825 1681 in
1854 1650 1952 1693 per-

209 1720 314 1760 ·enni
335 1720 568 1761 ministerio
592 1718 881 1760 ecclesiastico
918 1729 1012 1758 esse
1044 1716 1249 1765 canalem,
1281 1727 1356 1768 per
1387 1726 1513 1768 quem
1545 1713 1600 1755 ad
1631 1724 1780 1754 omnes
1807 1715 1953 1764 gentes

215 1794 343 1843 atque
374 1790 559 1842 singulas
591 1789 889 1842 generationes
913 1788 1108 1829 doctrina
1130 1786 1285 1828 Christi
1306 1785 1450 1827 defluit
1481 1789 1523 1826 et
1552 1785 1594 1825 in
1627 1796 1702 1825 eas
1732 1781 1954 1830 redundat,

358 1946 383 1980 ¹)
403 1943 444 1976 In
460 1944 585 1977 annot.
602 1945 622 1976 9
637 1943 683 1976 ad
701 1943 862 1986 primum
882 1941 991 1985 hujus
1012 1940 1147 1974 decreti
1166 1940 1313 1974 schema
1331 1939 1488 1984 legimus
1507 1938 1663 1979 (collect.
1681 1936 1749 1972 lac.
1767 1934 1846 1976 VII,
1862 1937 1928 1969 522
1946 1948 1953 1968 ε

219 1997 345 2036 ‚Patet
365 1997 642 2040 praeposterum
661 1994 811 2028 omnino
841 2004 916 2027 esse
946 2004 1101 2032 sensum,
1129 1992 1176 2025 ad
1204 2002 1313 2035 quem
1340 1991 1527 2025 temerarii
1553 1989 1703 2034 quidam
1731 1988 1955 2023 recentiores

213 2050 333 2084 critici
351 2052 388 2083 et
405 2049 628 2093 interpretes
646 2049 833 2082 decretum
852 2045 998 2081 concilii
1017 2045 1104 2084 (trid
1120 2047 1130 2089 )
1149 2046 1391 2079 detorserunt.
1426 2043 1553 2088 Aliqui
1579 2044 1677 2077 enim
1695 2041 1876 2081 dixerunt,
1896 2041 1955 2074 de-

212 2105 352 2138 cretum
372 2114 447 2137 esse
470 2113 592 2136 merae
611 2100 831 2145 disciplinae
849 2101 886 2134 et
902 2110 977 2133 non
995 2099 1162 2132 absolute
1176 2109 1242 2142 pro
1257 2099 1387 2142 quovis
1400 2099 1578 2141 tempore,
1594 2096 1657 2130 sed
1671 2096 1788 2130 solum
1801 2104 1867 2139 pro
1880 2094 1956 2128 illis

217 2156 412 2202 adjunctis,
432 2157 568 2200 quibus
586 2154 728 2190 editum
747 2156 814 2194 est,
835 2154 970 2187 habere
989 2151 1174 2191 valorem;
1193 2152 1258 2186 alii
1275 2161 1359 2186 vero
1378 2150 1427 2186 id.
1447 2149 1547 2195 quod
1564 2160 1662 2186 conc.
1677 2149 1780 2183 vetat
1794 2148 1956 2191 Scriptu-

210 2223 294 2245 ram
322 2209 558 2254 interpretari
586 2209 713 2243 contra
740 2217 895 2247 sensum,
925 2217 1034 2250 quem
1060 2206 1182 2240 tenuit
1208 2208 1246 2239 et
1271 2207 1373 2239 tenet
1391 2205 1562 2249 Ecclesia,
1588 2205 1642 2238 ita
1669 2201 1956 2247 intelligendum

215 2273 301 2302 esse,
322 2256 438 2306 ajunt,
460 2263 501 2295 ut
519 2261 747 2296 solummodo
767 2260 822 2293 fas
839 2271 914 2293 non
934 2259 983 2293 sit
1010 2258 1290 2303 intem-orando
1310 2257 1516 2302 Scripturas
1544 2258 1678 2301 dogma
1703 2255 1853 2298 aliquod
1870 2254 1958 2289 fidei

217 2318 264 2351 ab
283 2315 445 2351 Ecclesia
463 2315 656 2350 definitum
674 2314 865 2348 excludere
883 2314 921 2347 et
939 2323 1086 2357 negare.
1105 2311 1280 2353 Quamvis
1299 2323 1353 2347 ex.
1372 2324 1426 2357 gr.
1444 2312 1600 2351 constet,
1614 2311 1759 2344 textum
1772 2309 1849 2343 Jac.
1866 2313 1896 2349 5,
1915 2311 1958 2342 14

217 2372 263 2405 ab
282 2370 443 2406 Ecclesia
460 2369 619 2414 intelligi
638 2369 682 2402 de
697 2369 927 2402 sacramento
949 2368 1132 2400 extremae
1150 2366 1346 2406 unctionis,
1367 2366 1478 2410 juxta
1504 2366 1595 2399 haec
1622 2364 1805 2409 principia
1831 2373 1956 2396 sensus

214 2426 284 2458 iste
304 2423 484 2458 Ecclesiae
501 2433 574 2456 non
594 2422 795 2456 necessario
816 2423 910 2454 esset
928 2430 1058 2453 norma
1080 2418 1412 2463 interpretationis,
1440 2418 1502 2452 sed
1529 2419 1653 2462 posset
1680 2416 1814 2460 aliquis
1841 2415 1957 2450 libere

217 2487 352 2523 negare
370 2478 467 2511 hunc
486 2486 632 2510 sensum
651 2475 770 2509 textui
799 2475 928 2514 inesse,
960 2473 1156 2507 dummodo
1184 2483 1259 2507 non
1289 2473 1400 2517 neget
1429 2472 1550 2516 ipsum
1580 2471 1724 2515 dogma,
1755 2472 1958 2503 extremam

215 2542 347 2574 nempe
369 2531 581 2564 unctionem
603 2539 681 2563 esse
699 2528 967 2562 sacramentum
981 2525 1027 2560 N.
1042 2526 1079 2560 L.
1099 2525 1219 2567 Quare
1232 2536 1381 2559 necesse
1395 2527 1449 2559 est
1463 2525 1509 2558 ad
1524 2523 1734 2569 hujusmodi
1747 2522 1958 2568 petulantia

217 2584 368 2629 ingenia
387 2583 596 2623 coercenda,
618 2593 826 2626 supremam
846 2580 951 2614 illam
970 2579 1289 2623 interpretationis
1307 2578 1511 2613 catholicae
1529 2587 1708 2618 normam,
1723 2586 1818 2620 quae
1836 2575 1956 2621 estju-

219 2638 357 2671 dicium
378 2639 413 2670 et
433 2647 629 2670 consensus
648 2635 834 2670 Ecclesiae
854 2635 898 2668 de
914 2643 1000 2668 vero
1025 2643 1132 2666 sensu
1151 2632 1422 2676 Scripturarum
1450 2632 1504 2665 ita
1531 2639 1748 2676 proponere,
1774 2630 1817 2664 ut
1842 2629 1957 2662 mani-

219 2691 353 2724 festum
374 2691 422 2723 sit
440 2691 476 2725 1.
494 2700 567 2723 non
587 2690 631 2723 de
649 2700 687 2723 re
704 2688 896 2722 mutabilis
916 2687 1147 2731 disciplinae,
1165 2686 1226 2720 sed
1246 2685 1561 2719 incommutabilis
1589 2683 1774 2728 dogmatls
1791 2683 1852 2716 hic
1876 2683 1956 2728 agi;

214 2743 255 2778 ⁴2.
274 2753 347 2776 non
367 2741 484 2776 solum
505 2741 647 2775 excludi
666 2741 1020 2786 interpret-ationem,
1041 2749 1133 2786 quae
1152 2738 1436 2773 contradictorie
1453 2739 1662 2781 opponatur
1689 2735 1820 2776 sensui,
1848 2746 1956 2779 quem

217 2795 380 2829 Ecclesia
399 2794 507 2828 alicui
527 2795 736 2839 Scripturae
756 2794 835 2828 loco
855 2794 1002 2827 subesse
1030 2793 1170 2833 doceat,
1199 2791 1263 2826 sed
1290 2792 1403 2825 etiam
1429 2800 1575 2824 necesse
1592 2799 1679 2829 esse,
1710 2789 1832 2833 ipsum
1849 2788 1957 2822 illum

219 2860 364 2883 sensum
385 2848 432 2882 ab
451 2847 614 2881 Ecclesia
633 2849 820 2881 retentum
837 2847 972 2881 habere
989 2847 1032 2879 ut
1049 2855 1175 2879 verum
1194 2844 1404 2888 Scripturae
1431 2849 1611 2877 sensum.‘
1645 2842 1697 2876 Cf.
1723 2841 1957 2876 Heinrich

219 2905 245 2936 t.
267 2903 283 2936 I
301 2905 321 2947 ξ
338 2903 379 2938 71
398 2915 405 2938 ς
437 2901 494 2934 Gr
507 2911 562 2934 an
575 2901 595 2934 d
610 2901 750 2934 erath
778 2900 932 2934 Constit.
952 2900 1076 2944 dogm.
1104 2909 1203 2932 conc.
1230 2899 1392 2932 vaticani
1410 2897 1614 2941 explicatae
1631 2907 1667 2940 p.
1687 2899 1717 2930 1.
1737 2905 1766 2929 c.
1786 2898 1807 2929 2
1825 2906 1917 2930 com.
1937 2899 1958 2930 3

219 2966 254 2987 n.
274 2953 346 2992 ll[;
376 2952 556 2987 Katholik
579 2954 678 2987 1899.
698 2952 740 2993 ll,
761 2955 919 2987 385—41
931 2956 946 2986 1
966 2952 1048 2986 coll.
1066 2952 1205 2991 tamen,
1222 2951 1267 2984 iis
1286 2960 1380 2994 quae
1398 2950 1504 2984 notat
1520 2948 1664 2982 Nisiu
1677 2959 1692 2981 s
1711 2947 1883 2982 Zeitschr.
1900 2948 1959 2981 fiir

219 3007 255 3040 k.
275 3006 400 3041 Theol.
427 3007 519 3041 1899
535 3017 572 3050 p.
591 3008 659 3039 282
678 3016 742 3042 ss.:
762 3007 830 3040 460
849 3017 912 3044 ss.;
942 3006 979 3040 et
996 3015 1091 3048 quae
1109 3003 1320 3038 doctissime
1347 3003 1481 3037 statuit
1503 3001 1731 3047 Stapleto
1744 3013 1767 3034 n
1794 3001 1818 3035 l.
1845 3011 1876 3036 c.
1901 3001 1958 3034 in-

216 3059 334 3105 tegris
354 3059 390 3094 ll.
411 3062 454 3095 10
473 3064 509 3093 et
531 3062 582 3093 11.
