2175 3382
288 165 341 203 ·24
484 158 605 190 'Prae-t.
629 156 650 190 1.
672 157 851 200 Apologia
874 156 979 199 relig.
999 156 1124 190 christ
1144 156 1272 191 Thesis
1290 156 1349 190 IV.
1369 156 1655 202 Exceptionibus
1676 159 1817 194 satisfit.

288 281 470 317 veritates
495 291 537 315 ex
562 278 694 315 nativa
716 279 907 316 humanae
930 279 1090 316 rationis
1113 280 1152 316 vi
1167 279 1364 323 derivant;
1387 280 1477 317 hinc
1491 280 1591 318 ratio
1605 284 1666 317 est
1679 281 1859 330 princeps
1874 294 2019 328 norma,

285 352 362 386 qua
386 339 496 375 homo
519 337 782 387 cognitionem
805 338 981 375 omnium
1004 339 1274 387 cujuscunque
1305 339 1462 388 generis
1484 339 1696 377 veritatum
1719 341 1876 389 assequi
1896 341 2021 389 possit

285 400 402 445 atque
424 396 603 434 debeat-‚¹

410 462 471 496 14.
506 453 756 496 Scholion.
789 457 890 494 Aliis·
921 457 1198 505 exceptionibus
1228 458 1375 505 satisfit.
1408 480 1464 484 —
1496 458 1638 495 Contra
1658 458 1798 495 thesim
1821 460 2023 507 praeterea

291 514 326 555 l.
349 515 472 564 excipi
494 518 645 563 potest:
680 515 878 553 Revelatio
901 519 960 553 est
981 516 1153 553 medium
1176 517 1486 565 supernaturale.
1528 517 1652 565 Atqui
1684 517 1758 554 dici
1782 517 1922 566 nequit
1941 529 2023 555 me-

285 574 396 611 dium
418 587 435 611 s
448 588 509 623 up
521 587 541 611 e
554 587 573 610 r
584 587 608 611 n
620 587 641 611 a
652 577 669 611 t
681 587 707 612 u
719 588 738 611 r
751 575 828 611 ale
851 575 1119 613 necessarium
1141 575 1188 612 ad
1212 575 1498 625 cognoscendas
1513 576 1698 613 veritates
1714 575 1864 614 ordinis
1885 589 1911 613 n
1922 578 2022 614 atu-

286 633 430 671 ralis.
453 634 564 682 Resp.
601 633 854 671 Concedimus
886 633 929 671 in
959 634 1156 683 praesenti
1188 635 1324 671 ordine
1346 634 1645 680 revelationem,
1678 635 1795 673 etiam
1826 636 2024 684 quatenus

285 693 559 742 complectitur
580 693 767 730 veritates
788 693 1012 738 rationales,
1036 705 1117 730 esse
1133 694 1492 742 supernaturalem;
1515 707 1605 731 nam
1627 707 1671 732 ea
1683 694 1796 732 modo
1818 694 2023 732 constituit

285 752 524 790 elementum
546 751 750 802 religionis
773 752 1019 797 christianae,
1044 752 1344 790 fundamentum
1368 756 1426 790 est
1448 752 1548 797 fidei,
1583 766 1682 801 quae
1705 757 1763 791 est
1786 755 2023 802 supernatu-

286 811 391 857 ralis,
416 814 455 848 et
476 811 634 849 illarum
658 811 870 849 veritatum
893 812 1064 862 cognitio
1086 812 1258 850 refertur
1279 811 1326 849 ad
1350 812 1465 849 finem
1480 812 1649 850 hominis
1663 813 2023 861 supernaturalem3

286 870 354 908 sed
376 870 451 908 etsi
473 870 668 915 medium,
702 870 808 919 quod
832 871 934 908 Deus
966 871 1107 921 selegit·
1140 871 1182 908 in
1204 871 1276 908 hoc
1299 870 1434 908 ordine
1456 871 1503 908 ad
1527 871 1834 909 succurrendum
1856 871 2024 909 hominis

286 930 561 978 impotentiae,
596 932 654 967 est
684 931 1004 978 supernaturale,
1038 943 1116 967 non
1148 933 1279 968 tamen
1310 930 1401 967 inde
1423 930 1615 979 sequitur,
1639 930 1822 976 medium,
1855 943 1932 980 quo
1962 930 2024 968 uti

287 991 420 1037 posset
450 989 492 1026 in
514 989 589 1026 alio
612 989 749 1026 ordine
771 1002 827 1027 ex.
849 1003 909 1039 gr.
932 990 973 1027 in
996 993 1104 1027 statu
1126 992 1289 1027 naturae
1310 1002 1443 1038 purae,
1476 990 1615 1027 debere
1646 991 1763 1027 etiam
1785 1001 1866 1028 esse
1887 1001 2024 1039 super-

286 1049 478 1086 naturale.
501 1048 614 1085 Alius
637 1049 740 1086 enim
762 1051 857 1086 tunc
879 1048 1021 1086 fuisset
1043 1049 1313 1098 providentiae
1335 1048 1442 1093 ordo,
1465 1060 1543 1097 quo
1559 1049 1662 1086 Deus
1675 1049 1876 1086 moraliter
1895 1048 2025 1098 possi-

286 1108 403 1145 bilem
425 1107 661 1145 reddidisset
684 1108 781 1157 legis
803 1108 997 1145 naturalis
1019 1108 1282 1158 cognitionem
1299 1108 1702 1157 observationemque,
1726 1110 1766 1145 et
1779 1108 1848 1157 qui
1860 1110 2025 1145 naturae

287 1167 525 1217 exigentiam
556 1179 635 1204 non
666 1167 912 1205 excessisset:
956 1168 1122 1215 ideoque
1154 1167 1322 1204 diximus
1353 1180 1390 1206 n.
1427 1174 1473 1207 11
1510 1167 1780 1205 necessitatem
1811 1167 1910 1204 hanc
1939 1178 2025 1205 esse

285 1231 441 1264 tantum
466 1226 772 1276 hypotheticam.
797 1226 848 1263 Cf.
871 1226 1145 1264 Franzelin
1167 1227 1192 1264 l.
1216 1238 1245 1263 c.
1270 1224 1291 1269 ἓ
1314 1226 1376 1263 IV.

403 1285 513 1322 Unde
535 1283 578 1325 2.
603 1289 741 1334 sponte
765 1298 835 1323 sua
856 1286 1024 1323 solvitur
1047 1287 1169 1323 altera
1201 1286 1394 1334 exceptio:
1427 1286 1626 1323 Revelatio
1659 1286 1692 1323 si
1714 1288 1776 1323 est
1796 1285 2023 1330 necessaria,

287 1345 364 1382 erit
386 1344 585 1382 debita:
609 1345 715 1393 quod
737 1344 815 1382 dici
836 1346 988 1393 nequit.
1020 1346 1311 1394 Respondemus
1333 1357 1377 1382 ex
1400 1357 1457 1389 eo,
1481 1346 1584 1393 quod
1608 1345 1650 1382 in
1671 1345 1870 1394 praesenti
1891 1344 2026 1383 ordine

286 1405 390 1442 Deus
412 1404 484 1441 hoc
506 1404 691 1453 selegerit
713 1403 905 1450 medium,
936 1404 1087 1442 ratione
1117 1404 1351 1454 praesertim
1382 1404 1515 1442 hahita
1535 1404 1764 1442 elevationis
1785 1403 1955 1442 hominis
1977 1403 2027 1441 ad

286 1463 405 1500 finem
436 1463 796 1512 supernaturalem.
837 1466 883 1501 ut
909 1465 1069 1512 juvaret
1102 1464 1279 1501 homines
1309 1464 1356 1500 ad
1387 1466 1476 1501 tut-0
1508 1466 1547 1501 et
1578 1475 1712 1501 secure
1742 1462 2026 1509 cognoscendas

286 1534 419 1560 omnes
441 1523 627 1560 veritates
648 1523 879 1560 rationales:
903 1536 982 1561 non
1004 1523 1116 1572 sequi
1137 1523 1416 1561 revelationem
1438 1523 1555 1560 etiam
1578 1522 1621 1559 in
1642 1523 1718 1560 alio
1741 1522 1877 1560 ordine
1898 1534 1955 1560 ex.
1969 1534 2028 1572 gr.

286 1583 328 1619 in
351 1584 458 1619 statu
479 1585 642 1619 naturae
664 1594 786 1630 purae
807 1582 889 1620 fore
912 1583 1167 1620 necessariam
1197 1583 1362 1630 ideoque
1395 1582 1566 1619 debitam
1580 1612 1588 1627 ,
1621 1594 1748 1630 neque
1770 1582 1896 1619 Deum
1916 1593 2030 1630 posse

287 1641 364 1679 alio
384 1641 524 1687 medio,
548 1641 653 1689 quod
674 1653 752 1678 non
775 1642 979 1679 excederet
1000 1642 1110 1679 illius
1133 1641 1283 1679 ordinis
1307 1641 1554 1691 exigentiam,
1577 1641 1781 1679 moraliter
1800 1640 2028 1690 possibilem

286 1700 448 1737 reddere
480 1700 640 1738 illarum
670 1701 947 1750 cognitionem.
989 1701 1075 1738 Erit
1107 1713 1198 1751 ergo
1230 1700 1411 1738 debitum
1445 1701 1601 1749 aliquod
1633 1700 1819 1746 medium,
1853 1699 1921 1738 sed
1950 1711 2030 1737 non

287 1760 457 1808 praecise
479 1760 563 1805 hoc,
587 1760 693 1808 quod
713 1760 953 1798 revelatione
976 1761 1211 1798 continetur·

407 1816 448 1859 3.
479 1819 684 1868 Excipitur
715 1819 749 1856 si
779 1820 967 1857 revelatio
998 1822 1059 1857 est
1080 1819 1304 1865 necessaria,
1338 1832 1418 1857 non
1447 1821 1638 1868 poterunt
1660 1819 1850 1867 imputari
1869 1818 2030 1868 paganis

288 1878 528 1915 revelatione
551 1878 757 1916 destitutis
780 1882 840 1916 tot
863 1891 1012 1916 errores
1035 1879 1413 1927 superstitionesque
1445 1880 1485 1915 et
1505 1878 1632 1915 finalis
1654 1877 1810 1915 demum
1832 1877 2028 1914 interitus.

289 1937 486 1986 Negamus
507 1938 746 1983 illationem,
778 1940 866 1975 tum
897 1948 939 1978 a.
973 1938 1066 1986 quia
1087 1938 1341 1975 revelationis
1374 1950 1443 1975 seu
1473 1937 1610 1974 auxilii
1631 1937 1799 1986 alicujus
1821 1936 1942 1975 divini
1961 1948 2030 1974 ne-

289 1996 449 2033 cessitas
472 1996 601 2034 oritur
621 2009 699 2034 non
725 2009 767 2034 ex
790 1997 1025 2045 impotentia
1046 1998 1220 2046 physica.
1253 1997 1321 2034 sed
1355 2009 1399 2034 ex
1430 1996 1590 2042 morali,
1623 1998 1738 2033 aucta
1767 2009 1885 2045 quam
1906 1995 2031 2044 pluri-

288 2068 397 2093 mum
418 2056 587 2104 peccatis
609 2056 779 2105 propriis
801 2058 841 2093 et
862 2056 1048 2100 aliorum;
1081 2059 1167 2093 tum
1198 2054 1245 2096 b.
1279 2056 1373 2104 quia
1406 2055 1655 2093 revelationis
1686 2067 1757 2093 seu
1781 2056 2030 2092 interventus

290 2114 416 2152 divini
448 2115 611 2153 defectio
643 2115 742 2153 ratio
775 2127 857 2153 esse
879 2115 1030 2164 poterit
1053 2115 1210 2164 majoris
1231 2115 1441 2152 minorisve
1463 2114 1625 2163 quidem
1654 2114 1919 2164 ignorantiae,
1950 2126 2030 2152 non

289 2176 422 2211 autem
444 2176 525 2212 tam
546 2174 725 2223 turpium
747 2187 925 2212 errorum
947 2177 987 2211 et
1001 2175 1198 2218 vitiorum,
1223 2174 1369 2222 quibus
1383 2177 1521 2224 gentes
1536 2173 1802 2223 ignorantiam
1823 2185 1938 2210 suam
1951 2173 2030 2210 foe-

291 2233 447 2270 darunt.
481 2234 579 2271 Sane
601 2246 681 2271 non
702 2234 883 2271 obstante
905 2234 1145 2271 revelatione
1167 2233 1378 2272 christiana
1399 2233 1441 2270 in
1463 2237 1561 2281 quot
1583 2244 1732 2270 errores
1754 2232 1873 2270 etiam
1893 2231 2030 2270 absur-

291 2292 360 2329 dos
382 2292 564 2330 incidunt-
586 2294 710 2330 nostri
730 2293 955 2342 philosophi
976 2292 1144 2330 rationis
1167 2293 1304 2330 abusu.
1348 2292 1509 2330 Accedit
1531 2301 1573 2332 (3.
1595 2304 1666 2329 nos
1686 2291 1941 2329 revelationis
1961 2303 2030 2328 ne-

292 2351 510 2389 cessitatem
532 2364 611 2389 non
632 2354 712 2389 tam
735 2352 784 2390 ad
805 2352 894 2389 finis
917 2352 1109 2389 naturalis
1131 2351 1458 2397 consecutionem,
1490 2364 1608 2400 quam
1630 2351 1677 2388 ad
1703 2350 1874 2399 perfecta
1935 2350 2030 2388 reli-

291 2410 418 2460 gionis
441 2411 634 2448 naturalis
658 2412 920 2461 cognitionem
944 2413 1138 2449 statuere:
1170 2424 1261 2448 nam
1286 2412 1328 2448 in
1351 2423 1585 2459 quocunque
1606 2410 1766 2447 demum
1787 2409 1868 2447 ord'
1941 2421 2030 2447 ver-

292 2468 443 2507 sabitur
465 2470 590 2515 homo,
614 2471 764 2519 vigebit
778 2471 991 2508 certissima
1011 2470 1081 2507 illa
1102 2470 1258 2520 regula:
1281 2469 1454 2507 Facienti
1479 2469 1584 2518 quod
1606 2470 1665 2506 est
1685 2469 1727 2506 in
1748 2481 1789 2506 se
1803 2469 1906 2506 Deus
1926 2479 2030 2505 nun-

293 2541 410 2576 quam
432 2529 555 2566 deerit
579 2529 621 2566 in
641 2529 702 2576 iis,
727 2543 827 2578 quae
841 2530 1060 2567 necessaria
1082 2532 1176 2567 sunt
1189 2529 1237 2566 ad
1257 2529 1417 2566 finem
1439 2529 1475 2566 ei
1495 2528 1776 2578 praestitutum
1789 2539 2030 2576 consequen-

293 2587 399 2624 dum.
441 2588 609 2636 Insuper
632 2586 675 2628 d.
711 2591 848 2638 gentes
878 2588 1161 2627 revelationem
1183 2588 1261 2625 sibi
1284 2589 1423 2626 saltem
1454 2588 1495 2625 in
1518 2588 1600 2625 suis
1621 2586 1854 2636 parentibus
1875 2586 2029 2631 factam,

293 2648 339 2682 ut
360 2659 449 2684 mox
471 2647 657 2691 dicemus
682 2648 871 2686 oblivioni
892 2648 1153 2694 tradiderunt,
1177 2648 1438 2693 macularunt,
1463 2648 1734 2695 corruperunt.

410 2703 453 2745 4.
488 2706 528 2743 Si
551 2707 788 2755 excipiatur,
825 2719 945 2756 quare
969 2708 1072 2744 Deus
1104 2707 1277 2756 optimus
1297 2707 1484 2744 veritates
1505 2705 1654 2743 homini
1676 2705 1771 2742 adeo
1792 2704 2031 2742 necessarias

292 2764 452 2801 nonnisi
480 2767 569 2814 post
599 2767 728 2803 secula
757 2766 1009 2811 revelaverit,
1041 2765 1321 2814 respondemus
1354 2775 1397 2806 a.
1429 2764 1714 2803 revelationem
1742 2775 1812 2812 per
1833 2762 2030 2800 Christum

240 2818 255 2849 -“
293 2834 377 2860 esse
406 2826 497 2872 post
529 2825 721 2862 nonnulla
743 2824 903 2873 quidem
933 2836 1126 2862 annorum
1146 2825 1274 2862 millia
1293 2825 1456 2870 factam,
1489 2824 1601 2872 cujus
1630 2823 1828 2860 rationem
1857 2821 2030 2869 aliquam

293 2881 475 2920 dabimus
497 2883 539 2920 in
560 2886 673 2922 tract.
695 2884 742 2921 de
763 2884 1050 2928 incarnatione;
1085 2896 1224 2921 verum
1246 2882 1293 2924 b.
1317 2896 1362 2921 ex
1383 2883 1452 2920 illa
1472 2894 1543 2920 nos
1565 2881 1725 2927 discere,
1749 2881 1874 2918 Deum
1895 2879 2030 2929 provi-

294 2941 396 2978 disse
416 2942 589 2979 humano
611 2943 745 2992 generi
766 2942 809 2979 in
829 2943 1185 2991 protoparentibus‚
1209 2946 1328 2991 atque
1347 2944 1482 2992 postea
1503 2941 1650 2978 iterum
1670 2940 1713 2977 in
1733 2939 1856 2977 altero
1869 2938 2031 2976 humani

293 2991 448 3049 generis
467 3003 629 3050 parente
652 3001 753 3046 Νοὲς
776 3001 1054 3039 revelationem
1076 3014 1168 3039 vero
1189 3002 1288 3039 hanc
1310 3011 1352 3042 (Ξ.
1376 3013 1475 3050 quae
1497 2999 1728 3037 hereditatis
1750 2998 1874 3036 instar
1894 3010 1940 3035 ex
1959 3010 2028 3047 pa-

294 3059 473 3098 rentibus
496 3060 538 3097 in
559 3059 658 3098 filios
680 3063 763 3097 erat
785 3059 1005 3105 derivanda,
1030 3060 1235 3098 hominum
1258 3061 1373 3109 culpa
1392 3059 1555 3108 periisse
1575 3058 1639 3096 vel
1660 3058 1780 3095 fuisse
1793 3058 2029 3105 corruptam.

295 3117 404 3156 Sicut
427 3119 530 3156 enim
551 3119 594 3155 in
615 3131 772 3168 corpore
795 3119 976 3168 organico
998 3119 1265 3157 membrorum
1287 3118 1434 3156 sanitas
1456 3120 1495 3155 et
1516 3117 1722 3163 valetudo,
1754 3116 1810 3154 ita
1840 3117 1880 3153 et
1909 3115 1952 3152 in
1971 3114 2029 3152 fa-
