2175 3382
248 72 326 112 193
638 65 756 99 Tract.
777 64 819 100 ΙΙ.
838 64 881 98 de
901 76 926 101 s,
947 64 1145 108 Scriptura.
1165 63 1290 105 Qualis
1309 65 1345 98 et
1363 66 1502 107 quantu
1522 64 1567 98 sit

241 188 419 236 quamvis
442 188 542 225 forte
565 200 585 224 a
609 199 680 225 sec.
704 187 746 224 V.
770 192 857 236 post
881 188 1075 225 Christum
1111 188 1221 224 nulla
1251 187 1352 225 facta
1383 188 1504 224 suerit
1534 188 1573 225 in
1607 199 1651 224 eo
1683 189 1863 233 mutatio,
1897 201 1976 227 non

241 254 318 284 tam
342 246 453 284 facile
478 246 637 283 admitti
659 247 813 288 debent.
838 259 937 295 quae
958 246 1140 283 nonnulli
1163 246 1208 284 de
1231 246 1410 284 absoluta
1432 247 1549 295 hujus
1570 249 1703 284 textus
1718 247 1975 285 immutabili-

239 308 320 342 tate
342 305 549 344 affirmant.
575 318 666 343 nam
687 318 776 343 eum
799 306 912 354 lapsu
936 305 1155 342 seculorum
1179 305 1418 343 mutationes
1455 306 1594 343 saltem
1626 306 1778 355 aliquas
1809 307 1977 344 subiisse

239 367 279 402 et
300 364 440 402 menda
470 365 511 402 in
533 376 622 402 eum
645 365 849 414 irrepsisse
881 364 1039 413 probari
1069 367 1211 412 potest.
1254 365 1305 403 Cf.
1329 365 1527 402 Kaulen
1550 368 1642 402 sect.
1667 373 1712 405 4:
1744 365 1976 416 Cornely,

240 423 307 472 qui
341 424 365 460 l.
389 435 419 460 c.
452 423 542 461 diss.
579 429 600 463 2
637 436 666 461 s.
706 432 717 464 1
760 437 796 460 n.
827 431 898 463 101
939 423 1079 460 statuit
1110 423 1276 461 thesim:
1315 424 1543 468 „Immerito
1572 425 1735 473 judaeos
1770 428 1978 474 corruptae

239 482 463 531 Scripturae
485 483 667 523 accusari.
691 487 923 530 textumque
945 482 1171 520 hebraicum
1193 495 1237 520 ea
1257 483 1432 533 puritate
1454 496 1531 520 non
1554 496 1693 527 carere,
1717 496 1795 532 qua
1809 484 1976 522 authen-

237 542 341 579 ticus
363 542 611 579 revelationis
634 542 720 579 fons
744 542 1014 580 constituitur.
1027 547 1043 564 «
1079 541 1259 580 Ceterum
1282 542 1328 580 de
1351 543 1628 580 controversiis
1645 542 1843 580 occasione
1855 543 1975 592 hujus

238 601 456 649 questionis
477 601 594 638 motis
618 601 663 638 cf.
707 601 1044 638 Nomenclatorem
1068 604 1249 639 nostrum
1270 602 1498 639 recentioris
1524 602 1643 640 theol.
1666 602 1806 639 cathol.
1828 602 1977 650 passim

238 659 295 697 ed.
322 660 396 706 21,
422 667 473 701 53
498 660 1976 706 a=sssz354zt38721L130:1322803;1115etc.:II].86s.;300;

241 725 347 758 304:
375 725 478 760 578:
505 725 583 759 587
611 731 639 755 S.

357 778 489 816 Versio
513 778 854 815 alexandrina
876 778 1027 815 censeri
1049 778 1164 815 debet
1187 779 1423 821 authentica,
1452 782 1540 817 tum
1561 782 1723 829 propter
1744 792 1861 817 usum
1885 792 1976 829 apo-

238 837 430 874 stolorum
452 841 492 875 et
512 837 734 886 primitivae
756 837 960 883 Ecclesiae,
997 850 1095 886 quae
1118 838 1181 875 vel
1202 838 1427 876 immediate
1450 839 1512 876 vel
1533 839 1702 877 mediate
1737 836 1794 891 (in
1827 839 1977 877 versio·

237 896 353 933 nibus
375 896 466 934 inde
489 894 691 949 derivatis)
716 909 759 934 ea
780 909 851 934 usa
873 900 944 941 est,
968 900 1056 934 tum
1077 900 1239 946 propter
1261 909 1378 935 usum
1400 898 1594 936 Ecclesiae
1617 911 1777 948 graecae
1799 910 1888 935 cum
1903 898 1977 936 Ec-

237 955 349 992 clesia
372 967 530 993 romana
552 956 700 1001 unitae,
723 968 821 1004 quae
843 956 1060 1004 tranquille
1084 968 1236 1005 semper
1258 957 1403 993 mansit
1425 957 1466 994 in
1488 958 1573 1006 ejus
1594 957 1852 1006 possessione,
1890 960 1977 995 tum

236 1017 396 1064 propter
420 1015 630 1052 solemnem
655 1014 786 1052 Sixti
810 1015 852 1051 V.
877 1015 1189 1058 declarationem,
1222 1028 1299 1064 qua
1330 1016 1551 1053 versionem
1573 1016 1683 1054 illam
1714 1017 1762 1054 ad
1793 1017 1977 1055 emenda-

236 1073 409 1111 tissimos
431 1074 578 1111 codices
600 1078 774 1111 exactam
797 1074 1026 1112 solemniter
1049 1074 1292 1124 approbavit.
1337 1074 1388 1113 Cf.
1413 1075 1637 1125 Cornely
1658 1077 1682 1115 l.
1706 1089 1735 1113 c.
1759 1089 1797 1113 n.
1826 1083 1917 1118 135.

356 1133 500 1171 Textus
522 1145 613 1170 vero
636 1133 842 1183 originalis
874 1146 1088 1180 graecus
1110 1134 1156 1171 N.
1180 1134 1219 1171 T.
1253 1137 1298 1171 ut
1331 1134 1542 1172 adhibetur
1571 1135 1612 1172 in
1633 1135 1810 1173 Ecclesia
1840 1147 1980 1186 graeca

236 1192 349 1229 unita
370 1193 565 1230 Ecclesiae
586 1205 780 1238 1·,omanae
815 1193 939 1258 pollet
971 1193 1109 1230 saltem
1144 1193 1332 1231 indirecte
1368 1194 1573 1231 authentia
1607 1195 1765 1243 publica
1798 1192 1979 1247 (propter

236 1263 354 1288 usum
376 1252 618 1289 solemnem
610 1265 651 1289 in
673 1252 741 1289 illa
764 1253 894 1289 eccles
868 1266 922 1290 ia
943 1249 1182 1306 vigentem);
1204 1265 1381 1316 eamque
1388 1253 1558 1295 Ecclesia
1578 1266 1739 1291 iomana
1754 1254 1976 1303 supposuit,

236 1322 325 1347 cum
347 1311 431 1359 ejus
455 1321 610 1359 quoque
632 1311 733 1348 ratio
756 1312 997 1349 haberetur
988 1325 1029 1348 in
1052 1294 1332 1349 emendatione
1346 1297 1548 1362 vulgatae:
1573 1325 1617 1350 ea
1629 1315 1762 1350 tamen
1784 1313 1917 1351 deficit
1929 1314 1978 1351 ab

236 1369 439 1407 authentia
464 1370 664 1420 Vulgatae
687 1372 773 1408 tum
796 1371 888 1419 quia
910 1371 1136 1408 solemniter
1157 1371 1351 1408 declarata
1380 1384 1458 1409 non
1482 1374 1553 1417 est,
1585 1376 1672 1410 tum
1696 1372 1788 1421 quia
1810 1372 1980 1410 Ecclesia

236 1441 373 1478 graeca
395 1432 551 1466 textum
573 1442 651 1467 non
673 1430 767 1467 adeo
789 1430 910 1467 fixum
932 1430 1063 1468 habet.

354 1487 489 1525 Versio
511 1488 640 1526 itala
662 1489 891 1526 authentica
923 1489 1000 1527 fuit
1021 1502 1144 1538 usque
1167 1490 1215 1526 ad
1238 1502 1308 1527 sec.
1333 1490 1407 1534 Vt,
1443 1490 1508 1527 sed
1541 1503 1630 1528 cum
1662 1490 1867 1529 deficiente
1899 1504 1978 1529 usu

235 1547 432 1584 Ecclesiae
454 1548 614 1596 penitus
636 1548 678 1585 in
700 1548 962 1586 oblivinonem
978 1549 1141 1593 venerit,
1166 1552 1294 1586 stante
1309 1549 1465 1586 decreto
1478 1562 1548 1598 pro
1563 1549 1769 1587 autenthia
1785 1550 1976 1588 editionis

235 1607 432 1655 vulgatae,
457 1607 704 1644 authentiam
726 1608 825 1645 circa
846 1608 1076 1657 fragmenta,
1101 1621 1199 1657 quae
1216 1611 1440 1657 supersunt,
1463 1609 1656 1657 privatam
1672 1611 1709 1646 et
1726 1609 1978 1647 scientificam

235 1666 376 1703 habere
399 1666 557 1714 poterit.

358 1749 450 1790 181.
472 1747 733 1801 Propostio
748 1747 814 1790 Π.
837 1745 1017 1787 Decreto
1032 1746 1261 1788 tridentino
1280 1747 1443 1801 culqata
1469 1760 1549 1788 non
1571 1747 1816 1789 declaratur
1834 1749 1973 1804 yradu

235 1829 394 1858 summo
416 1817 667 1870 authentica,
689 1817 775 1858 scil.
799 1817 941 1870 quoad
965 1818 1109 1859 omnia
1123 1818 1252 1859 etiam
1267 1819 1445 1859 minima
1468 1823 1509 1860 et
1531 1818 1585 1859 ad
1608 1818 1734 1860 fidem
1749 1831 1978 1874 moresque

235 1899 311 1939 per
331 1900 378 1928 se
400 1901 488 1930 non
509 1889 745 1941 spectantia
768 1890 900 1929 textui
915 1889 1107 1940 originali
1122 1888 1372 1931 conformis:
1396 1889 1509 1942 quod
1532 1890 1763 1931 tenendum
1786 1895 1851 1932 est
1872 1903 1977 1932 con-

235 1964 299 1999 tra
323 1959 484 2012 aliquot
497 1959 719 2012 theologos
734 1960 938 2012 hispanos
961 1961 1234 2013 antiquiores,
1258 1963 1328 2013 qui
1350 1960 1546 2013 vulgatae
1563 1961 1827 2002 authentiam
1850 1962 1977 2003 nimis

236 2036 555 2083 exaggerarunt.
600 2028 712 2071 Sane
736 2032 915 2072 assertio
939 2036 1087 2072 nostra
1111 2031 1318 2083 colligitur

356 2102 396 2144 1.
421 2113 472 2142 ex
495 2101 748 2143 definitionis
780 2102 1157 2151 fundamento,
1187 2102 1301 2155 quod
1336 2102 1410 2143 fuit
1443 2102 1657 2143 Ecclesiae
1681 2116 1795 2152 usus,
1817 2115 1868 2144 ex
1891 2115 1976 2156 quo

235 2173 378 2214 infer-ri
410 2174 580 2226 quidem
610 2179 750 2227 potest
782 2175 1001 2216 authentia
1031 2175 1075 2214 in
1106 2173 1235 2215 rebus
1266 2173 1362 2215 fidei
1397 2179 1437 2215 et
1468 2186 1636 2215 morum
1673 2179 1714 2215 et
1746 2175 1790 2214 in
1824 2175 1977 2215 ceteris

237 2244 378 2296 quoad
410 2245 705 2294 substantiam,
738 2245 791 2285 ad
823 2256 932 2297 quae
964 2243 1157 2285 docenda
1190 2245 1320 2285 utitur
1345 2243 1535 2285 Ecclesia
1558 2242 1808 2296 Scripturis:
1840 2245 1977 2286 nulla-

237 2320 359 2356 tenus
382 2327 482 2357 vero
498 2328 667 2357 summa
681 2315 957 2357 conformitas
972 2316 1099 2356 etiam
1115 2315 1256 2369 quoad
1279 2327 1342 2364 ea,
1365 2326 1474 2368 quae
1497 2314 1622 2355 fidem
1647 2327 1874 2369 moresque
1888 2329 1976 2358 non

236 2386 457 2438 attingunt,
481 2392 521 2427 et
545 2399 653 2439 quae
666 2386 854 2427 Ecclesia
867 2386 1060 2427 fidelibus
1075 2386 1288 2428 credenda
1310 2399 1397 2427 non
1419 2386 1640 2438 proponit3
1664 2398 1801 2440 eoque
1823 2389 1975 2437 minus,

235 2458 349 2510 quod
369 2457 555 2498 Ecclesia
578 2458 749 2511 vulgata
780 2469 867 2498 non
888 2458 1088 2499 utebatur
1113 2457 1348 2498 secundum
1372 2457 1554 2498 eandem
1577 2457 1695 2509 apud
1726 2470 1875 2499 omnes
1905 2469 1974 2499 re-

235 2529 479 2569 censionem
502 2529 577 2569 sed
597 2529 640 2569 in
662 2529 853 2569 diversiis
885 2529 1075 2570 ecclesiis
1108 2528 1180 2569 alii
1213 2534 1340 2582 atque
1364 2528 1434 2569 alii
1457 2527 1771 2569 adhibebantur
1793 2529 1977 2579 codices,

236 2600 306 2652 qui
329 2599 382 2640 ab
404 2600 586 2640 invicem
608 2604 780 2652 propter
802 2600 958 2641 menda
979 2600 1045 2641 vel
1066 2600 1271 2641 lectiones
1302 2601 1530 2649 variantes,
1562 2611 1671 2652 quae
1702 2600 1974 2652 irrepserant,

234 2670 386 2711 saltem
408 2671 451 2710 in
473 2655 708 2711 minoribus
731 2670 785 2711 ab
808 2671 990 2712 invicem
1013 2671 1294 2712 dissentirent.
1338 2670 1550 2712 Probatur

352 2742 395 2784 2.
421 2753 472 2782 ex
495 2755 514 2781 s
527 2753 584 2782 co
597 2754 622 2793 p
636 2754 660 2782 o
684 2741 855 2788 decreti,
877 2743 947 2795 qui
968 2741 1054 2791 fuit,
1075 2747 1122 2783 ut
1143 2741 1266 2783 nobis
1281 2745 1500 2783 constaret
1521 2741 1573 2782 de
1597 2740 1776 2782 fontium
1798 2741 1975 2782 sinceri-

235 2816 333 2861 tate,
367 2824 418 2853 ex
450 2811 602 2865 quibus
634 2812 940 2865 depromuntur
961 2814 1206 2854 testimonia
1231 2813 1286 2853 ad
1308 2812 1601 2854 confirmanda
1623 2812 1824 2864 dogmata
1846 2817 1888 2853 et
1909 2813 1973 2853 in-

235 2882 491 2923 staurandos
517 2882 560 2922 in
582 2881 771 2923 Ecclesia
792 2895 956 2933 mores;
989 2895 1114 2936 quem
1148 2884 1201 2924 ad
1235 2882 1361 2924 finem
1384 2883 1487 2924 nihil
1508 2883 1723 2936 pertinent
1745 2883 1974 2924 minutiora

234 2953 459 3006 quaedam,
482 2952 720 3005 cujusmodi
741 2958 839 2994 sunt
861 2958 976 2994 certa
999 2953 1212 3007 quaedam
1233 2954 1409 3012 nomina
1423 2965 1718 3006 personarum,
1739 2954 1975 3005 regionum,

233 3024 498 3073 animalium,
520 3023 787 3076 plantarum3
809 3025 976 3065 numeri
997 3037 1220 3073 annorum,
1242 3024 1555 3066 individuorum
1580 3029 1657 3065 etc.
1700 3023 1913 3065 Probatur
1952 3039 1956 3042 ·
