2175 3382
794 105 846 140 De
864 105 948 139 Jesu
968 104 1104 138 Christi
1123 105 1348 138 exsistentia.
1876 104 1932 148 35

922 297 1112 344 Sectio
1148 295 1214 343 IL

610 396 675 431 De
709 395 999 430 revelationis
1034 394 1210 429 divinae
1245 393 1524 428 exsistentia.

323 476 390 519 28.
413 472 475 515 Ne
497 474 540 513 in
564 472 825 525 quaestione,
849 483 959 525 quae
981 471 1110 512 modo
1133 474 1284 522 sponte
1307 482 1385 511 sua
1408 470 1609 518 oboritur,
1640 482 1741 510 num
1764 469 1938 511 exsistat

203 547 345 599 aliqua
377 544 580 586 revelatio
625 543 788 591 divina,
831 542 980 583 incerti
1022 553 1245 595 vagemur,
1289 541 1649 588 demonstremus,
1692 539 1935 591 religionem

203 616 568 658 christianam
605 614 778 667 originis
811 625 905 654 esse
940 613 1107 653 divinae
1150 612 1194 652 in
1244 623 1378 664 eaque
1417 611 1720 652 revelationem
1755 609 1938 650 divinam

203 688 421 730 contineri.
455 685 546 727 Hac
569 687 681 726 enim
712 684 993 737 comprobata
1028 688 1178 736 sponte
1202 695 1279 724 sua
1303 687 1587 735 consequetur
1609 681 1746 722 omnis
1769 680 1939 721 alterius

204 758 421 811 religionis
443 755 616 797 falsitas
661 754 874 808 Originem
898 759 1041 796 autem
1065 754 1252 794 divinam
1275 753 1488 805 religionis
1510 753 1766 793 christianae
1789 751 1941 803 duplici

205 841 258 870 ex
280 829 417 880 capite
441 827 696 875 evincemus,
720 826 806 870 scil,

329 912 368 954 1.
405 922 457 951 ex
492 909 682 962 ejusdem
717 913 968 955 auctore3
1009 908 1043 948 si
1078 908 1191 949 enim
1228 906 1418 948 Christus
1453 911 1517 947 est
1549 906 1712 958 legatus
1747 904 1943 945 divinitus

211 982 377 1030 missus,
399 981 605 1029 doctrina,
629 992 757 1032 quam
780 979 855 1020 Dei
877 980 1050 1020 nomine
1072 979 1305 1031 proposuit,
1328 977 1470 1018 divina
1493 982 1577 1019 est:

327 1065 371 1106 2.
397 1075 448 1104 ex
482 1062 671 1116 ejusdem
694 1062 908 1115 religionis
942 1061 1224 1114 adjunctis
1258 1060 1480 1102 historicis.
1512 1071 1621 1112 quae
1653 1059 1688 1099 si
1719 1057 1945 1110 specialem

213 1135 288 1176 Dei
320 1135 606 1175 interventum
633 1134 816 1186 exigant,
849 1133 939 1186 ejus
971 1133 1177 1184 originem
1200 1131 1387 1172 divinam
1409 1130 1692 1172 manifestant.
1735 1128 1874 1179 Quare
1905 1128 1946 1167 in

210 1206 294 1247 duo
318 1206 461 1258 capita
481 1205 716 1246 sectionem
741 1204 986 1248 dividemus

973 1334 1197 1389 eaputt

668 1418 738 1458 De
772 1417 958 1458 divina
991 1416 1198 1458 Christi
1231 1416 1503 1458 missione.

337 1511 402 1545 29.
425 1502 635 1545 Lemma.
659 1504 925 1554 supponimus
947 1516 1027 1541 non
1048 1503 1183 1553 gratis,
1207 1503 1272 1540 sed
1294 1504 1453 1551 propter
1465 1501 1558 1538 facti
1573 1498 1820 1544 evidentiam,
1839 1498 1950 1535 Chri-

214 1570 317 1602 stum
339 1563 375 1603 J
377 1576 483 1602 esum
504 1565 690 1602 exstitisse
722 1564 860 1601 saltem
883 1563 1010 1611 quoad
1035 1562 1297 1600 substantiam
1317 1561 1456 1606 talem,
1492 1560 1647 1608 qualem
1672 1559 1787 1595 illum
1809 1558 1951 1595 descri-

215 1624 319 1661 bunt
340 1623 553 1672 evangelia,
577 1635 731 1672 eumque
753 1623 947 1671 reliyionis
968 1622 1200 1659 christianae
1222 1633 1297 1658 esse
1319 1625 1520 1657 auctorem.

339 1691 379 1734 1.
403 1694 500 1731 Sane
523 1694 570 1731 de
593 1707 669 1742 quo
693 1694 794 1731 facto
817 1692 1014 1730 constabit
1035 1693 1099 1729 vel
1121 1694 1300 1729 constare
1322 1691 1478 1740 poterit,
1512 1690 1545 1727 si
1575 1690 1646 1726 hoc
1678 1691 1858 1737 negetur,
1893 1687 1955 1724 vel

221 1754 348 1791 solum
370 1755 533 1790 vocetur
554 1753 597 1790 in
619 1752 783 1790 dubium
796 1754 813 1789 ἱ)
835 1752 916 1790 Ηο6
931 1754 1073 1801 negato
1096 1751 1259 1788 historia
1286 1757 1334 1791 18
1360 1750 1581 1787 seculorum
1603 1747 1786 1796 explicari
1798 1746 1954 1794 nequit:

216 1812 436 1862 paganismi
458 1812 561 1849 enim
580 1811 743 1861 imperio
759 1811 945 1849 successit
958 1823 1124 1860 regnum
1136 1810 1300 1855 Christi3
1323 1809 1466 1846 scholis
1479 1806 1802 1857 philosophorum
1814 1805 1957 1842 Christi

220 1871 372 1915 schola3
394 1871 500 1908 vitae
522 1871 842 1919 corruptissimae
863 1870 946 1907 vita
968 1870 1016 1907 ad
1041 1869 1258 1907 doctrinam
1283 1868 1428 1906 Christi
1451 1878 1640 1916 expressa.
1682 1864 1804 1913 Atqui
1820 1863 1957 1901 'omnis

220 1931 380 1968 effeetus
405 1930 525 1979 exigit
555 1942 712 1967 causam
734 1932 773 1967 et
795 1929 952 1977 quidem
977 1929 1244 1977 adaequatam,
1275 1927 1399 1965 omnis
1420 1928 1549 1964 motus
1570 1923 1813 1974 principium
1835 1923 1959 1960 motui

218 1990 570 2039 proportionatum.
594 1989 723 2038 Hujus
745 1991 878 2026 autem
900 1988 1062 2026 effectus
1086 1988 1179 2025 adeo
1201 1985 1545 2029 universalis,
1568 1985 1687 2033 hujus
1701 1982 1888 2020 motionis
1903 1984 1958 2019 at-

220 2061 298 2097 que
319 2048 634 2086 commutationis
656 2048 816 2093 orbis,
850 2048 968 2096 hujus
1002 2060 1124 2084 novae
1153 2046 1359 2084 creationis
1390 2056 1507 2082 causa
1537 2056 1622 2081 esse
1644 2042 1783 2090 nequit
1804 2041 1958 2086 fraus,

221 2107 479 2152 mendacium,
502 2106 740 2157 ignorantia,
764 2107 939 2144 Christus
962 2119 1041 2144 non
1063 2106 1264 2150 exsistens
1287 2104 1485 2154 mythicus
1507 2105 1547 2140 et
1567 2102 1764 2146 confictus,
1788 2100 1853 2138 sed
1874 2103 1960 2137 tan-

224 2170 311 2204 tum
334 2166 512 2204 Christus
533 2178 623 2204 vere
646 2166 836 2203 exsistens
859 2168 899 2203 et
920 2166 1082 2214 quidem
1103 2165 1215 2210 talis,
1248 2164 1403 2213 qualem
1433 2163 1547 2200 illum
1578 2162 1726 2198 sistunt
1751 2159 1961 2209 evangelia.

225 2226 351 2270 Quare
374 2226 554 2263 Christus
578 2237 667 2262 vere
691 2225 846 2262 exstitit
866 2238 1034 2273 veraque
1058 2227 1115 2262 est
1137 2225 1277 2261 saltem
1300 2222 1426 2271 quoad
1452 2220 1718 2259 substantiam
1740 2218 1962 2267 evangelica

224 2284 400 2323 historia.
443 2285 544 2322 Huic
565 2284 791 2322 testimonio
814 2284 945 2322 reali
967 2284 1063 2321 adde

345 2354 386 2395 2.
410 2355 641 2405 suffragium
663 2355 827 2393 totius
850 2354 1020 2392 nominis
1044 2353 1257 2399 christia-ni,
1281 2352 1386 2401 quod
1408 2363 1486 2388 non
1508 2349 1651 2387 minori
1667 2348 1860 2386 evidentia
1872 2358 1962 2396 pro-

226 2414 362 2451 fitetur
373 2414 518 2451 Christi
539 2414 819 2458 exsistentiam,
843 2426 960 2462 quam
973 2413 1185 2457 lutherani,
1208 2409 1531 2454 mohammedani‚
1547 2409 1669 2446 ariani
1683 2410 1754 2445 etc.
1768 2409 1964 2444 testantur

230 2473 498 2510 exsistentiam
520 2473 695 2517 Lutheri,
719 2472 1010 2518 Mohammedis,
1033 2473 1131 2517 Arii,
1156 2472 1201 2509 de
1225 2483 1302 2520 qua
1323 2482 1436 2508 nemo
1460 2481 1633 2517 unquam
1656 2465 1864 2504 dubitavit.

347 2541 388 2584 3.
409 2544 573 2581 Accedit
594 2544 864 2581 testimonium
886 2543 966 2580 sive
989 2543 1178 2580 disertum
1203 2542 1284 2579 sive
1299 2541 1550 2589 aequivalens
1567 2539 1812 2587 judaeorum,
1836 2536 1963 2573 ethni-

229 2615 363 2640 corum
385 2603 630 2652 aliorumque
652 2603 710 2640 ho
723 2603 881 2640 stium
902 2602 1104 2651 religionis
1126 2601 1370 2645 christia-nae,
1403 2599 1546 2647 quibus
1569 2609 1770 2645 nunquam
1791 2596 1873 2632 visa
1894 2594 1964 2631 du-

229 2662 297 2699 bia
317 2662 462 2699 Christi
484 2662 724 2707 exsistentia,
747 2662 826 2699 imo
850 2674 1002 2710 semper
1023 2663 1129 2698 certa
1149 2660 1227 2697 fuit-
1248 2662 1288 2696 et
1308 2658 1491 2696 indubia:
1516 2659 1554 2694 et
1566 2659 1699 2693 tamen
1719 2654 1821 2691 nihil
1834 2653 1964 2702 perni-

231 2721 375 2758 ciosius
396 2721 536 2758 fuisset
556 2721 740 2770 religioni
762 2720 997 2758 christianae
1022 2733 1139 2768 quam
1161 2717 1455 2762 demonstratio,
1479 2717 1514 2756 J.
1538 2715 1735 2752 Christum
1766 2725 1965 2760 nunquam

232 2779 435 2817 exstitisse.

196 2928 199 2932 -
235 2914 383 2950 genes
401 2906 483 2940 adv.
501 2906 645 2940 Celsum
665 2906 689 2940 l.
709 2909 730 2940 3
748 2918 782 2939 n.
803 2906 847 2940 26
866 2916 929 2939 ss:
959 2905 980 2940 l.
1001 2908 1024 2937 4
1042 2916 1077 2937 n.
1096 2906 1141 2937 92
1161 2903 1238 2937 etl.
1257 2905 1279 2937 8
1296 2915 1331 2936 11.
1350 2904 1411 2940 46;
1440 2901 1483 2934 de
1510 2901 1589 2944 ipsa
1613 2897 1826 2941 quaestione
1846 2895 1924 2949 Sto
1938 2905 1966 2925 J·-

236 2958 575 2993 chenauPhilos.
595 2959 658 2992 der
674 2958 845 3003 Religion
873 2958 916 2998 V,
938 2961 955 2991 1
974 2969 1039 2994 ss.;
1068 2957 1273 2990 Pei-rone
1302 2955 1415 2999 prael.
1446 2956 1472 2988 t.
1504 2957 1519 2987 1
1549 2965 1584 2997 p.
1616 2957 1630 2986 l
1661 2951 1834 2985 6.311.1;
1863 2948 1965 2981 dut-

235 3011 435 3055 116116ῒὲ
460 3015 508 3046 12.
530 3014 592 3049 13;
611 3012 651 3045 in
677 3011 808 3056 primis
834 3011 1045 3046 Bonniot
1072 3009 1106 3043 le
1134 3007 1283 3043 mii-acle
1303 3008 1337 3042 et
1364 3018 1418 3041 ses
1447 3006 1695 3045 contrefacons
1716 3005 1783 3036 etc.
1819 2999 1967 3033 Parisiis

241 3066 328 3098 1889
346 3065 384 3098 in
401 3067 434 3099 8.
453 3064 509 3099 ed.
526 3068 559 3099 3.
