2175 3382
216 123 300 162 3346
611 115 729 148 Truct.
754 115 812 149 111.
831 115 876 148 ‹le
895 115 1067 159 primatu.
1087 114 1213 148 'Phesis
1233 114 1354 148 LXVI.
1374 114 1418 148 de
1437 115 1556 149 medio

215 236 417 289 «postolos
441 267 447 273 .
473 268 479 274 .
504 267 510 273 .
544 233 649 274 alios
671 237 806 274 autem
830 240 1017 286 pastores
1039 239 1072 273 et
1096 234 1278 274 doctores
1307 234 1363 273 (nl
1385 235 1776 275 consummationem
1798 239 1953 276 sancto-

216 319 325 350 rum,
350 306 389 344 in
415 319 516 359 opus
541 305 774 355 ministerii,
800 305 838 343 iu
866 303 1191 356 aedificationem
1215 304 1397 355 emporis
1421 303 1589 357 Christi,
1611 303 1735 344 donec
1756 318 1953 346 occurra-

216 389 306 415 mus
328 389 464 415 omnes
488 376 527 415 in
555 376 750 415 imitatem
773 375 872 426 fidei
895 373 1013 428 (Eph.
1036 377 1075 420 4,
1103 376 1184 429 ll).
1229 373 1387 415 Deinde
1410 379 1582 427 propter
1607 374 1743 426 ipsam
1766 373 1952 416 fidelium

214 445 522 486 multitudinem
547 445 773 497 requiritur
795 443 993 491 medium,
1027 443 1140 496 quod
1163 443 1277 484 illam
1309 443 1362 484 ad
1395 443 1602 485 unitatem
1626 449 1821 492 revocet3
1852 456 1953 498 ergo

217 517 307 568 ipsa
331 515 553 556 multitudo
577 520 638 556 tot
660 515 879 556 hominum
912 514 965 554 ad
994 514 1252 555 discordiam
1275 519 1447 567 propter
1470 515 1662 556 innatam
1685 515 1953 569 fragilitatem

218 599 353 639 prona
377 587 632 628 concordiae
656 585 901 627 efficiendae
924 585 1070 637 nequit
1093 597 1187 626 esse
1210 585 1407 626 medium.

335 679 427 712 3:32.
452 672 614 709 Frustra
635 676 845 720 provocant
882 671 1062 709 nonnulli
1096 671 1144 708 ad
1166 672 1292 708 Matth
1336 680 1396 715 18,
1427 678 1474 712 15
1501 684 1562 710 SS..
1596 672 1664 709 ubi
1688 671 1858 710 Ecclesia
1888 686 1953 710 ex—

213 732 371 769 hibetur
393 732 570 768 tribunal
593 731 946 779 componendorum
971 731 1076 767 inter
1097 730 1238 768 fratres
1273 730 1535 771 dissidiorum.
1578 731 1676 768 Nam
1708 731 1782 769 etsi
1806 742 1849 772 a.
1871 731 1953 770 Ec-

212 791 402 828 clesiae
426 803 566 828 nomen
589 790 743 839 proprie
767 789 946 839 designat
970 789 1142 826 fidelium
1165 792 1332 835 coetum,
1357 789 1562 839 designare
1585 791 1744 840 (saltem
1767 803 1835 839 per
1856 803 1950 840 syn-

212 847 423 901 ecdochen)
446 850 565 887 etiam
588 852 717 897 potest
740 853 942 897 pastorum
964 849 1256 897 primatumque
1279 851 1453 891 coetum;
1490 862 1618 898 neque
1640 849 1869 899 infrequens
1891 853 1953 888 est

214 909 393 946 societati
414 908 600 946 tribuere.
634 908 738 956 quod
761 908 868 945 illius
899 908 1110 956 praecipui,
1143 907 1341 956 praesides
1373 911 1508 958 agunt.
1552 908 1626 946 Hic
1657 910 1790 946 autem
1815 907 1858 949 b.
1880 921 1950 947 no-

212 969 316 1005 mine
338 968 529 1006 Ecclesiae
553 967 750 1016 designari
774 979 908 1004 revera
929 970 1132 1015 pastorum
1155 971 1307 1004 coetum
1332 967 1478 1005 evincit
1492 970 1710 1012 contextus,
1734 968 1803 1016 qui
1816 970 1947 1006 osten-

212 1027 269 1064 dit
291 1027 512 1071 Ecclesiam,
549 1026 595 1063 de
619 1039 696 1075 qua
718 1030 775 1063 est
798 1038 934 1070 sermo,
959 1029 1138 1063 constare
1161 1026 1221 1070 iis,
1255 1026 1402 1074 quibus
1435 1027 1657 1064 concredita
1689 1029 1750 1064 est
1779 1029 1950 1076 potestas

212 1086 363 1135 ligandi
386 1089 503 1134 atque
526 1085 722 1122 solvendi:
758 1085 850 1123 haec
884 1097 976 1122 vero
998 1085 1140 1122 collata
1161 1085 1238 1122 fuit
1271 1097 1349 1122 non
1385 1085 1730 1123 indiscriminatim
1766 1086 1949 1124 omnibus

211 1145 402 1183 fidelibus.
427 1145 492 1182 sed
518 1145 717 1193 speciatim
749 1145 933 1193 apostolis
966 1157 1179 1193 eorumque
1212 1145 1513 1182 successoribus.
1556 1144 1667 1189 Quod
1698 1145 1953 1183 confirmatur

212 1214 252 1245 (3.
275 1205 444 1253 practica
467 1204 793 1252 interpretatione.
816 1203 1026 1247 Ecclesiae,
1050 1216 1094 1240 ex
1117 1204 1230 1252 cujus
1254 1204 1417 1241 historia
1438 1204 1630 1249 novimus,
1665 1216 1744 1242 non
1776 1204 1951 1242 fidelium

211 1267 376 1308 coetum,
411 1263 478 1300 sed
510 1266 685 1311 pastores
718 1263 936 1300 exercuisse
963 1263 1122 1311 judicia.
1166 1264 1245 1301 Nec
1277 1260 1324 1303 (l.
1349 1263 1508 1301 aliunde
1539 1263 1581 1300 id
1602 1263 1773 1300 Ecclesia
1801 1263 1951 1309 didicit,

211 1335 327 1371 quam
351 1322 398 1359 ab
421 1322 619 1371 apostolis.
643 1322 712 1370 qui
734 1322 967 1359 auctoritate
999 1322 1191 1359 divinitus
1225 1322 1299 1359 sibi
1331 1322 1474 1359 collata
1499 1322 1652 1371 judicia
1682 1325 1952 1360 exercuerunt.

211 1381 263 1419 Cf.
285 1382 369 1419 Act.
395 1388 431 1421 5.
458 1388 478 1420 2
505 1393 575 1425 ss.;
601 1387 636 1426 S,
664 1387 736 1421 20:
780 1389 810 1420 l.
834 1381 914 1418 Cor.
941 1388 975 1423 5,
1003 1387 1025 1421 3
1050 1394 1099 1418 s:
1140 1389 1172 1420 1.
1197 1381 1294 1418 Tim.
1323 1389 1355 1426 1,
1382 1387 1456 1421 20:
1493 1388 1528 1424 5,
1555 1387 1630 1423 202
1666 1388 1701 1421 2.
1723 1381 1819 1419 Tim.
1843 1388 1880 1427 4,
1906 1387 1952 1427 2;

211 1440 284 1477 Tit.
311 1446 346 1485 2,
376 1447 436 1480 15.
481 1440 532 1477 Cf.
556 1440 807 1477 Schrader
829 1440 875 1477 de
899 1440 996 1478 unit.
1018 1451 1114 1477 rom.
1135 1443 1163 1477 t.
1192 1448 1208 1480 1
1236 1453 1273 1477 n.
1300 1446 1380 1481 21s
1400 1452 1449 1477 ss.
1492 1440 1632 1477 Merito
1653 1440 1780 1490 igitur
1801 1440 1950 1490 Chry-

212 1511 227 1535 s
241 1503 401 1536 ostom
415 1512 469 1536 us
491 1499 621 1536 locum
643 1499 748 1536 hunc
769 1499 824 1536 ita
847 1499 1035 1547 explicat:
1062 1499 1162 1543 „Dic
1185 1499 1377 1537 Ecclesiae
1399 1499 1435 1536 h.
1458 1512 1489 1536 e.
1513 1499 1788 1549 praepositis<

333 1582 429 1623 333.
464 1579 827 1622 Demonstratio
861 1591 907 1632 p.
945 1578 1028 1621 IV.
1083 1577 1220 1633 Neque
1256 1579 1432 1619 unitatis
1467 1578 1593 1619 tutela
1628 1580 1861 1621 concredita
1897 1583 1953 1620 est

211 1651 385 1704 sinyulis
406 1650 620 1704 episcopis,
644 1654 734 1689 tum
758 1649 857 1701 quia
878 1649 958 1701 ipsi
980 1649 1090 1690 inter
1113 1660 1158 1690 se
1181 1661 1311 1702 quam
1325 1648 1522 1690 facillime
1536 1654 1716 1701 possunt
1738 1649 1954 1700 dissidere,

211 1733 310 1773 ergo
330 1721 420 1773 Jam
443 1720 651 1772 superiori
675 1719 862 1772 quodam
884 1719 1024 1760 medio
1049 1720 1250 1772 indigent,
1283 1732 1367 1772 quo
1397 1719 1606 1761 efficiatur
1626 1721 1768 1762 unitas
1789 1721 1955 1774 episco-

211 1792 329 1845 palis.
353 1803 377 1832 a
403 1803 486 1844 qua
501 1790 716 1832 Ecclesiae
738 1791 880 1831 unitas
903 1803 1032 1844 quam
1056 1792 1242 1832 maxime
1264 1790 1442 1843 pendet;
1466 1795 1557 1831 tum
1580 1792 1679 1844 quia
1700 1792 1953 1845 principium

210 1863 384 1904 unitatis
407 1860 592 1903 efficiens
616 1862 773 1914 polleat
795 1873 972 1903 necesse
995 1867 1059 1903 est
1089 1862 1344 1903 auctoritate
1376 1862 1420 1902 in
1442 1861 1676 1903 Ecclesiam
1697 1863 1953 1912 universam,

212 1947 293 1987 qua
317 1933 553 1985 singulares
575 1933 760 1986 episcopi
786 1938 945 1974 carent.
967 1938 1014 1974 ut
1035 1946 1077 1976 a.
1102 1933 1370 1974 demonstrat
1391 1932 1606 1974 Ecclesiae
1627 1933 1819 1983 historia,
1841 1945 1951 1987 quae

211 2005 435 2057 episcopos
457 2004 595 2044 solum
618 2003 947 2056 particularibus
968 2004 1203 2056 praefuisse
1227 2003 1418 2045 ecclesiis
1441 2003 1644 2051 ostendit3
1678 2005 1723 2048 b.
1745 2004 1950 2058 legislatio

210 2080 417 2128 perpetua
439 2074 730 2115 ecclesiastica
762 2086 910 2115 severe
943 2075 1154 2126 episcopis
1184 2074 1429 2126 prohibens,
1461 2086 1515 2115 ne
1548 2074 1647 2127 quid
1679 2079 1799 2116 extra
1829 2086 1952 2116 suam

212 2152 338 2199 agant
361 2146 584 2194 diocesim3
617 2159 658 2190 c.
692 2146 913 2198 pernicies,
945 2158 1055 2199 quae
1086 2147 1331 2187 necessario
1356 2146 1507 2187 exinde
1529 2146 1789 2187 redundaret
1809 2147 1854 2188 in
1874 2146 1952 2188 Ec-

211 2218 394 2258 clesiam.
436 2216 522 2257 Etsi
545 2229 646 2258 vero
671 2217 859 2269 episcopi
881 2216 1175 2268 apostolorum
1198 2221 1296 2257 sunt
1317 2228 1602 2267 successores,
1633 2217 1784 2269 singuli
1805 2221 1951 2259 tamen

212 2289 390 2329 seorsim
423 2288 601 2340 spectati
634 2300 721 2329 non
752 2289 796 2328 in
826 2287 1010 2328 solidum
1041 2287 1222 2329 heredes
1255 2292 1353 2328 sunt
1385 2287 1648 2340 apostolicae
1675 2289 1952 2340 auctoritatis,

211 2370 290 2399 nec
307 2358 612 2411 jurisdictionis
626 2359 669 2398 in
684 2358 920 2400 Ecclesiam
935 2359 1190 2409 universam,
1215 2358 1291 2399 sed
1314 2359 1375 2400 eis
1397 2358 1632 2400 succedunt
1652 2358 1720 2400 vel
1741 2363 1951 2412 quatenus

211 2429 392 2481 apostoli
413 2434 614 2469 rexerunt
636 2430 936 2481 particularem
961 2429 1147 2483 aliquam
1170 2429 1408 2479 ecclesiam,
1430 2429 1497 2471 vel
1518 2434 1564 2470 ut
1586 2429 1781 2471 membra
1801 2434 1950 2472 coetus

212 2499 478 2551 episcopalis,
503 2501 573 2552 qui
595 2502 799 2541 successit
821 2500 998 2552 collegio
1021 2501 1270 2553 apostolico,
1302 2501 1369 2541 cui
1391 2502 1637 2541 universum
1661 2499 1816 2541 Christi
1838 2500 1948 2542 ovile

208 2568 440 2620 regendum
461 2570 808 2624 pascendumque
829 2571 906 2612 fuit
927 2572 1215 2613 commissum.

328 2643 425 2684 334.
460 2641 822 2686 Demonstratio
856 2656 902 2697 p.
940 2643 994 2686 V.
1055 2641 1194 2698 Neque
1230 2644 1404 2684 zen-itatis
1438 2642 1625 2683 custodia
1661 2642 1947 2684 aristocratiae

203 2715 422 2765 pastorum
458 2715 586 2751 coe-tui
617 2714 832 2753 commissa
856 2714 1009 2754 censeri
1026 2717 1170 2767 potest.
1214 2712 1337 2764 Quod
1368 2713 1411 2753 in
1443 2712 1589 2765 primis
1620 2712 1853 2753 tenendum
1884 2716 1949 2754 est

208 2786 359 2822 contra
381 2793 468 2830 eos,
489 2782 560 2834 qui
583 2782 699 2834 epis
713 2794 772 2824 co
786 2796 811 2835 p
825 2783 941 2824 ales
964 2783 1174 2833 dicuntur,
1205 2783 1442 2825 secundum
1464 2794 1571 2836 quos
1595 2782 1787 2824 Christus
1809 2782 1950 2824 eccle-

207 2852 366 2893 siarum
388 2852 708 2904 particularium
729 2854 880 2894 unitati
903 2855 1111 2895 consuluit
1148 2855 1460 2907 episcoporum,
1491 2855 1562 2907 qui
1593 2854 1744 2906 singuli
1775 2853 1948 2906 singulis

207 2928 466 2975 praeessent,
497 2923 782 2964 institutione:
817 2925 1069 2966 universalis
1102 2937 1204 2966 vero
1226 2924 1441 2966 Ecclesiae
1472 2925 1626 2966 unitati
1656 2937 1745 2966 non
1765 2923 1947 2977 providit

207 2994 397 3035 instituto
419 2998 592 3046 pastore
622 3005 836 3046 supremo,
868 2995 944 3036 sed
975 3000 1101 3036 coetu
1130 3001 1352 3048 pastorum
1383 2995 1441 3036 illi
1462 2995 1565 3036 satis
1587 3007 1682 3036 esse
1704 2994 1945 3037 consultum

208 3068 393 3105 censent.
437 3063 595 3105 Verum
619 3064 825 3105 adversus
849 3065 1095 3116 anglicanos
1119 3066 1234 3108 haud
1255 3066 1467 3107 immerito
1491 3077 1690 3118 urgemus
