2175 3382
267 155 321 194 33
535 146 651 180 'lu-aui.
670 145 695 178 Ι.
716 144 897 189 Apologia¹
915 144 1017 189 relig.
1038 143 1161 178 christ.
1181 144 1308 177 Thes-is
1327 143 1404 177 Vll.
1427 143 1476 176 Dc
1494 143 1728 187 genuinitatc

384 268 424 309 2,
449 267 691 305 (slonsensus
714 275 815 304 vero
838 264 905 304 hic
928 275 978 304 eo
1003 263 1132 316 pluris
1156 267 1220 304 est
1242 262 1471 310 faciendus,
1504 262 1615 315 quod
1639 275 1725 303 non
1749 268 1812 303 est
1835 267 1999 304 tantum

260 341 544 389 personarum
570 335 858 387 singularium,
881 335 1155 387 privatarum,
1187 333 1354 374 rudium
1377 333 1576 386 nullaque
1600 334 1854 374 auctoritate
1876 345 2000 386 prae-

265 408 460 456 ditarum,
491 406 565 448 sed
599 407 784 447 virorum
819 406 1055 453 doctorum,
1088 404 1254 457 publica
1288 404 1547 455 fungentium
1571 404 1838 453 auctoritate,
1871 405 2000 456 ipsius

265 478 493 527 societatis,
516 489 626 530 quae
648 478 689 517 in
713 476 985 518 admittendis
1001 475 1230 528 evangeliis
1249 475 1323 515 fuit
1346 474 1577 515 admodum
1601 479 1727 515 cauta
1749 479 1791 516 et
1812 475 2001 528 provida,

264 553 309 589 ut
331 548 458 602 liquet
483 560 534 589 ex
556 548 859 600 reprobatione
883 552 944 588 tot
967 546 1294 597 evangeliorum,
1317 557 1426 598 quae
1441 544 1636 586 fidelibus
1652 544 2000 587 obtrudebantur.

264 618 339 660 Hic
362 631 596 660 consensus
620 624 842 671 praeterea
874 630 961 658 non
987 622 1181 658 versatur
1203 617 1316 657 circa
1338 616 1468 657 libros
1491 616 1644 657 nullius
1667 617 1884 666 momenti,
1916 617 2000 669 pri-

266 694 400 739 vatos,
423 690 693 736 tlieoreticos,
714 690 788 730 sed
803 688 1060 729 circalibros
1075 687 1277 740 publicos.
1301 687 1639 728 fundamentales
1654 687 1867 740 religionis
1889 688 2004 728 chri-

263 761 440 804 stianae.
483 761 609 813 Atqui
633 761 745 801 circa
768 759 976 812 ejusmodi
998 759 1130 799 libros
1154 770 1274 800 error
1295 758 1418 810 longe
1442 763 1506 799 est
1528 758 1744 802 difficilior.
1788 758 1894 799 Hinc
1915 759 2002 799 sol-

264 832 373 872 vitur
395 832 601 884 exceptio,
625 836 734 883 quae
756 831 912 883 petitur
935 842 986 870 ex
1008 829 1237 870 universali
1261 834 1301 870 et
1325 829 1523 870 diuturna
1545 829 1864 882 conspiratione
1888 829 2002 870 circa

261 902 391 943 libros
414 902 476 943 Ps
490 915 512 944 e
525 916 551 943 u
563 902 588 943 d
602 914 626 943 o
643 927 660 933 -
674 901 769 942 Dio
782 914 844 954 ny
857 901 924 942 sii
946 900 1252 953 Areopagitae:
1275 900 1383 941 haec
1399 900 1510 940 enirn
1533 912 1620 941 non
1643 900 1715 941 fuit
1739 900 1824 941 fere
1840 911 2002 941 coaeva

263 974 342 1025 ipsi
356 973 556 1026 Dionysio
572 972 876 1025 Areopagitae3
901 972 975 1012 fuit
997 975 1163 1012 tantum
1180 971 1485 1022 theologorum,
1509 983 1595 1011 non
1617 970 1892 1023 populorum3
1916 946 2038 1023 pri)

262 1049 372 1093 vata,
396 1057 482 1085 non
505 1044 728 1092 solemnis3
751 1055 839 1083 non
859 1042 1110 1083 confirmata
1125 1053 1336 1083 consensu
1359 1041 1424 1082 vel
1446 1041 1633 1082 hostium
1648 1041 1881 1089 Ecclesiae3
1905 1053 2000 1083 ver-

262 1115 437 1156 sabatur
462 1115 575 1156 circa
597 1114 728 1155 libros
750 1126 837 1155 non
868 1113 1073 1166 publicos,
1106 1112 1444 1154 fundamentales
1466 1113 1578 1153 vitae
1601 1112 1877 1160 christianae;
1910 1113 2003 1154 dili-

262 1187 373 1238 genti
396 1186 588 1239 indagini
610 1197 827 1238 nunquam
851 1184 1064 1237 subJecta3
1087 1184 1128 1224 in
1153 1196 1236 1236 qua
1260 1195 1379 1224 error
1400 1195 1487 1224 non
1511 1188 1574 1224 est
1596 1183 1702 1224 tanti
1725 1185 1940 1225 momenti.

382 1270 424 1312 3.
450 1268 612 1310 Crescit
633 1268 960 1320 conspirationis
983 1267 1108 1319 hujus
1130 1267 1297 1319 pondus
1325 1281 1364 1310 a.
1388 1278 1439 1308 ex
1463 1278 1675 1308 consensu
1697 1266 1847 1308 saltem
1871 1267 2000 1308 tacito

260 1339 449 1391 ipsorum
480 1340 811 1391 judaeorum
847 1343 888 1380 et
922 1337 1210 1390 gentilium
1245 1339 1308 1394 (ut
1343 1350 1404 1380 ex.
1441 1351 1497 1391 gr.
1532 1337 1698 1387 Celsi,
1742 1339 1890 1391 quiin
1923 1350 2000 1379 suo

261 1410 456 1469 Ἀληθὴς
479 1411 599 1466 λόγος
622 1423 660 1451 a.
680 1414 761 1454 178
784 1409 894 1451 bene
916 1410 1035 1450 novit
1050 1408 1278 1461 Evangelia
1300 1409 1434 1462 iisque
1458 1409 1648 1450 abutitur
1670 1409 1724 1449 ad
1746 1410 2000 1462 impugnan-

262 1481 340 1522 dos
361 1473 655 1537 christianos),
689 1493 869 1534 quorum
901 1492 1005 1521 sane
1037 1479 1213 1520 maximi
1245 1479 1502 1521 interfuisset
1533 1481 1729 1521 evincere
1760 1480 1840 1521 hos
1870 1478 2000 1521 libros

264 1564 358 1594 esse
380 1553 558 1605 spurios,
581 1553 617 1593 si
639 1552 807 1604 genuini
829 1563 916 1592 non
939 1550 1126 1601 fuissent,
1150 1551 1264 1604 quod
1286 1555 1431 1592 tamen
1445 1563 1664 1604 nunquam
1679 1551 2000 1603 praestiterunt3

262 1625 310 1667 b.
335 1623 492 1664 diserto
516 1635 729 1664 consensu
751 1627 814 1663 tot
836 1623 1196 1663 haereticoru
1210 1635 1270 1672 m,
1303 1623 1374 1675 qui
1397 1622 1611 1674 religionis
1633 1621 1871 1663 catholicae
1895 1622 2002 1663 alio-

263 1695 363 1747 quin
397 1695 594 1736 acerrimi
629 1698 750 1736 erant
782 1694 940 1742 hostes,
976 1698 1022 1734 ut
1055 1693 1294 1742 Marcionis,
1329 1692 1543 1734 Valentini
1575 1693 1675 1749 (sec.
1709 1692 1770 1749 ΙΙ),
1805 1693 2001 1734 Basilidis

263 1766 306 1820 (†
325 1766 438 1821 130),
460 1765 830 1818 pseudoevangelii
845 1765 969 1815 Petri,
993 1765 1106 1818 quod
1129 1765 1312 1805 ineuntis
1335 1769 1399 1805 est
1421 1776 1502 1805 see.
1526 1764 1581 1813 ΙΙ.,
1604 1776 1700 1804 cum
1724 1776 1774 1805 eo
1792 1763 1883 1816 jam
1905 1769 2000 1805 uta-

261 1841 329 1878 tur
349 1837 600 1878 Justinus
622 1839 652 1893 1)
677 1842 774 1879 etc:
806 1837 905 1877 hinc
927 1836 1190 1877 irenaeus
1212 1837 1304 1888 jam
1327 1836 1470 1877 seculo
1494 1835 1536 1876 ΙΙ.
1560 1835 1746 1876 scribere
1768 1836 1904 1888 potuit
1925 1836 1948 1876 l.
1973 1839 1999 1879 3

261 1920 295 1948 c.
322 1913 372 1952 11
406 1921 444 1949 n.
470 1913 514 1953 7:
554 1908 714 1959 „Tanta
745 1913 809 1949 est
839 1913 982 1949 autem
1015 1909 1129 1949 circa
1162 1908 1381 1961 evangelia
1412 1908 1521 1949 haec
1551 1907 1739 1956 firmitas.
1772 1911 1817 1948 ut
1849 1911 1890 1948 et
1921 1907 2000 1960 ipsi

261 1979 464 2020 haeretici
498 1980 787 2020 testimonium
820 1979 1002 2020 reddunt
1038 1979 1108 2027 eis,
1154 1984 1199 2019 ut
1234 1991 1284 2020 ex
1318 1979 1418 2031 ipsis
1455 1978 1675 2031 egrediens
1710 1968 1999 2031 unusquisque

262 2062 410 2091 eorum
432 2055 610 2091 conetur
632 2063 754 2091 suam
771 2049 1024 2091 confirmare
1040 2050 1290 2092 doctrinam.
1304 2058 1318 2074 “
1343 2048 1657 2091 Genuinitatem
1681 2062 1722 2093 c.
1748 2048 2002 2090 confirmant

261 2123 353 2174 ipso
385 2121 497 2163 facto
531 2134 556 2162 a
569 2121 594 2162 d
606 2134 631 2161 v
644 2133 665 2162 e
678 2134 698 2161 r
712 2134 730 2162 s
745 2134 769 2162 a
782 2134 802 2161 r
813 2121 824 2161 i
837 2122 849 2161 i
862 2153 870 2170 ,
901 2134 927 2161 n
941 2133 965 2162 o
978 2121 1028 2161 vi
1040 2125 1153 2161 tate
1185 2120 1270 2161 scil.
1294 2132 1467 2161 suarum
1491 2120 1751 2172 opinionum.
1783 2120 1999 2161 inauditae

262 2192 373 2233 enim
388 2196 486 2233 sunt
508 2192 562 2233 ad
585 2197 732 2233 nostra
747 2204 881 2245 usque
896 2196 1113 2244 tempora;
1139 2190 1519 2232 mutabilitate
1543 2195 1584 2231 et
1604 2191 1824 2240 varietate,
1846 2191 1889 2231 in
1911 2190 2000 2231 dies
2044 2234 2048 2236 ‚

262 2262 375 2302 enim
397 2262 502 2303 alias
525 2263 787 2313 excogitant:
822 2262 1294 2311 contradictione,
1326 2274 1428 2302 nam
1450 2274 1495 2302 se
1517 2266 1664 2303 mutuo
1688 2262 1938 2314 impugnant
1960 2266 2001 2302 et

262 2332 486 2373 exsibilant
502 2334 548 2389 2),
571 2338 612 2374 et
635 2337 983 2385 argumentorum
999 2333 1154 2385 quibus
1174 2332 1287 2373 illam
1309 2333 1559 2385 impugnant
1580 2333 1999 2374 imbecillitate:

261 2415 399 2455 neque
414 2404 526 2444 enini
549 2416 601 2445 ea
617 2408 715 2444 sunt
729 2404 943 2453 historica,
965 2403 1040 2445 sed
1055 2404 1348 2456 philosophica
1372 2408 1411 2445 et
1436 2417 1459 2444 a
1483 2404 1614 2456 priori
1628 2404 1772 2456 petita,
1796 2416 1847 2444 ex
1870 2404 1998 2444 mira-

263 2473 454 2514 culorum
477 2474 562 2517 scil.
584 2474 933 2527 impossibilitate.

382 2555 510 2609 Atqui
531 2557 662 2598 critici
685 2570 921 2610 paucorum
943 2557 1137 2598 codicum
1160 2558 1415 2610 testiumque
1439 2562 1630 2598 veterum
1655 2558 1909 2598 auctoritate
1932 2557 2000 2598 in-

262 2626 348 2666 nixi
380 2626 640 2668 confidenter
672 2628 723 2669 de
763 2627 967 2669 librorum
1000 2628 1257 2680 genuinitate
1289 2629 1545 2669 sententiam
1576 2628 1725 2672 ferunt.
1769 2627 1819 2669 Et
1849 2640 2000 2669 revera

262 2708 338 2749 pro
362 2698 619 2748 genuinitate
643 2703 868 2740 auctorum
891 2699 1180 2748 classicorum,
1212 2699 1264 2739 de
1296 2699 1448 2752 quibus
1478 2710 1605 2740 nemo
1634 2699 1809 2748 dubitat,
1841 2711 1999 2740 raros

263 2766 494 2807 admodum
517 2774 695 2820 possunt
716 2770 916 2810 invocare
939 2773 1069 2810 testes
1093 2781 1251 2822 eosque
1283 2768 1370 2811 fere
1402 2782 1499 2819 uno,
1531 2770 1617 2810 imo
1649 2782 1779 2822 saepe
1811 2770 2000 2823 pluribus

263 2837 317 2878 ab
350 2839 595 2881 auctoribus
618 2841 770 2882 seculis
794 2841 1021 2888 distantes3
1056 2852 1262 2893 paucos
1297 2841 1466 2882 codices
1501 2853 1660 2894 eosque
1696 2841 1750 2882 ad
1784 2854 1999 2882 summum

263 2920 344 2949 sec.
367 2908 434 2949 IX.
455 2910 521 2951 vel
543 2910 655 2961 VIII„
686 2914 810 2954 unius
842 2916 1006 2953 tantum
1033 2912 1098 2952 vel
1121 2912 1293 2953 alterius
1316 2924 1398 2954 sec.
1422 2912 1468 2954 V.
1492 2912 1557 2953 vel
1580 2911 1657 2962 IV.‚
1689 2912 1873 2953 nullas
1905 2924 2000 2953 ver-

410 3061 434 3098 1)
453 3057 504 3091 Cf.
524 3057 613 3091 Kili
626 3070 649 3090 n
667 3058 848 3093 Katholik
869 3062 969 3094 1893.
989 3059 1015 3098 Ι,
1035 3060 1102 3094 297
1122 3071 1165 3092 ss.

411 3112 435 3155 Ξ)
455 3111 504 3144 Cf.
526 3111 734 3155 specimina,
756 3122 848 3155 quae
868 3112 1016 3146 exhibet
1034 3112 1062 3146 P
1075 3122 1120 3145 es
1134 3111 1186 3145 ch
1204 3112 1317 3157 prael.
1338 3113 1460 3157 (logni.
1480 3113 1494 3146 Ι
1511 3123 1613 3156 prop.
1635 3116 1666 3146 5.
