2175 3382
238 127 322 168 262
442 121 564 154 'Pi-act.
586 119 644 153 Ill.
663 118 715 153 De
735 117 908 152 Ecclesia,
926 116 1054 151 Thesis
1073 115 1180 153 XLV.
1199 116 1364 158 Quinam
1386 116 1461 150 sint
1478 115 1572 150 Eccl.
1593 116 1769 149 membra.

358 242 397 283 l.
422 239 492 292 qui
513 237 710 279 credunt:
734 242 799 279 est
812 237 924 278 enim
940 235 1127 277 Ecclesia
1142 239 1290 277 coetus
1304 233 1501 286 fidelium,
1525 234 1596 287 qui
1611 233 1861 287 profitentur
1876 234 1978 276 doc-

236 312 391 352 trinam
415 309 568 351 Christi
591 319 666 361 per
687 307 827 356 fidem,
850 317 959 358 quae
983 310 1047 347 est
1069 304 1282 346 Ecclesiae
1306 303 1628 346 fundamentum
1652 309 1694 346 et
1715 317 1880 346 norma.

355 395 399 437 2.
422 391 518 433 Non
539 389 690 432 sufficit
711 389 884 431 credere
907 387 1293 441 quomodocunque
1314 387 1380 428 vel
1402 386 1515 440 quod
1538 386 1708 428 cuilibet
1730 387 1880 440 placet,
1902 387 1978 430 sed

236 463 496 516 singulorum
529 462 629 503 fides
662 464 812 502 exacta
835 471 928 501 esse
951 458 1079 500 debet
1101 458 1155 499 ad
1179 470 1376 499 normam
1400 458 1671 499 authenticae
1693 458 1979 510 praedicatio-

236 537 321 577 nis:
354 546 453 576 nam
483 534 585 587 fides
616 547 664 575 ea:
695 532 856 583 auditu,
890 542 995 572 sane
1026 529 1380 582 praedicantium,
1421 529 1492 582 qui
1523 528 1707 581 legitime
1738 533 1836 570 sunt
1862 529 1979 570 missi
2050 520 2061 533 '

236 606 358 650 Rom.
385 610 450 655 10,
476 608 529 649 14
552 618 628 651 ss‚;
652 608 693 645 et
715 603 786 656 qui
800 601 1042 655 Ecclesiam,
1064 602 1210 655 utique
1233 601 1275 642 in
1298 601 1444 653 primis
1468 600 1706 651 docentem,
1730 615 1811 643 non
1833 601 1978 643 mulie-

237 679 305 731 rit,
327 678 379 719 sit
401 677 473 718 tibi
495 677 599 716 sicut
622 674 803 716 ethnicus
824 679 858 714 et
876 672 1129 727 publicanus
1143 671 1289 714 Matth.
1317 675 1383 721 18,
1411 675 1484 720 17;
1508 673 1579 727 qui
1601 685 1669 713 ros
1690 683 1796 713 sane
1819 671 1978 714 docen-

236 753 300 790 tes
321 749 492 803 sper-nit,
515 760 577 787 me
599 746 755 801 spernit
776 744 873 785 Luc.
892 748 955 793 10,
983 746 1056 791 16;
1080 743 1195 784 unde
1218 742 1363 784 fideles
1386 742 1585 783 dicuntur
1598 741 1699 795 Eph.
1716 746 1754 792 2,
1769 745 1825 787 20
1839 756 1979 797 super-

237 820 445 873 aedificati
485 831 608 872 saper
645 816 967 871 fundamentum
1001 814 1282 869 apostolorum
1317 819 1353 855 et
1379 813 1682 869 prophetarum
1695 829 1711 865 ;
1751 817 1793 855 et
1822 813 1980 855 Paulus

237 889 326 932 Gal.
355 895 388 940 1,
412 893 437 934 9
454 889 683 930 anathema
706 887 806 928 dicit
826 887 869 928 in
893 898 1002 936 eum,
1025 887 1095 939 qui
1119 890 1288 939 praeter
1310 885 1351 926 id
1374 884 1487 938 quod
1510 885 1600 937 ipse
1622 884 1825 935 docuerit,
1848 896 1979 926 evan-

236 961 497 1014 gelizaverit;
522 960 784 1001 haereticum
807 963 1105 999 contumacem
1131 956 1405 998 devitandum
1430 956 1577 997 statuit
1603 960 1637 999 1.
1659 955 1763 998 Tim.
1788 958 1825 1005 3,
1852 959 1917 1005 10,
1940 959 1982 996 et

236 1045 267 1076 s.
289 1032 477 1074 Joannes
501 1035 538 1075 2.
554 1043 615 1083 ep.
631 1043 667 1071 v.
688 1034 739 1075 10
762 1029 976 1083 praecipit,
998 1041 1052 1070 ne
1076 1029 1305 1081 recipiatur
1328 1028 1363 1068 is
1386 1028 1430 1068 in
1452 1027 1627 1068 domum
1649 1026 1821 1083 (nedum
1846 1027 1887 1067 in
1901 1025 1981 1067 Ec-

237 1103 440 1160 clesiam),
464 1103 535 1156 qui
557 1101 796 1143 doctrinam
819 1113 845 1141 a
867 1112 912 1141 se
934 1100 1200 1153 propositam
1225 1111 1312 1140 non
1335 1098 1466 1147 affert,
1500 1103 1541 1140 et
1562 1109 1617 1139 ne
1641 1098 1679 1139 ei
1702 1109 1781 1139 ave
1803 1097 1978 1141 dicatur.

355 1187 399 1232 3.
421 1186 665 1239 Requiritur
694 1191 737 1226 ut
769 1185 986 1225 initientur
1006 1184 1244 1236 baptismo;
1276 1194 1378 1223 nam
1400 1181 1594 1223 Christus
1616 1181 1838 1234 apostolos
1855 1181 1982 1234 jussit

236 1257 380 1299 Matth.
396 1259 464 1307 28,
487 1261 553 1302 19:
576 1256 872 1314 Μαθητεόπατε
894 1255 1126 1308 discipulos
1151 1254 1254 1295 m'hi
1291 1254 1573 1325 acitfflnes
1596 1257 1741 1306 gentes
1765 1251 2011 1330 baptiw

241 1333 298 1370 tes
320 1342 383 1370 eos
393 1346 411 1378 ,-
443 1333 484 1370 et
505 1328 596 1369 Act.
619 1332 644 1372 2
678 1331 733 1372 41
767 1327 964 1379 legimus:
997 1299 1194 1380 (9ἶῖῗῖἷῖῃρ
1216 1339 1239 1365 r
1284 1329 1454 1380 eperunt
1475 1337 1701 1366 sermonem
1724 1296 1980 1379 eji‘e‘sffetrl)

166 1360 1056 1454 bffitmfflstmosmz
1081 1398 1146 1439 die
1169 1397 1241 1438 illa
1265 1397 1432 1438 animae
1453 1396 1614 1436 circiter
1635 1395 1718 1435 tria
1742 1394 1874 1436 millia
1887 1409 1903 1445 ;
1929 1404 1982 1434 ex

237 1470 389 1524 quibus
410 1471 539 1523 liquet
562 1470 758 1523 primum,
779 1469 893 1523 quod
914 1473 1085 1522 praeter
1098 1468 1224 1509 fidem
1241 1467 1430 1520 exigitur,
1453 1471 1500 1508 ut
1514 1466 1605 1519 quis
1620 1466 1673 1507 sit
1687 1463 1841 1506 Christi
1855 1465 1980 1507 disci-

237 1542 358 1595 pulus
381 1543 589 1596 simulque
612 1541 852 1583 membrum
874 1545 1022 1582 coetus
1045 1544 1307 1582 sectatorum
1322 1537 1489 1588 Christi,
1512 1550 1606 1579 esse
1619 1537 1845 1590 baptisma,
1867 1535 1981 1590 quod

237 1618 463 1666 propterea
495 1613 646 1654 dicitur
664 1613 797 1666 janua
819 1611 1044 1653 Ecclesiae.
1090 1610 1196 1652 Hinc
1217 1610 1378 1663 passim
1400 1609 1496 1650 fidei
1517 1608 1787 1650 necessariae
1810 1607 1864 1649 ad
1885 1607 1980 1657 hoc,

236 1690 283 1726 ut
313 1685 405 1738 quis
436 1685 490 1725 sit
509 1684 723 1725 Ecclesiae
755 1683 1006 1732 membrum,
1040 1681 1284 1735 adjungitur
1310 1680 1535 1733 baptisma.
1579 1679 1635 1721 Cf.
1658 1678 1786 1721 Marc.
1811 1682 1878 1728 16,
1905 1681 1979 1729 16;

237 1755 327 1796 Act.
351 1759 388 1805 8,
415 1759 479 1799 12.
502 1759 578 1805 36;
607 1759 670 1804 18,
694 1759 739 1803 8;
762 1754 863 1807 Eph.
891 1758 926 1803 1,
952 1757 1032 1803 13,-
1055 1756 1094 1803 4,
1117 1756 1143 1797 ἴ)
1166 1756 1244 1794 etc.

224 1888 229 1889 ⁷
354 1840 399 1882 4.
422 1839 666 1892 Requiritur
679 1842 725 1879 ut
746 1837 889 1879 fideles
911 1836 1114 1889 baptizati
1137 1836 1179 1877 in
1194 1848 1325 1877 unum
1339 1835 1538 1888 idemque
1554 1847 1707 1886 corpus
1723 1832 1980 1881 coalescant,

237 1910 349 1951 unde
372 1909 567 1951 dicuntur
590 1923 615 1951 a
637 1909 770 1951 Paulo
795 1910 837 1950 in
860 1922 989 1949 unum
1012 1921 1161 1963 eorpus
1183 1907 1387 1962 baptizati
1417 1910 1452 1950 1.
1474 1905 1569 1950 Cor.
1599 1909 1661 1955 12,
1687 1908 1751 1955 13,
1783 1904 1981 1957 idemque

238 1986 355 2033 patet
398 1993 450 2022 ex
480 1981 654 2022 notione
689 1980 1006 2028 societatis,
1047 1990 1157 2032 quae
1198 1977 1394 2020 definitur
1425 1978 1607 2031 plurium
1637 1977 1681 2017 in
1711 1986 1984 2017 communem

237 2051 363 2093 finem
379 2051 659 2104 conspiratio:
684 2063 810 2103 porro
826 2050 1015 2091 Ecclesia
1030 2054 1094 2091 est
1108 2049 1312 2096 societas3
1327 2053 1417 2089 tum
1432 2061 1483 2090 ex
1498 2048 1673 2089 notione
1688 2046 1892 2099 corporis,
1916 2045 1984 2086 cui

237 2122 392 2164 Paulus
414 2122 646 2164 Ecclesiam
668 2126 793 2164 toties
817 2121 1003 2163 confert:
1034 2133 1135 2162 nam
1157 2121 1209 2162 de
1232 2121 1399 2162 ratione
1422 2119 1603 2161 membri
1625 2118 1816 2171 corporis
1838 2121 1913 2167 est,
1934 2120 1980 2158 ut

239 2194 330 2235 aliis
352 2195 533 2243 uniatur,
556 2198 599 2234 ut
623 2194 675 2234 sit
696 2192 936 2234 membrum
959 2192 1011 2233 de
1040 2191 1245 2241 membro,
1269 2190 1629 2232 commembrum:
1667 2188 1979 2242 quamprimum

237 2265 344 2306 haec
367 2265 609 2318 conjunctio
632 2268 783 2313 cessat,
805 2263 960 2305 desinit
982 2262 1225 2304 membrum
1248 2274 1342 2303 esse
1365 2261 1417 2302 de
1440 2272 1632 2314 corpore.

357 2349 399 2392 ὃ.
423 2347 537 2389 Haec
560 2348 801 2400 conjunctio
825 2345 1007 2388 fovenda
1032 2349 1097 2387 est
1117 2345 1442 2398 participatione
1465 2343 1657 2397 ejusdem
1672 2343 1809 2384 cultus
1824 2354 1984 2384 eorun-

239 2418 420 2472 demque
442 2419 754 2472 mysteriorum,
776 2422 840 2459 est
862 2418 976 2459 enim
991 2416 1180 2458 Ecclesia
1203 2417 1386 2457 societas
1409 2414 1690 2456 essentialiter
1710 2413 1919 2465 religiosa,
1942 2417 1984 2454 et

239 2489 500 2542 subjectione
530 2489 715 2542 legitimo
748 2488 982 2530 ministerio
1021 2487 1221 2536 exhibita,
1253 2491 1299 2528 ut
1324 2487 1477 2528 iterum
1500 2485 1707 2538 colligitur
1728 2484 1796 2526 vel
1817 2495 1869 2525 ex
1890 2485 1983 2537 ipsa

239 2561 412 2602 notione
444 2561 661 2602 societatis
683 2564 799 2601 etex
821 2571 952 2611 scopo
985 2558 1207 2599 ministerii
1238 2557 1514 2599 ecclesiastici
1544 2568 1570 2597 a
1593 2554 1758 2597 Christo
1792 2554 1982 2598 instituti.

239 2629 357 2682 Quae
380 2631 644 2673 conditiones
667 2630 976 2672 adumbrantur
994 2629 1088 2682 J'am
1109 2629 1153 2669 in
1174 2628 1413 2681 primitivae
1434 2626 1649 2668 Ecclesiae
1677 2625 1980 2678 descriptione:

240 2702 376 2742 Erant
396 2707 531 2743 autem
549 2705 858 2756 perseverantes
872 2702 916 2741 in
930 2701 1129 2741 doctrina
1144 2699 1422 2754 apostolorum
1436 2704 1472 2739 et
1486 2697 1853 2738 communicatione
1871 2697 1982 2749 frae-

239 2773 362 2813 tionis
377 2774 506 2826 panis
536 2779 572 2814 et
595 2774 850 2815 orationibus
872 2771 982 2828 (Act.
1008 2773 1048 2821 2,
1071 2771 1167 2827 42);
1199 2774 1240 2811 et
1262 2769 1567 2811 confirmantur
1588 2768 1780 2809 unanimi
1802 2767 1983 2820 antiqui-

238 2843 337 2883 tatis
360 2855 571 2884 consensu
592 2844 875 2896 universaque
893 2842 1113 2883 Ecclesiae
1136 2841 1314 2882 historia
1333 2843 1375 2894 1).

384 2988 409 3026 ¹)
429 2983 518 3018 Cum
545 2984 566 3018 J
578 2995 758 3019 oannes
786 2984 943 3019 vicarius
970 2980 1165 3028 apostolici
1192 2981 1315 3015 throni
1344 2979 1505 3016 Orientis
1535 2980 1574 3013 in
1602 2979 1742 3023 synodo
1766 2978 1839 3013 VII.
1859 2979 1930 3012 act.
1952 2983 1980 3012 1.

240 3038 409 3073 dixisset:
447 3037 638 3078 ‚Haeresis
667 3040 814 3083 separat
842 3038 888 3071 ab
918 3036 1079 3071 Ecclesia
1097 3045 1244 3070 omnem
1270 3034 1492 3075 immineam
1522 3035 1650 3067 sancta
1676 3032 1837 3076 synodus
1867 3031 1980 3071 dixit:

245 3091 341 3131 ‚Hoc
353 3091 591 3126 manifest-um
605 3094 669 3125 est.
681 3099 694 3112 ¹
715 3090 882 3125 Ceterum
899 3090 1052 3125 assertio
1071 3092 1198 3124 nostra
1213 3089 1493 3124 confirmabitur
1506 3089 1541 3122 et
1555 3087 1806 3122 illustrabitur
1819 3085 1874 3119 iis.
1889 3095 1982 3129 quae
