2175 3382
205 144 290 182 490
569 136 688 169 'li-act.
710 135 765 171 lv.
786 135 829 168 de
849 134 929 169 fide.
950 135 1078 169 'rhesis
1098 135 1252 169 LXXXI.
1274 135 1324 168 De
1343 134 1585 177 obligatione.

326 257 364 298 l.
385 255 479 307 jure
503 259 680 295 naturae
704 254 772 295 filii
796 258 993 295 tenentur
1008 253 1253 306 parentibus
1270 253 1456 304 credere,
1479 258 1638 306 quanto
1662 255 1794 307 magis
1817 266 1935 296 crea-

205 333 295 366 tura
321 326 521 374 Creatori,
545 325 610 365 cui
634 325 862 377 perfectam
886 324 1012 366 debet
1033 324 1332 371 obedientiam,
1356 324 1485 365 etiam
1508 324 1755 375 intellectus,
1779 326 1813 366 si
1836 337 1932 367 eam

203 398 313 438 Deus
346 399 492 450 exigit:
525 398 559 435 εἰ
592 397 701 437 enim
735 397 1007 436 testimonium
1041 395 1251 435 hominum
1285 396 1526 450 accipimus,
1558 397 1833 436 testimonium
1857 396 1936 437 Dei

204 470 340 519 »zalus
363 473 417 508 es!
442 470 496 523 (l.
518 468 580 509 J0.
606 472 642 518 Γ),
666 470 720 523 9).
749 467 874 520 Atqui
899 468 1008 508 Deus
1032 467 1266 508 intellectus
1290 466 1575 507 obedientiam
1599 479 1674 519 per
1696 467 1821 509 fidem
1844 468 1934 509 exi-

203 541 259 592 git
291 541 382 592 ipsa
414 539 684 583 revelatione,
730 539 827 580 ldeo
860 552 977 579 conc.
1011 539 1253 579 vaticanum
1285 550 1386 579 sess.
1411 542 1436 582 3
1460 550 1549 590 cap.
1573 542 1598 583 3
1623 538 1766 579 docet:
1804 537 1934 590 „Cum

204 611 331 651 homo
356 624 380 651 a
403 610 489 651 Deo
515 616 730 663 tamquam
755 609 956 650 Creatore
988 614 1030 650 et
1052 609 1231 650 Domino
1264 622 1342 650 suo
1366 613 1479 650 totus
1502 608 1740 661 dependeat
1761 614 1803 650 et
1824 611 1936 651 ratio

203 687 347 722 creata
370 682 586 722 increatae
601 681 777 722 Veritati
801 682 966 733 penitus
989 680 1181 733 subjecta
1204 680 1267 728 sit,
1291 680 1460 732 plenum
1485 680 1688 721 revelanti
1704 680 1790 721 Deo
1814 680 1934 721 intel-

202 753 334 793 lectus
357 757 397 793 et
420 753 647 793 voluntatis
670 753 921 805 obsequium
945 752 1023 792 tide
1047 756 1265 804 praestare
1288 745 1515 793 tenemur.“

321 837 365 878 2.
390 834 432 876 Si
455 836 615 876 homini
638 836 831 888 prudenti
855 840 896 876 et
918 835 1033 887 gravi
1056 834 1166 875 nolle
1189 834 1363 875 credere
1386 846 1541 886 magna
1557 845 1761 887 persaepe
1785 838 1850 875 est
1870 834 1937 874 in-

199 907 322 957 juria,
346 912 504 959 quanto
528 908 662 959 magis
684 906 771 947 Deo
794 906 981 958 loquenti
1004 906 1241 947 detrectare
1264 905 1400 946 fidem.

322 994 519 1030 Praeclare
542 1006 569 1029 s.
593 993 912 1029 Ambrosius:
945 992 1006 1029 «Si
1029 993 1119 1035 Deo,
1144 992 1287 1040 inquit.
1311 1004 1389 1028 non
1404 991 1610 1037 credimus,
1635 991 1697 1028 cui
1713 991 1937 1029 credimus?

205 1081 210 1087 .
235 1081 242 1088 .
267 1082 273 1088 .
298 1055 357 1089 An
380 1052 588 1089 asserentis
610 1064 774 1100 persona
796 1050 1040 1091 discutitur‘?
1073 1051 1110 1088 Si
1131 1051 1206 1089 viri
1230 1051 1321 1088 boni
1354 1051 1536 1096 dicerent,
1569 1050 1676 1088 nefas
1706 1052 1937 1099 putaremus

202 1122 278 1148 non
312 1111 519 1154 credere;«
552 1111 592 1147 in
622 1111 713 1150 Luc.
747 1111 770 1150 l.
797 1118 819 1149 4
843 1124 879 1147 n.
907 1117 979 1155 713
1014 1136 1030 1155 »
1043 1111 1080 1148 Si
1112 1110 1185 1147 tibi
1220 1110 1279 1147 vir
1309 1110 1439 1160 gravis
1472 1112 1511 1147 et
1541 1109 1752 1147 laudabilis
1785 1108 1936 1158 aliquid

201 1170 467 1218 polliceretur,
491 1170 650 1207 haberes
672 1170 810 1218 utique
833 1170 1034 1218 pollicenti
1058 1170 1184 1215 fidem,
1217 1181 1286 1206 nec
1308 1174 1346 1206 te
1368 1169 1450 1206 falli
1473 1171 1542 1206 aut
1564 1168 1691 1218 decipi
1715 1169 1762 1206 ab
1785 1181 1828 1206 eo
1853 1180 1934 1206 cre·

203 1229 324 1272 deres,
340 1242 454 1277 quem
471 1232 573 1266 stare
589 1229 628 1265 in
644 1229 892 1266 sermonibus
909 1231 1026 1277 atque
1051 1229 1092 1266 in
1114 1228 1266 1265 actibus
1289 1228 1369 1266 suis
1393 1228 1522 1266 scires.
1554 1228 1669 1265 Nunc
1684 1228 1788 1265 Deus
1803 1230 1935 1265 tecum

203 1288 391 1337 loquitur,
416 1291 455 1325 et
476 1292 521 1325 tu
542 1290 668 1325 mente
690 1288 892 1325 incredula
917 1288 1086 1337 perfidus
1109 1288 1306 1325 fluctuas?
1330 1318 1336 1325 .
1362 1317 1368 1323 .
1393 1317 1400 1324 .
1424 1288 1504 1325 Hoc
1538 1289 1598 1324 est
1619 1288 1743 1324 Deum
1776 1287 1938 1324 omnino

203 1360 281 1385 non
304 1353 414 1384 esse«
438 1349 508 1384 etc.
552 1347 603 1384 cf.
626 1347 914 1396 Cyprianus
945 1347 992 1384 de
1015 1347 1255 1384 mortalitate
1287 1359 1324 1384 n.
1350 1354 1384 1385 6.
1430 1347 1479 1383 Et
1509 1346 1557 1383 ad
1588 1359 1669 1384 rem
1700 1346 1813 1384 docet
1843 1358 1935 1383 con-

203 1407 336 1444 cilium
360 1407 657 1444 coloniense
679 1407 741 1443 tit.
765 1406 787 1442 l¹
813 1419 841 1444 c.
867 1413 912 1446 4:
948 1406 1151 1450 „Profecto
1185 1406 1217 1443 si
1249 1407 1351 1443 Deus
1384 1406 1431 1443 ad
1462 1406 1637 1443 homines
1668 1405 1859 1453 loquitur,
1891 1416 1939 1442 eo

203 1465 382 1514 loquitur
405 1466 578 1508 consilio,
611 1468 657 1502 ut
679 1465 755 1502 sibi
779 1465 873 1502 fides
897 1465 1098 1503 habeatur.
1141 1465 1221 1502 Nec
1242 1467 1371 1514 potest
1402 1465 1447 1510 is,
1482 1465 1549 1512 qui
1581 1465 1695 1502 fidem
1729 1465 1933 1509 detrectat,

202 1536 280 1562 non
302 1524 445 1562 inferre
466 1524 650 1572 injuriam
674 1526 743 1561 aut
765 1524 834 1561 Dei
857 1525 1080 1573 sapientiae,
1115 1524 1207 1561 dum
1240 1536 1329 1561 eum
1354 1525 1500 1572 absque
1532 1523 1697 1561 consilio
1729 1536 1842 1574 agere
1873 1523 1939 1561 vel

202 1584 311 1632 loqui
335 1584 531 1632 opinatur,
564 1587 633 1620 aut
655 1595 837 1632 supremo
860 1585 944 1632 ejus
968 1584 1151 1628 dominio,
1185 1583 1247 1620 cui
1279 1595 1318 1620 se
1349 1596 1428 1621 non
1450 1584 1539 1620 vult
1570 1583 1802 1620 submittere
1833 1584 1934 1620 etc.‘

201 1643 303 1680 Hinc
324 1643 377 1679 Pi
392 1655 448 1679 us
470 1642 532 1680 IX.
555 1643 595 1679 in
618 1643 676 1683 lit.
699 1643 845 1691 encycl.
871 1650 906 1682 9.
921 1643 1017 1680 Nov.
1039 1649 1145 1683 1846
1163 1642 1293 1679 docet:
1318 1642 1442 1687 „Quis
1465 1642 1567 1680 enim
1582 1643 1736 1692 ignorat
1748 1642 1811 1679 vel
1824 1642 1938 1691 igno-

201 1715 286 1739 rare
307 1704 447 1751 potest,
481 1714 634 1739 omnem
657 1702 736 1738 Deo
757 1701 937 1750 loquenti
959 1701 1073 1738 fidem
1098 1713 1180 1739 esse
1203 1702 1422 1739 habendam
1443 1701 1622 1749 nihilque
1644 1701 1788 1739 rationi
1810 1700 1938 1750 magis

202 1774 284 1799 esse
307 1763 623 1806 consentaneum,
656 1774 772 1809 quam
804 1761 851 1798 iis
873 1761 1118 1809 acquiescere
1151 1761 1393 1809 firmiterque
1415 1761 1634 1805 adhaerere,
1669 1773 1769 1808 quae
1800 1773 1822 1797 a
1842 1760 1936 1805 Deo,

202 1820 270 1868 qui
292 1833 363 1859 nec
383 1820 467 1858 falli
489 1832 560 1857 nec
582 1820 716 1857 fallere
739 1822 881 1869 potest,
906 1821 1078 1857 revelata
1100 1832 1182 1857 esse
1206 1820 1484 1857 cons,titerit‘?<<

321 1913 363 1955 3.
387 1911 566 1953 Evidens
590 1917 653 1954 est
674 1913 851 1953 rationis
872 1908 1029 1961 lumini,
1053 1912 1129 1954 Dei
1151 1924 1245 1954 esse
1267 1912 1559 1966 praescribere
1573 1911 1839 1953 conditiones
1858 1923 1939 1964 pro

203 1982 435 2024 obtinenda
459 1984 595 2024 salute
618 1989 805 2033 aeterna,
839 1984 1090 2036 praesertim
1123 1985 1159 2025 si
1185 1996 1236 2026 ea
1259 1996 1430 2025 omnem
1453 1988 1633 2025 naturae
1655 1987 1828 2035 superat
1849 1994 1938 2023 exi-

203 2055 398 2106 gentiam,
422 2054 604 2107 ideoque
627 2067 652 2095 a
675 2060 873 2096 creatura
894 2055 1092 2096 rationali
1115 2055 1360 2105 servandas,
1383 2056 1417 2096 si
1439 2055 1539 2096 velit
1560 2066 1655 2096 esse
1676 2054 1817 2095 beata.
1857 2052 1934 2094 At-

203 2124 273 2176 qui
297 2125 514 2166 evidenter
536 2127 577 2166 in
600 2126 860 2167 revelatione
883 2127 1114 2179 proposita,
1147 2127 1198 2167 de
1230 2127 1349 2180 cujus
1371 2127 1549 2168 veritate
1572 2125 1757 2167 dubitari
1778 2125 1939 2178 nequit,

204 2200 265 2235 est
289 2207 548 2248 expressum,
575 2198 662 2238 sine
682 2197 763 2250 fide
785 2198 1034 2252 ‹ivnpossibile
1057 2204 1113 2239 est
1132 2199 1295 2253 placere
1320 2198 1406 2239 Deo
1430 2197 1552 2239 Hebr.
1579 2199 1644 2246 11,
1668 2201 1719 2246 6,-
1753 2197 1823 2251 qm·
1854 2209 1938 2237 non

203 2266 438 2318 crediderit,
462 2269 801 2309 condemnabitur
823 2268 949 2310 Maro.
977 2272 1041 2318 16,
1067 2272 1131 2313 16.
1175 2269 1282 2321 Ergo
1310 2269 1448 2321 posita
1469 2268 1729 2310 revelatione
1752 2266 1843 2308 solo
1866 2278 1936 2307 ra-

202 2335 328 2376 tionis
351 2336 508 2379 lumine
529 2350 764 2390 agnoscere
786 2343 927 2391 potest
948 2339 1090 2389 homo,
1113 2352 1158 2381 se
1181 2339 1259 2381 sub
1282 2345 1483 2381 aeternae
1505 2339 1651 2380 salutis
1673 2337 1859 2391 periculo
1882 2337 1938 2378 ad

205 2406 462 2448 credendum
485 2410 628 2452 teneri.
672 2409 728 2450 Cf.
751 2409 975 2451 Mazzell
989 2422 1014 2451 a
1036 2410 1088 2451 de
1110 2411 1203 2454 virt.
1225 2409 1372 2451 infusis
1394 2410 1431 2451 d.
1454 2414 1482 2454 4
1505 2423 1541 2451 a.
1566 2414 1603 2455 8.

323 2505 420 2546 475.
443 2503 805 2548 Demonstratio
828 2519 873 2560 p.
896 2505 964 2548 II.
1000 2503 1088 2545 Deo
1112 2508 1253 2545 autem
1277 2504 1482 2546 revelanti
1504 2516 1591 2545 non
1613 2501 1938 2557 quomodocun-

204 2584 285 2625 que
308 2584 402 2613 esse
426 2573 698 2626 credendum,
731 2575 805 2616 sed
837 2587 1015 2616 assensu
1038 2575 1288 2616 excludente
1311 2587 1438 2616 omne
1460 2575 1634 2616 dubium
1657 2573 1937 2615 delibera-

203 2648 331 2691 tum,
354 2644 439 2684 imo
463 2656 589 2696 super
611 2645 766 2695 omnia,
789 2647 848 2686 ita
869 2646 1085 2698 probatur.

326 2726 365 2769 1.
392 2725 603 2767 Assensus
638 2726 812 2769 firmitas
847 2729 889 2768 in
923 2729 1088 2770 ratione
1124 2740 1217 2769 esse
1252 2728 1378 2769 debet
1411 2728 1611 2781 ponderis
1645 2731 1686 2768 et
1719 2726 1940 2779 gravitatis

205 2797 362 2840 motivi.
404 2796 531 2849 Atqui
566 2798 769 2838 motivum
805 2798 899 2840 fidei
934 2800 1019 2840 scil.
1055 2800 1286 2840 auctoritas
1317 2799 1405 2849 Dei,
1439 2799 1510 2852 qui
1544 2802 1608 2839 est
1641 2799 1734 2850 ipsa
1766 2797 1939 2846 veritas,

204 2945 302 2978 scine
320 2943 551 2978 natfirlichen
570 2943 749 2978 Pflichten
769 2944 881 2978 selbst
899 2945 1091 2980 bestimmt
1108 2946 1305 2980 erkennen.
1323 2945 1392 2982 Die
1406 2945 1620 2990 praktische
1635 2944 1821 2979 Vernunft
1832 2943 1938 2977 kann

203 2998 280 3032 ihm
300 2997 377 3031 also
396 2997 499 3031 nicht
516 2996 698 3042 gebieten,
717 2996 815 3031 diese
833 2997 1074 3033 Erkenntniss
1094 3011 1218 3034 ausser
1236 2999 1313 3034 sich
1330 3011 1374 3033 zu
1393 2999 1539 3040 suchen,
1561 2999 1648 3033 oder
1665 3009 1773 3032 wenn
1789 2997 1841 3032 sie
1858 2996 1938 3031 ihm

205 3051 417 3095 angeboten
446 3050 536 3084 wird
564 3050 815 3084 anzunehmen
842 3051 962 3084 weder
988 3062 1059 3086 von
1086 3052 1206 3087 einem
1244 3053 1439 3087 Menschen
1466 3053 1561 3086 noch
1589 3063 1661 3087 von
1687 3052 1806 3086 einem
1833 3051 1938 3084 iiber-

204 3102 475 3137 menschlichen
491 3102 638 3137 Wesen.
