2175 3382
744 96 797 130 De
816 96 1081 130 traditionibus
1100 96 1300 133 canalibus,
1803 103 1851 143 14
1857 102 1882 144 3

153 218 332 271 ideoque
356 217 409 257 ad
432 228 526 258 eam
550 216 699 268 quovis
722 219 913 266 tempore
946 218 1036 254 tuto
1059 214 1400 265 cognoscendam
1424 215 1626 259 sufficere,
1656 220 1700 256 ut
1732 228 1884 257 nosca-

155 302 259 336 mus,
282 288 380 341 quid
401 286 694 340 apostolorum
709 296 980 325 successores
996 290 1094 324 tunc
1111 284 1300 323 unanimi
1316 284 1564 325 tradiderint
1578 285 1883 330 testificatione.

154 358 238 401 Sed
260 359 460 411 quoniam
483 357 605 398 decet
635 356 880 407 theologum
903 354 1127 395 ostendere
1152 354 1418 394 harmoniam
1453 360 1494 394 et
1526 357 1884 407 conspirationem

154 430 261 471 inter
294 428 656 482 praedicationem
690 425 903 466 Ecclesiae
940 425 1176 477 praesentis
1220 429 1260 465 et
1302 424 1660 476 praedicationem
1696 427 1886 478 ejusdem

154 500 326 552 singulis
348 499 501 540 seculis
537 497 590 538 ad
622 502 817 548 tempora
843 495 1133 547 apostolorum
1156 506 1290 547 usque
1314 495 1595 541 ascendendo.
1628 508 1702 536 seu
1734 497 1884 537 identi-

154 576 284 612 tatem
307 570 527 611 doctrinae
549 568 699 621 quovis
723 572 914 618 tempore
936 577 1011 618 per
1032 566 1145 606 hunc
1168 565 1360 606 canalem
1384 565 1657 607 decurrentis.
1681 567 1764 607 imo
1789 579 1884 607 cum

155 642 262 683 haec
295 640 602 682 demonstratio
638 638 881 679 necessaria
918 642 972 678 sxt
1006 637 1059 678 ad
1096 637 1257 689 plenius
1292 641 1334 677 et
1367 637 1551 688 undique
1573 640 1600 692 1)
1638 638 1886 679 refellendos

158 712 425 753 adversarios
457 711 701 751 incusantes
724 708 953 749 Ecclesiam
978 708 1231 748 catholicam
1259 707 1541 759 corruptionis
1573 708 1791 749 doctrinae
1822 720 1886 749 re-

157 785 344 826 velatae:
372 783 668 836 inquirendum
692 781 814 822 nobis
838 787 901 822 est
922 781 964 821 in
987 780 1173 827 modum,
1206 792 1289 832 quo
1322 779 1373 820 de
1407 779 1486 820 fide
1510 784 1552 820 et
1573 779 1887 831 praedicatione

158 868 233 897 seu
255 856 307 896 de
329 855 554 896 traditione
571 853 783 894 Ecclesiae
798 851 1141 905 praecedentium
1156 850 1397 891 seculorum
1414 850 1517 890 certi
1537 850 1747 902 possimus
1770 849 1889 890 reddi

159 927 214 969 ad
236 926 444 980 ejusmodi
465 924 766 966 instituendam
790 923 1071 964 collationem.

278 1000 372 1042 129.
395 996 459 1037 De
480 997 624 1036 mediis
646 994 943 1049 coytcoscenclae
966 993 1213 1034 traditionis.
1229 1017 1284 1022 -—
1299 991 1395 1033 Jam
1410 1003 1511 1031 vero
1527 991 1744 1043 multiplici
1759 989 1887 1030 modo

160 1069 307 1121 quovis
330 1068 473 1108 seculo
505 1078 551 1107 se
582 1066 722 1119 prodit
747 1065 1008 1117 praedicatio
1040 1069 1082 1104 et
1112 1063 1216 1104 fides
1247 1075 1320 1104 seu
1355 1062 1524 1103 traditio
1547 1061 1760 1101 Ecclesiae
1782 1060 1889 1100 mul-

158 1139 294 1192 tisque
328 1138 483 1179 diversi
516 1137 683 1190 generis
717 1136 1005 1176 monumentis
1040 1147 1091 1175 ea
1126 1139 1187 1175 est
1224 1134 1486 1185 consignata,
1522 1143 1725 1184 expressa
1761 1135 1802 1171 et
1836 1130 1890 1171 ad

159 1215 354 1262 posteros
376 1209 647 1249 transmissa:
671 1219 851 1260 quorum
875 1207 1042 1258 potiora
1065 1210 1173 1252 sunt,
1198 1209 1243 1245 ut
1266 1204 1467 1244 nonnulla
1489 1203 1735 1251 indicemus,

277 1280 316 1324 1.
347 1279 479 1320 fidei
512 1278 897 1331 professiones
929 1282 971 1318 et
1002 1276 1278 1317 conciliorum
1310 1276 1558 1327 praesertim
1591 1274 1888 1315 oecumenico-

160 1365 253 1393 rum
276 1356 317 1393 et
338 1363 616 1392 romanorum
639 1349 883 1402 pontificum
907 1348 967 1389 de
982 1348 1273 1388 finitiones
1292 1348 1338 1403 2).
1362 1351 1407 1387 ut
1429 1358 1502 1398 per
1525 1357 1569 1386 se
1592 1349 1726 1397 patet:

275 1424 316 1467 ⁶2.
339 1434 463 1463 sacra
493 1421 725 1473 liturgia
752 1433 803 1461 ac
826 1422 1058 1472 generatim
1081 1419 1282 1467 cultus,
1315 1419 1385 1470 qui
1407 1422 1471 1458 est
1492 1417 1680 1469 practica
1703 1420 1744 1456 et
1764 1414 1890 1455 realis

160 1494 375 1546 expressio
399 1492 493 1533 fidei
515 1493 718 1534 internae.
761 1490 902 1542 Quare
925 1496 1052 1531 etiam
1078 1494 1218 1541 patres
1242 1489 1295 1529 ad
1318 1487 1530 1528 Ecclesiae
1552 1499 1698 1539 preces
1721 1490 1762 1526 et
1785 1485 1889 1525 ritus

158 1577 235 1618 pro
268 1564 568 1606 confirmandis
595 1562 864 1615 dogmatibus
886 1561 1066 1602 libenter
1088 1564 1325 1612 provocant
1348 1558 1580 1600 secundum
1603 1557 1701 1598 illud
1724 1555 1890 1597 celebre

160 1636 330 1681 dictum,
360 1635 515 1687 „legem
540 1633 739 1675 credendi
761 1633 825 1673 lex
850 1630 1287 1683 statuatsupplicandi
1304 1631 1374 1685 3).⁴·‘
1406 1628 1510 1670 Cum
1534 1634 1676 1669 autem
1698 1626 1888 1678 liturgiae

160 1706 399 1747 habeantur
408 1706 496 1758 jam
513 1705 641 1746 seculi
658 1704 723 1747 IV.
739 1710 776 1745 et
793 1704 865 1747 ΙΙΙ..
887 1705 973 1743 imo
996 1703 1030 1743 si
1052 1702 1334 1743 substantiam
1355 1705 1520 1753 spectes
1540 1701 1621 1740 sint
1642 1698 1890 1751 antiquioris

161 1778 286 1819 etiam
312 1778 494 1830 originis,
525 1781 653 1829 patet.
687 1776 833 1828 quanti
856 1775 1060 1815 momenti
1082 1774 1135 1813 sit
1157 1772 1446 1814 testimonium
1469 1784 1518 1812 ex
1542 1771 1620 1811 illis
1643 1769 1889 1810 derivatum.

159 1848 354 1900 Liturgiis
385 1847 533 1888 affines
564 1852 662 1887 sunt
693 1847 879 1899 praxis
906 1856 1138 1897 precesque
1160 1843 1374 1884 Ecclesiae
1396 1843 1439 1883 in
1462 1841 1629 1895 publica
1652 1846 1694 1881 et
1715 1839 1893 1881 solemni

159 1923 526 1960 sacramentorum
549 1917 929 1958 administratione.

277 1991 320 2033 3.
344 1989 576 2042 Martyrum
600 1993 797 2040 acta4);
826 2000 875 2028 ex
899 1988 963 2027 his
988 1987 1101 2027 enim
1122 1990 1250 2038 patet,
1272 1984 1372 2037 quid
1394 1983 1650 2024 crediderint
1671 1986 1891 2034 martyres

161 2073 270 2114 quae
302 2060 424 2101 fuerit
452 2060 554 2101 iides
576 2059 800 2102 Ecclesiae.
834 2056 910 2111 pro
944 2058 1062 2110 cujus
1085 2056 1407 2097 confirmatione
1430 2055 1679 2105 sanguinem
1702 2052 1893 2093 fuderint.

276 2131 319 2176 4.
346 2130 517 2171 Patrum
541 2131 774 2183 scripta,
797 2130 848 2170 de
871 2129 1023 2182 quibus
1047 2141 1145 2169 mox
1169 2127 1289 2179 plura
1312 2125 1631 2178 disputabimus.

277 2203 318 2246 ὃ.
341 2201 588 2243 Historia
611 2202 912 2249 ecclesiastica,
948 2212 1057 2252 quae
1080 2200 1189 2239 sicut
1211 2198 1306 2246 alia,
1329 2197 1388 2237 ita
1411 2202 1452 2237 et
1474 2196 1554 2236 hoc
1577 2195 1734 2247 passim
1757 2193 1894 2242 refert,

161 2273 260 2326 quid
276 2272 461 2313 Ecclesia
476 2273 625 2325 quavis
646 2277 785 2313 aetate
808 2272 1011 2314 docuerit.
1036 2269 1354 2322 praedicaxerit.
1378 2267 1609 2309 tradiderit.
1632 2278 1728 2305 cum
1751 2270 1792 2305 et
1811 2264 1893 2304 hoc

160 2344 269 2385 inter
299 2343 411 2384 facta
442 2345 626 2384 maxime
667 2343 955 2384 ecclesiastica
995 2342 1127 2393 possit
1157 2340 1314 2380 referri.
1357 2337 1448 2378 Huc
1478 2338 1521 2378 in
1554 2337 1697 2389 primis
1729 2339 1895 2387 spectat

163 2414 449 2455 haeresum
482 2414 669 2455 historia.
714 2412 757 2454 Si
789 2414 901 2454 enim
929 2412 1056 2464 aliqui
1079 2416 1251 2463 propter
1273 2422 1430 2450 novum
1453 2409 1608 2460 dogma
1630 2407 1684 2448 ab
1707 2405 1894 2446 Ecclesia

164 2485 417 2531 defecerunt.
445 2485 536 2537 jam
568 2485 664 2525 inde
696 2485 825 2537 liquet
847 2484 1085 2524 doctrinam
1109 2481 1349 2534 oppositam
1381 2480 1423 2520 in
1450 2479 1635 2519 Ecclesia
1659 2477 1784 2517 fuisse
1808 2483 1893 2516 tra-

163 2555 315 2617 ditam3
338 2560 380 2596 et
401 2556 436 2595 si
450 2555 638 2596 Ecclesia
661 2556 825 2608 aliquos
841 2559 1012 2606 propter
1027 2553 1216 2593 haeresis
1239 2562 1400 2591 crimen
1422 2549 1706 2591 anathematis
1729 2558 1893 2600 poenae

310 2693 333 2732 ¹)
355 2689 514 2724 Dicimus
541 2691 586 2724 ad
613 2690 813 2734 plenius
841 2691 877 2723 et
904 2688 1116 2731 undique
1142 2686 1364 2720 refellendos
1391 2684 1627 2719 adversarios.
1655 2693 1740 2716 nain
1771 2682 1814 2714 ad
1834 2692 1892 2714 eos

163 2745 350 2786 utcunque
369 2744 620 2777 retundendos
640 2744 728 2777 satis
747 2747 844 2784 sunt,
862 2754 957 2786 quae
976 2742 1034 2775 hu«
1048 2752 1162 2784 usque
1182 2739 1527 2773 demonstravimus.

307 2799 334 2843 2)
351 2796 428 2831 ans
447 2798 546 2831 colle·
560 2799 618 2832 tas
644 2807 805 2839 reperite<
834 2797 869 2829 in
900 2796 1094 2828 utilissimo
1123 2792 1326 2826 enchiridio
1345 2791 1600 2835 Symbolorum
1621 2789 1687 2822 etc.
1712 2788 1767 2821 ed.
1786 2787 1815 2820 D
1828 2798 1845 2819 e
1858 2798 1895 2819 n-

163 2850 274 2893 zing
286 2861 304 2883 e
316 2862 343 2890 r,
363 2851 466 2895 «ujus
483 2850 528 2884 cd
557 2854 590 2885 8.
608 2851 747 2895 prodiit
767 2849 996 2894 Wurcebugi
1021 2850 1128 2883 lssoo:
1146 2848 1361 2891 praecipuas
1380 2846 1474 2888 apud
1496 2844 1518 2878 S
1531 2855 1549 2877 c
1562 2845 1583 2876 b
1596 2854 1613 2876 e
1625 2853 1643 2875 e
1655 2843 1677 2875 b
1691 2853 1708 2875 e
1722 2854 1743 2873 n
1763 2853 1794 2873 n.
1817 2843 1854 2872 til
1868 2843 1894 2872 1.

307 2906 332 2940 3)
350 2902 391 2936 Iu
412 2904 503 2936 >edis
522 2909 638 2947 apost.
655 2903 949 2937 auctori'a‘sihus.
962 2913 1012 2945 qu
1025 2913 1055 2934 te
1067 2900 1228 2934 adnexae
1241 2900 1423 2933 habentur
1445 2909 1500 2942 ep.
1515 2901 1550 2930 2⁵
1570 2909 1595 2929 s.
1618 2895 1642 2928 C
1654 2905 1673 2927 Ο
1687 2906 1704 2927 e
1717 2895 1728 2927 l
1741 2905 1758 2927 e
1772 2906 1786 2927 s
1798 2896 1811 2925 t
1823 2894 1834 2925 i
1848 2892 1894 2925 ni

163 2957 211 2991 ad
229 2956 417 3001 episcopos
437 2956 579 2991 Galliae
598 2969 632 2990 n.
655 2960 854 3000 12(0p=1sc.
875 2954 999 2988 Xl'Ill.
1020 2957 1112 2993 2645).

306 3010 334 3054 4)
355 3009 404 3043 (f.
425 3020 517 3052 quae
535 3009 579 3042 de
598 3010 728 3044 horum
750 3011 935 3043 momento
954 3008 992 3041 in
1012 3008 1078 3041 hac
1097 3006 1313 3050 quaestione
1332 3016 1373 3039 ex
1392 3004 1478 3038 Rui
1492 3016 1514 3036 n
1527 3004 1601 3036 art
1614 3012 1632 3034 o
1652 2999 1893 3033 delibavimus

163 3063 202 3097 in
221 3063 334 3107 praef.
353 3072 476 3106 opusc.
496 3061 579 3095 >2111
600 3075 632 3106 p.
654 3065 670 3095 1
693 3074 718 3095 s.
