2175 3382
949 135 1183 169 auctoritate.
1852 141 1933 183 194

198 259 331 296 doctor
354 258 488 306 primis
510 258 588 294 illis
625 258 778 302 seculis,
811 257 880 305 qui
913 257 1105 294 catholico
1136 257 1183 293 de
1205 257 1347 294 Christi
1379 258 1585 295 divinitate
1617 259 1789 307 dogmati
1819 259 1933 296 fidem

198 318 352 362 faceret,
377 319 422 354 ut
444 329 488 353 ex
511 317 671 365 nuperis
693 317 875 353 affirmari
899 315 1001 352 illud
1023 315 1255 364 oportuerit,
1279 316 1428 353 frustra
1442 317 1553 354 nobis
1569 318 1757 354 invidiam
1773 331 1817 355 ex
1832 318 1932 355 anti-

200 375 485 424 quissimorum
509 376 668 413 illorum
691 377 913 423 temporum
937 374 1094 411 silentio
1117 386 1338 423 comparare
1353 375 1525 412 student.
1561 376 1669 420 Quod
1685 377 1716 413 si
1731 377 1934 414 exstabant

198 435 321 483 aliqui
343 434 483 483 primis
509 434 588 471 illis
611 434 761 479 seculis,
799 433 865 470 sed
890 433 1065 470 consulto
1088 433 1146 470 his
1169 432 1380 482 antepositi
1403 436 1497 471 sunt
1528 435 1597 482 qui
1619 436 1793 483 proxime
1823 448 1932 484 prae-

199 497 407 539 cesserant,
430 493 554 530 nihilo
577 505 647 530 nos
671 493 796 541 magis
819 503 1001 529 accusare
1024 492 1223 535 deberent,
1247 492 1280 529 si
1302 492 1343 528 in
1357 493 1598 541 appellandis
1612 494 1830 531 novissimis
1845 495 1932 531 illo-

198 565 286 589 rum
309 552 483 600 exempla
507 564 760 600 sequeremur
784 580 790 586 .
815 580 821 587 .
847 581 853 587 .
878 551 939 588 Sic
961 551 1080 588 etiam
1102 551 1505 588 chalcedonense
1527 552 1734 589 concilium
1757 556 1933 590 auctores

199 611 384 648 inscribit
405 610 479 648 sibi
503 611 566 647 vix
589 613 673 648 toto
697 611 827 647 seculo
850 610 1082 647 anteriores:
1115 623 1239 646 unum
1275 610 1392 646 etiam
1413 610 1587 659 proxime
1619 611 1654 647 h.
1687 623 1717 647 e.
1749 614 1838 648 ante
1870 624 1933 648 sex

202 683 324 708 annos
346 670 430 707 vita
450 669 644 714 functum,
669 669 858 718 Cyrillum
881 669 1188 708 alexandrinum.
1223 669 1303 706 Nec
1325 669 1494 714 deerant,
1518 669 1669 717 opinor,
1703 672 1934 707 vetustiores

199 729 276 775 alii,
302 742 469 777 quorum
492 729 551 765 uti
573 727 800 766 testimonio
821 730 1017 776 poterant,
1041 739 1083 764 ac
1104 730 1215 765 tanto
1238 728 1382 776 plureS,
1416 730 1563 776 quanto
1584 729 1707 776 major
1738 729 1817 766 illis
1841 742 1932 778 sup-

196 788 357 837 petebat
377 787 568 825 librorum
592 787 711 836 copia,
736 787 912 824 nondum
935 787 983 823 ad
1004 787 1239 824 inanitatem
1261 787 1429 824 redactis
1452 790 1521 824 aut
1542 787 1660 824 variis
1675 788 1828 825 casibus
1844 801 1933 825 con-

199 846 370 896 sumptis
391 846 721 884 bibliothecarum
744 846 890 883 forulis.
934 846 1013 883 Nos
1046 848 1151 883 certe
1174 846 1222 882 ad
1252 845 1348 883 duas
1378 846 1420 882 in
1453 846 1606 883 Christo
1636 848 1797 884 naturas
1829 847 1933 884 affir-

197 906 358 943 mandas
381 905 749 954 antiquissimorum
773 905 957 953 suffragia
980 905 1298 953 conquisivimus,
1323 907 1362 942 et
1384 918 1405 941 a
1426 906 1554 953 primo
1575 918 1702 954 usque
1724 907 1866 950 seculo,
1889 909 1935 942 ut

198 964 408 1002 Clementis
430 965 593 1007 romani,
617 966 657 1001 et
678 964 825 1013 Ignatii
840 965 888 1000 M.
911 976 954 1000 ac
978 964 1158 1012 deinceps
1173 963 1340 1000 aliorum
1355 963 1516 1009 Justini,
1540 965 1702 1007 Irenaei,
1727 965 1933 1002 Clementis

198 1024 305 1066 alex,
330 1023 536 1072 Hippolyti
558 1024 619 1068 M„
658 1023 850 1072 Origenis,
884 1035 1051 1070 quorum
1083 1035 1196 1060 nemo
1232 1023 1274 1059 in
1309 1023 1456 1071 synodo
1490 1025 1547 1060 est
1580 1024 1751 1061 auditus.
1764 1029 1781 1046 «
1826 1023 1935 1068 Quod

198 1083 339 1119 deinde
361 1095 405 1120 ex
428 1083 596 1119 aliorum
621 1094 777 1130 quoque
800 1082 1051 1119 conciliorum
1076 1085 1115 1119 et
1136 1085 1294 1130 patrum
1317 1082 1637 1131 gravissimorum
1651 1084 1760 1131 praxi
1775 1083 1935 1120 uberius

197 1141 411 1178 confirmat.
455 1141 721 1178 Temerarium
744 1143 876 1178 autem
908 1143 965 1177 est
996 1140 1197 1186 affirmare,
1231 1141 1299 1178 hos
1331 1153 1463 1177 omnes
1495 1141 1692 1190 ignorasse
1723 1142 1934 1191 genuinam

198 1201 425 1238 methodum
449 1200 640 1248 probandi
663 1200 845 1249 dogmata
866 1200 1064 1237 catholica.

323 1273 416 1314 135.
439 1269 802 1312 Demonstratio
829 1283 872 1323 p.
895 1269 959 1312 ΙΙ.
1002 1268 1211 1321 Majorum
1244 1268 1470 1309 traditione
1503 1269 1742 1309 continetur
1773 1269 1934 1309 canalis

198 1340 371 1381 divinae
392 1340 675 1380 revelationis.
699 1339 825 1391 Atqui
847 1339 898 1380 de
921 1339 1131 1391 majorum
1156 1339 1382 1379 traditione
1405 1344 1602 1380 constare
1625 1340 1705 1380 rite
1727 1344 1877 1392 potest,
1901 1340 1935 1379 si

199 1416 342 1463 patres
357 1411 551 1464 quamvis
566 1411 788 1463 pauciores
811 1410 1073 1451 reclamante
1095 1410 1264 1451 nemine
1287 1410 1448 1463 absque
1471 1410 1555 1450 ulla
1577 1411 1863 1451 haesitatione
1881 1410 1934 1451 ad

198 1486 389 1522 veterum
412 1481 682 1522 traditionem
706 1486 941 1533 provocant
971 1495 1011 1524 a.
1044 1481 1086 1521 in
1119 1482 1369 1533 gravissima
1400 1481 1495 1522 fidei
1529 1494 1660 1522 causa
1691 1486 1733 1521 et
1766 1481 1933 1534 quidem

198 1553 244 1594 b.
278 1551 454 1592 fidenter
484 1552 527 1591 in
559 1551 690 1604 plenis
723 1551 926 1592 adversus
948 1551 1188 1592 haereticos
1211 1551 1579 1604 disputationibus,
1611 1557 1653 1592 et
1683 1565 1722 1595 c.
1756 1552 1798 1592 in
1829 1564 1933 1593 con-

198 1626 346 1674 spectu
368 1623 496 1662 totius
520 1622 827 1674 propemodum
845 1622 1100 1662 christianae
1124 1623 1351 1670 societatis,
1375 1634 1485 1674 quae
1508 1626 1624 1663 certe
1646 1622 1933 1671 reclamasset,

197 1694 232 1733 si
263 1693 363 1745 quid
394 1693 613 1734 dissonum
637 1697 779 1745 patres
800 1693 931 1745 ipsius
954 1705 1129 1733 causam
1153 1697 1326 1745 agentes
1349 1705 1374 1733 a
1396 1693 1714 1745 praedicatione
1736 1693 1933 1734 ecclesia-

198 1764 305 1804 stica
321 1740 678 1816 proposuissent)
689 1763 786 1804 Ideo
811 1763 1066 1816 quandoque
1088 1763 1154 1804 vel
1176 1764 1300 1804 unius
1322 1764 1454 1816 patris
1477 1776 1664 1804 maxima
1686 1763 1762 1805 fuit
1784 1768 1932 1805 aucto-

199 1835 315 1883 ritas,
336 1840 382 1875 ut
404 1848 435 1878 s.
457 1834 770 1883 Athanasii,
803 1834 855 1875 de
887 1847 970 1887 quo
994 1833 1236 1888 (ἐγώ-133
1260 1835 1364 1879 alex,
1389 1835 1540 1876 merito
1563 1835 1606 1875 in
1628 1846 1691 1887 ep.
1719 1838 1738 1877 1
1765 1835 1818 1875 ad
1841 1847 1932 1875 mo-

200 1906 363 1947 nachos
386 1905 590 1946 affirmat:
629 1903 764 1956 „Sane
787 1905 964 1945 idoneus
988 1909 1052 1946 est
1083 1906 1151 1946 hic
1177 1906 1240 1946 vir
1262 1906 1538 1958 apprimeque
1561 1906 1721 1957 dignus,
1754 1906 1821 1946 cui
1843 1910 1933 1947 tuto

201 1976 324 2017 fidem
350 1977 580 2029 adjungere
611 1976 719 2028 licet,
752 1981 798 2016 ut
828 1976 899 2028 qui
930 1975 987 2016 nil
1018 1976 1272 2028 protulisset,
1304 1976 1417 2029 quod
1450 1989 1475 2016 a
1497 1976 1648 2017 divinis
1670 1976 1800 2017 literis
1824 1981 1935 2017 esset

201 2046 396 2088 alienum.
440 2046 532 2097 Quo
555 2047 668 2087 enim
690 2052 815 2099 pacto
840 2047 1011 2088 illustris
1033 2047 1100 2088 ille
1124 2047 1445 2101 celebratusque
1472 2052 1604 2100 pater,
1637 2049 1708 2101 qui
1739 2048 1782 2088 in
1812 2060 1935 2089 sacra

201 2117 272 2157 illa
293 2129 532 2170 magnaque
554 2117 718 2170 synodo
742 2118 922 2158 nicaena
945 2118 987 2157 in
1010 2122 1130 2159 tanta
1152 2119 1341 2159 omnium
1366 2119 1647 2160 admiratione
1669 2119 1839 2160 habitus
1862 2124 1935 2169 est,

201 2201 228 2229 a
249 2189 438 2230 veritatis
460 2189 629 2229 tramite
653 2188 924 2230 aberraret‘?“
975 2188 1023 2229 Et
1054 2202 1085 2230 s.
1109 2189 1444 2241 Augustinus
1477 2189 1528 2230 de
1561 2189 1827 2242 Gregorio
1858 2202 1935 2230 na-

202 2259 405 2300 zianzeno
429 2259 612 2300 affirmat
632 2259 656 2302 l.
684 2264 704 2303 1
730 2272 762 2299 c.
785 2259 862 2300 Jul.
885 2273 924 2300 n.
951 2263 1024 2303 16:
1064 2259 1158 2310 „Est
1179 2264 1298 2301 tanta
1321 2271 1516 2312 persona,
1540 2265 1586 2300 ut
1606 2271 1744 2312 neque
1765 2260 1834 2301 ille
1855 2261 1936 2301 hoc

201 2331 282 2370 nisi
303 2342 354 2371 ex
377 2329 457 2371 fide
479 2330 712 2370 christiana
735 2330 932 2371 omnibus
956 2331 1181 2372 notissima
1203 2331 1372 2380 diceret,
1404 2328 1484 2372 nec
1514 2330 1571 2370 illi
1605 2331 1811 2386 (episcopi
1832 2343 1936 2371 suae

202 2401 385 2453 regionis
419 2405 462 2441 et
491 2401 661 2458 aetatis)
693 2412 789 2442 eum
822 2405 910 2441 tam
943 2401 1104 2441 clarum
1137 2401 1346 2442 haberent
1365 2406 1498 2455 ‘atque
1520 2402 1823 2453 venerandum,
1858 2402 1936 2442 nisi

201 2472 308 2512 haec
339 2471 394 2512 ab
424 2471 494 2512 illo
526 2471 640 2512 dicta
671 2483 721 2512 ex
756 2472 902 2523 regula
932 2472 1181 2513 notissimae
1212 2472 1401 2513 veritatis
1427 2478 1767 2524 cognoscerent.“
1818 2471 1936 2523 Quae

203 2553 298 2582 cum
323 2541 375 2583 de
397 2542 489 2583 aliis
511 2542 645 2594 repeti
666 2542 840 2594 possint,
862 2554 969 2594 quos
991 2542 1165 2594 insignis
1187 2544 1391 2584 sanctitas
1414 2548 1456 2584 et
1477 2544 1681 2591 doctrina,
1703 2556 1772 2585 res
1793 2548 1935 2595 gestae

203 2624 280 2664 pro
312 2612 514 2664 religione
547 2613 778 2653 christiana
810 2617 851 2653 et
881 2613 991 2654 bella
1024 2613 1229 2654 adversus
1259 2614 1497 2655 haereticos
1529 2618 1728 2666 suscepta
1749 2613 1936 2655 celebres

203 2682 436 2731 reddidere,
465 2683 595 2736 liquet
625 2696 788 2736 paucos
820 2683 1050 2725 admodum
1073 2684 1328 2737 quandoque
1360 2684 1552 2726 sufficere
1585 2690 1738 2737 patres,
1769 2689 1815 2726 ut
1846 2689 1935 2724 tuto

204 2758 370 2794 constet
391 2754 443 2795 de
464 2753 545 2795 fide
568 2758 610 2795 et
630 2754 946 2806 praedicatione
969 2753 1182 2795 Ecclesiae
1205 2756 1269 2795 sui
1292 2756 1506 2807 temporis,
1529 2755 1709 2808 ideoque
1732 2755 1784 2796 de
1806 2754 1935 2795 tradi-

205 2823 321 2864 tione
342 2827 443 2864 tunc
464 2825 508 2865 in
528 2829 747 2877 pastorum
770 2825 1042 2865 successione
1065 2825 1241 2877 vigente.
1283 2825 1376 2878 lpse
1399 2826 1536 2867 Beza
1568 2826 1620 2867 de
1643 2827 1743 2866 unit.
1766 2825 1845 2865 div.
1869 2837 1934 2865 es-

206 2894 381 2944 sentiae,
421 2906 517 2935 cum
549 2894 771 2947 Augustini
811 2895 950 2936 verbis
985 2906 1132 2936 verum
1164 2895 1380 2937 Ecclesiae
1413 2896 1568 2949 dogma
1602 2896 1934 2948 comprobasset.v

214 2963 338 3014 „Quis
371 2976 477 3006 sano
512 2965 685 3016 homini,
719 2966 864 3018 inquit,
898 2966 1168 3018 persuaserit,
1200 2967 1322 3007 aliter
1352 2966 1548 3008 docuisse
1573 2966 1851 3017 Augus-,tinum
1883 2964 1934 3005 de

208 3034 411 3075 Trinitate
433 3047 561 3088 quam
583 3035 795 3077 africanas
818 3037 1034 3086 ecclesias,
1057 3041 1098 3077 et
1120 3037 1223 3078 istas
1244 3050 1390 3078 rursus
1413 3037 1532 3078 aliter
1554 3049 1682 3089 quam
1704 3035 1934 3076 catholicus

208 3116 444 3146 consensus
466 3104 644 3147 ferret?“
