2175 3382
826 148 844 170 a
866 137 993 171 schola
1011 136 1280 181 philosophica.
1827 142 1911 185 239

179 273 226 314 g.
248 260 454 306 mediis,
478 257 526 301 h.
551 259 919 308 amplitudine,
953 271 1043 294 nam
1066 259 1237 295 Ecclesia
1259 258 1518 296 destinatione
1541 272 1609 296 sua
1631 265 1691 297 est
1712 261 1911 308 catholica,

179 334 278 371 quae
299 332 432 358 omnes
454 318 659 367 complecti
691 317 807 355 debet
832 316 1012 354 nationes
1039 319 1078 354 et
1098 317 1140 353 in
1161 330 1280 354 unam
1304 317 1450 354 Christi
1473 318 1659 355 familiam
1682 320 1911 367 coadunare,

178 393 264 418 cum
288 378 451 417 societas
473 377 598 416 civilis
621 379 763 414 natura
784 378 824 413 et
845 375 1108 412 destinatione
1130 375 1252 424 magis
1275 376 1327 412 sit
1348 376 1597 424 particularis
1619 380 1659 414 et
1676 379 1912 425 nationalis;

178 439 269 476 hinc
290 438 406 476 etiam
422 435 456 476 i.
472 436 736 474 unicitate
748 465 756 480 ‚
780 448 866 471 cum
882 434 1055 471 Ecclesia
1076 435 1190 471 unica
1212 446 1292 471 esse
1310 434 1468 478 debeat.;
1492 435 1694 474 societates
1710 450 1799 475 vero
1813 439 1912 486 poli-

177 498 276 535 ticae
307 497 457 534 multae
488 508 572 533 esse
594 497 776 543 possunt3
811 493 968 530 demum
990 491 1038 532 k.
1063 493 1347 542 dignitate,
1379 497 1425 530 ut
1451 498 1559 541 patet
1585 506 1629 530 ex
1651 496 1763 533 modo
1786 497 1912 534 dictis.

298 579 394 620 213.
418 574 780 619 Demonstratio
804 587 849 628 p.
873 572 966 615 III.
1004 571 1232 613 Ecclesiam
1255 588 1281 613 α
1304 572 1443 613 schola
1461 572 1745 627 philosophica
1768 576 1912 615 distin-

177 648 251 702 qui
274 647 612 688 demonstratum
636 645 800 686 censeri
831 647 972 696 potest
1003 655 1055 685 ex
1086 644 1342 696 praemissis.
1387 642 1671 684 Confirmatur
1692 650 1914 696 praeterea

183 719 264 759 hac
295 719 481 759 ratione:
514 714 661 757 Omnis
694 720 811 756 secta
842 714 1135 767 philosophica
1166 715 1335 755 veritati
1357 714 1659 766 propagandae
1685 727 1771 755 non
1793 716 1914 757 aliter

130 820 133 823 -
181 789 372 837 consulit,
394 800 521 840 quam
544 786 834 839 persuasione,
857 797 967 838 quae
991 786 1251 837 argumentis
1274 790 1316 826 et
1338 785 1703 826 demonstratione
1725 787 1913 827 veritatis

183 859 383 912 gignitur:
414 871 492 899 nec
525 857 726 910 probitati
748 857 860 898 vitae
883 857 1005 897 aliter
1027 857 1219 905 consulit.¹
1252 869 1380 909 quam
1403 856 1654 908 praeceptis,
1687 868 1795 909 quae
1827 869 1913 898 non

179 930 348 972 aliunde
369 930 454 970 vim
477 941 599 969 suam
622 931 881 976 mutuantur,
917 940 1045 980 quam
1078 939 1128 968 ex
1160 932 1382 980 comperta
1414 927 1647 968 eorundem
1678 927 1913 975 honestate,

183 1013 292 1055 quae
322 1001 583 1041 voluntatem
615 999 811 1051 pelliciat,
842 998 908 1039 vel
940 1010 992 1039 ex
1023 999 1244 1039 sanctione
1275 998 1317 1038 in
1350 998 1711 1048 transgressiones
1743 1002 1913 1046 statuta,

178 1084 305 1125 quam
327 1071 577 1123 promulgat.
620 1069 747 1122 Atqui
769 1069 957 1110 Ecclesia
979 1069 1201 1110 veritatem
1224 1069 1348 1110 docet
1370 1080 1597 1121 moresque
1619 1068 1782 1121 refingit
1803 1073 1912 1109 tam-

177 1155 304 1196 quam
320 1146 575 1194 potestatem
590 1140 754 1181 habens
769 1140 967 1180 divinitus
982 1144 1224 1192 acceptam:
1247 1140 1365 1180 Data
1388 1144 1443 1180 est
1466 1139 1566 1180 milii
1591 1139 1723 1179 omnis
1733 1143 1915 1193 potestas

178 1214 223 1254 in
254 1212 358 1254 coelo
389 1218 425 1254 et
456 1213 500 1252 in
536 1216 677 1261 teria,-
707 1217 844 1251 euntes
866 1224 960 1264 erqo
982 1212 1129 1264 docete,
1152 1211 1286 1263 inquit
1308 1209 1498 1251 Christus
1522 1209 1666 1250 Matth.
1691 1214 1758 1258 28,
1784 1213 1837 1254 18
1860 1223 1914 1254 s:

179 1289 221 1326 et
240 1285 393 1325 iterum
414 1283 477 1325 Jo.
502 1287 568 1332 20,
593 1286 668 1327 21:
703 1283 819 1323 Sicut
841 1283 953 1322 misit
974 1295 1036 1321 me
1060 1282 1202 1333 Pater,
1234 1286 1270 1322 et
1302 1295 1371 1335 esso
1394 1283 1508 1322 mitto
1530 1295 1620 1330 ros3
1648 1294 1728 1335 pro
1752 1280 1914 1321 Christo

177 1356 378 1410 leyatione
397 1354 617 1408 funyimw’
641 1358 851 1408 tamquam
875 1352 963 1393 Deo
985 1352 1226 1393 exhortante
1245 1366 1321 1406 per
1342 1365 1429 1401 nos,
1452 1353 1511 1393 ait
1533 1351 1751 1404 apostolus
1766 1355 1803 1395 2.
1820 1350 1914 1392 Cor.

179 1429 220 1473 5,
241 1428 318 1474 20;
349 1426 440 1466 sine
470 1423 658 1477 periculo
691 1424 860 1471 erroris,
894 1435 994 1464 nam
1019 1422 1205 1463 Ecclesia
1229 1427 1293 1463 est
1315 1422 1513 1463 columna
1536 1426 1578 1463 et
1598 1422 1911 1463 firmamentum

177 1496 367 1537 veritatis
393 1499 427 1539 1.
443 1495 546 1536 Tim.
561 1499 599 1544 3,
625 1498 700 1542 15:
722 1495 765 1535 in
789 1494 983 1535 docendo
1009 1492 1168 1546 Spiritu
1189 1494 1378 1534 veritatis
1400 1495 1558 1546 regitur
1579 1498 1620 1534 et
1641 1493 1913 1534 induciturin

177 1579 349 1608 omnem
371 1567 594 1607 veritatem
617 1565 680 1606 Jo.
710 1570 775 1614 14,
802 1569 865 1609 16.
890 1568 957 1609 26.
1001 1564 1141 1615 Quare
1174 1564 1306 1605 verba
1338 1564 1428 1616 ejus
1451 1576 1538 1604 non
1560 1568 1658 1605 sunt
1679 1563 1811 1604 verba
1832 1564 1911 1604 ho-

178 1635 351 1681 minum,
378 1637 453 1678 sed
474 1636 606 1678 verba
628 1636 703 1677 Dei
729 1640 763 1680 1.
788 1636 934 1678 Thess,
958 1640 995 1684 2,
1025 1639 1095 1683 13:
1127 1647 1205 1676 nec
1239 1637 1430 1676 nituntur
1452 1635 1659 1687 sapientia
1680 1635 1912 1684 hominum,

181 1709 256 1750 sed
279 1708 642 1750 demonstratione
665 1706 844 1759 Spiritus
877 1712 918 1747 et
948 1707 1124 1756 virtutis,
1151 1718 1358 1758 suumque
1381 1706 1512 1746 robur
1534 1706 1699 1746 animos
1722 1718 1913 1746 commo-

178 1779 304 1821 vendi
326 1779 651 1831 captivandique
675 1783 921 1819 mutuantur
944 1790 995 1818 ex
1019 1777 1206 1818 efficacia
1221 1776 1400 1830 Spiritus
1423 1776 1706 1828 multipliciter
1728 1777 1912 1817 exterius

178 1851 437 1902 interiusque
459 1861 505 1890 se
526 1849 723 1902 prodenti
749 1852 783 1891 1.
807 1848 901 1890 Cor.
930 1852 992 1896 12,
1014 1853 1042 1892 4
1065 1862 1117 1889 ss.
1156 1848 1248 1899 Quo
1272 1849 1399 1889 etiam
1423 1847 1580 1888 factum
1604 1852 1677 1895 est,
1700 1852 1746 1888 ut
1768 1846 1911 1888 Eccle-

178 1920 266 1961 siae
293 1921 443 1961 messis
476 1932 645 1972 semper
675 1919 848 1960 uberior
879 1919 1001 1960 fuerit
1033 1919 1170 1959 fructu
1202 1919 1385 1971 cujusvis
1417 1923 1560 1959 sectae
1591 1918 1910 1970 philosophicae

178 1991 234 2047 (n.
270 1995 322 2035 87
340 1991 385 2047 6).
439 1990 640 2032 Differunt
664 2003 762 2043 ergo
795 1995 841 2031 ut
863 1991 1006 2030 omnia
1029 1991 1362 2042 complectamur
1396 1990 1542 2042 paucis
1586 1988 1911 2029 auctoribus

179 2061 310 2107 tine,
342 2061 556 2111 mediis,
587 2061 951 2109 necessitate,
991 2061 1158 2102 interna
1189 2061 1608 2101 constitutione.
1651 2058 1708 2103 Cf.
1740 2063 1907 2112 patrum

179 2132 417 2174 doctrinam
441 2133 554 2184 apud
575 2132 684 2173 Tho
699 2133 995 2173 massinum
1019 2132 1070 2173 de
1092 2133 1251 2172 incarn.
1273 2131 1300 2180 l,
1328 2134 1378 2175 12
1403 2145 1456 2172 ss.

300 2224 395 2258 214.
418 2219 627 2256 Ecclesiam
658 2219 814 2266 differre
846 2231 869 2255 α
900 2231 1089 2268 synayoya
1125 2218 1270 2266 pariter
1291 2220 1350 2255 est
1372 2217 1552 2261 evidens3
1587 2229 1788 2266 synagoga
1809 2217 1912 2253 enim

184 2274 224 2318 1.
248 2279 332 2314 erat
362 2277 498 2327 figura,
531 2280 650 2326 typus
681 2281 721 2315 et
751 2278 900 2322 umbra,
934 2277 1105 2315 Ecclesia
1135 2279 1194 2314 est
1217 2277 1359 2314 veritas
1391 2281 1430 2313 et
1460 2276 1685 2325 antitypus3
1718 2286 1914 2324 synagoga

180 2335 223 2377 2.
240 2338 323 2373 erat
343 2337 552 2374 nationalis
575 2339 614 2373 et
636 2337 682 2373 ad
705 2339 880 2385 tempus:
902 2336 1072 2373 Ecclesia
1094 2338 1154 2373 est
1176 2336 1359 2384 perennis
1382 2338 1420 2372 et
1443 2335 1630 2372 catholica
1645 2332 1717 2387 (th.
1737 2340 1801 2374 138.
1819 2332 1910 2385 60);

181 2393 220 2435 3.
248 2395 358 2432 illius
389 2401 526 2432 auctor
557 2396 633 2432 fuit
657 2396 759 2432 Deus
790 2408 860 2444 per
882 2407 1038 2432 servum
1074 2395 1097 2431 i.
1121 2407 1152 2432 e.
1175 2395 1309 2444 Moyse
1341 2424 1349 2439 ,
1382 2394 1488 2431 hu'u:
1562 2406 1602 2430 er
1623 2394 1767 2430 Filium
1798 2406 1914 2430 suum

180 2454 430 2503 unigenitum
462 2455 706 2492 carofactum.
749 2455 822 2491 Illa
843 2455 983 2491 habuit
1003 2451 1047 2494 4.
1071 2408 1417 2502 particulaffi'i‘fffesse
1436 2467 1457 2490 a
1477 2465 1590 2498 ionis,
1627 2453 1719 2490 haec
1739 2452 1912 2501 plenitu-
1949 2446 2175 2513 μάμ-

182 2512 308 2550 dinem
335 2510 468 2578 (Hebr.
481 2511 608 2578 .l‚-1);
631 2514 692 2550 illi
713 2513 903 2580 prpffffsa
924 2514 1033 2554 fuere
1055 2513 1156 2559 bona
1177 2517 1342 2565 terigna„
1366 2513 1457 2549 huic
1479 2513 1578 2549 bona
1600 2511 1913 2561 supernaturalia
1936 2497 1955 2526 i*

181 2574 221 2609 et
242 2572 442 2617 coeles¹1a3
478 2573 588 2609 illius
611 2567 850 2610 saef‘a‘ssnenta
882 2575 922 2609 et
944 2572 1131 2609 sacrificia
1152 2572 1391 2620 praebebant
1412 2573 1567 2608 tantum
1591 2571 1835 2608 sanctitatem
1858 2570 1912 2606 le-

181 2630 308 2679 galem
339 2633 378 2667 et
408 2631 672 2675 umbratilem,
706 2632 822 2680 hujus
846 2644 933 2668 vero
966 2634 1207 2668 sacramenta
1237 2630 1483 2667 sanctitatem
1505 2643 1635 2667 veram
1663 2632 1701 2667 et
1723 2602 2175 2684 1111601081·’ἕλχ’ῥῖᾩῖζὶῖ1υέ

143 2701 283 2733 ἐοᾶηη
306 2689 396 2726 hinc
418 2688 461 2729 ε’).
484 2690 672 2727 differunt
694 2692 812 2728 etiam
833 2690 933 2727 fine:
956 2690 1166 2737 utriusque
1189 2689 1307 2738 quide
1370 2689 1458 2726 finis
1483 2691 1542 2726 est
1566 2689 1683 2733 salus,
1708 2688 1775 2725 sed
1798 2700 1911 2736 syna·
2050 2687 2051 2690 ’

86 2790 91 2799 ,
112 2740 165 2790 «Jss‘
182 2759 303 2797 gogae
325 2748 527 2794 mediatus‚
550 2749 590 2786 E·
605 2749 742 2786 clesiae
764 2749 1025 2787 immediatus
1071 2738 1186 2812 flavo

298 2829 395 2871 215-
419 2828 588 2871 TlleSiS
611 2827 739 2871 XLI·
783 2843 989 2876 Ecclesia
1015 2844 1080 2875 est
1104 2842 1296 2875 societas
1321 2842 1543 2884 perfecta.

300 2909 588 2953 Demarati&
623 2914 736 2950 Thesi
767 2913 877 2950 aliud
909 2913 1203 2961 complectimur
1234 2913 1494 2956 corollarium,
1527 2912 1631 2960 quod
1661 2924 1704 2947 ex
1728 2911 1911 2946 hactenus

183 2969 392 3019 disputatis
423 2976 562 3019 sponte
593 2973 857 3021 consequitur.
901 2971 1070 3008 Societas
1101 2971 1335 3020 perfecta
1358 2984 1401 3008 ea
1423 2971 1577 3014 dicitur,
1602 2981 1698 3017 quae
1721 2978 1762 3008 a.
1786 2979 1910 3014 neque

182 3032 244 3066 est
263 3042 352 3078 pars
375 3030 536 3067 alterius
559 3032 770 3074 societatis,
795 3043 921 3078 neque
945 3028 989 3071 b.
1015 3031 1128 3067 alteri
1152 3030 1327 3068 societati
1350 3031 1406 3067 ita
1427 3029 1715 3071 subordinatur,
1739 3029 1784 3063 ut
1805 3026 1846 3062 in
1868 3038 1911 3062 ea

183 3087 323 3125 habeat
345 3100 461 3125 suum
482 3089 619 3126 finem:
643 3090 708 3127 sed
731 3093 791 3127 est
813 3099 853 3129 c.
871 3101 942 3126 sua
964 3089 1048 3135 sibi,
1061 3089 1339 3138 independens,
1363 3091 1582 3132 autonoma,
1605 3088 1646 3123 in
1668 3098 1706 3122 se
1721 3084 1911 3132 completa
