2175 3382
206 123 292 163 422
446 118 564 150 'li-act.
586 117 645 150 111.
665 117 708 151 de
726 117 895 161 primatu.
915 117 1041 151 Thesis
1060 116 1251 154 LXXVIII.
1270 118 1336 152 Jus
1356 118 1579 152 convocandi
1599 129 1699 153 conc.

324 238 367 279 2.
392 235 676 277 Confirmatur
698 236 904 288 analogia.
951 234 1067 276 Sicut
1089 236 1200 277 enim
1224 237 1409 290 episcopi
1441 242 1503 278 est
1536 238 1745 290 synodum
1769 237 1938 280 dioece-

206 320 368 355 sanam,
400 307 693 359 metropolitae
717 307 1031 359 provincialem,
1067 307 1258 359 primatis
1293 308 1526 360 plenariam
1567 320 1642 349 seu
1677 309 1937 350 nationalem

207 389 446 419 convocare
469 377 698 431 synodum:
731 379 788 418 ita
819 391 844 418 a
875 378 1037 418 fortiori
1061 378 1109 426 ei,
1136 379 1206 431 qui
1224 378 1318 430 jure
1341 378 1483 426 divino
1508 384 1680 431 praeest
1702 379 1851 432 capitis
1874 380 1937 420 in·

206 453 294 489 star
308 449 531 490 universae
547 448 769 497 Ecclesiae,
788 449 857 501 jus
872 453 1084 500 competet
1099 449 1364 490 convocandi
1379 449 1588 503 synodum
1604 450 1937 491 oecumenicam.

206 518 346 569 Quare
369 518 629 561 Nicotaus
661 520 686 562 Ι.
719 520 908 561 declarat
931 531 993 571 ep.
1018 523 1091 564 εἶδε
1132 518 1364 570 „Generale
1397 521 1622 562 concilium
1650 522 1740 562 sine
1763 525 1937 573 aposto—

204 590 311 631 licae
334 590 445 632 sedis
466 596 694 643 praecepto
719 591 818 631 nulli
843 591 903 631 sas
927 595 988 632 est
1020 591 1235 632 vocandi.“
1284 591 1598 632 Marcianus
1630 603 1731 632 vero
1767 593 1863 644 imp,
1896 596 1939 632 et

205 660 497 703 Pulcheria
520 661 648 702 Leoni
672 660 860 701 scribunt
883 673 944 713 ep.
970 664 1034 705 76.
1060 665 1112 705 77
1138 662 1197 717 (in
1221 673 1283 714 ep.
1307 661 1489 718 Leonis),
1520 667 1566 703 ut
1588 662 1836 704 universalis
1862 674 1937 704 co-

204 737 326 784 gatur
348 733 546 786 synodus.
570 733 644 773 sed
667 734 758 784 ipso
782 737 956 773 auctore
977 741 1048 775 σοῦ
1072 733 1370 782 αὑθεντοῦντος.

326 830 367 871 3.
393 828 515 868 Ratio
549 832 623 868 est.
656 826 768 879 quod
791 827 978 879 episcopi
1000 826 1095 867 ideo
1119 827 1162 866 in
1184 838 1302 869 conc.
1326 829 1649 869 oecumenicum
1673 840 1938 881 congregan-

206 903 282 948 tur,
311 904 356 939 ut
377 898 489 951 leges
514 897 650 938 ferant
671 909 747 950 pro
771 898 969 938 universa
992 896 1190 938 Ecclesia.
1234 897 1359 950 Atqui
1382 898 1571 951 episcopi
1595 900 1788 952 quamvis
1807 899 1936 952 juris—

204 968 431 1010 dictionem
454 969 643 1010 habeant
665 969 706 1009 in
729 981 850 1009 suam
873 968 1088 1017 diocesim,
1121 980 1258 1021 neque
1291 970 1470 1009 seorsim
1503 981 1642 1022 neque
1675 970 1840 1011 collecti
1867 970 1938 1023 jus

203 1039 361 1080 habent
397 1040 556 1081 ferendi
589 1039 701 1092 leges
737 1039 972 1092 obligantes
1006 1040 1249 1080 universam
1282 1039 1513 1081 Ecclesiam
1546 1040 1880 1093 independenter
1911 1053 1936 1082 a

203 1110 411 1162 pontifice.
455 1110 594 1161 Quare
618 1112 708 1163 ipso
733 1116 898 1151 tantum
921 1115 1107 1159 auctore,
1130 1116 1175 1151 ut
1198 1111 1239 1151 id
1262 1117 1461 1152 accurate
1484 1113 1692 1163 expressit
1714 1111 1937 1153 Pulcheria

202 1182 313 1234 imp,
337 1182 524 1234 episcopi
546 1182 588 1222 in
613 1194 728 1222 conc.
753 1182 1077 1223 oecumenicum
1099 1183 1327 1223 convenire
1350 1187 1538 1235 possunt.

322 1276 364 1319 4.
389 1276 478 1317 Hoc
505 1277 574 1329 jus
604 1289 741 1330 neque
765 1278 996 1329 generatim
1020 1277 1277 1329 principibus
1300 1277 1492 1330 politicis,
1524 1290 1661 1331 neque
1684 1278 1936 1319 nominatim

203 1347 530 1399 imperatoribus
567 1348 749 1388 adscribi
783 1353 933 1400 potest.
980 1347 1087 1389 Nam
1123 1362 1163 1392 a.
1197 1348 1386 1390 Ecclesia
1420 1353 1518 1390 actu
1552 1349 1618 1390 vel
1652 1349 1935 1390 destinatione

203 1418 354 1459 saltem
376 1418 500 1460 latius
523 1424 639 1471 patet
662 1420 810 1472 quovis
832 1420 1022 1471 imperio,
1045 1419 1142 1460 hinc
1158 1419 1400 1460 diffunditur
1414 1432 1488 1472 per
1502 1420 1683 1472 plurium
1699 1420 1936 1472 principum

204 1488 425 1539 ditionem3
457 1490 596 1531 nullus
619 1501 718 1543 ergo
742 1491 978 1542 principum
1002 1491 1244 1532 authentice
1267 1492 1566 1543 episcoporum
1590 1496 1758 1532 coetum
1782 1490 1938 1543 poterit

204 1572 473 1613 congregare.
519 1561 627 1612 Quid
659 1562 772 1614 quod
807 1563 850 1605 b.
883 1562 1093 1615 principes
1120 1574 1214 1603 esse
1236 1568 1415 1615 possunt
1437 1563 1593 1603 ethnici
1616 1562 1680 1603 vel
1703 1561 1936 1603 haeretici?

203 1631 268 1672 his
298 1645 400 1673 vero
433 1645 559 1674 nemo
587 1634 656 1685 jus
688 1633 953 1674 convocandi
986 1634 1211 1674 concilium
1244 1634 1570 1675 oecumenicum
1602 1633 1768 1674 tribuet.
1817 1631 1936 1674 Unde

202 1715 304 1744 vero
328 1716 368 1747 c.
393 1703 598 1756 probatur
620 1704 702 1745 hoc
719 1705 788 1756 jus
811 1705 1040 1746 convenire
1062 1705 1320 1758 principibus
1335 1705 1587 1754 christianis,
1609 1705 1762 1758 quibus
1784 1717 1938 1746 secun-

202 1774 301 1815 dum
332 1775 582 1826 gravissima
616 1780 785 1828 patrum
820 1777 1064 1817 testimonia
1099 1777 1142 1817 in
1175 1777 1355 1829 negotiis
1391 1777 1689 1817 ecclesiasticis
1723 1776 1839 1817 nulla
1873 1780 1938 1817 est

202 1846 432 1886 auctoritas
466 1847 522 1902 (n.
550 1849 683 1900 330st
727 1847 866 1899 Quare
898 1848 980 1889 hoc
1007 1848 1075 1901 jus
1108 1860 1159 1889 ex
1192 1847 1345 1889 Christi
1376 1848 1639 1889 institutione
1661 1849 1717 1903 (n.
1744 1849 1846 1903 2330)
1879 1847 1937 1888 illi

201 1917 436 1966 conveniet,
458 1919 530 1971 qui
552 1924 722 1971 praeest
744 1918 967 1960 Ecclesiae.

319 2021 414 2055 403.
456 2016 600 2065 Negat-i
631 2017 790 2064 quidem
821 2017 970 2064 nequit,
1002 2017 1176 2066 plurium
1208 2017 1472 2059 conciliorum,
1507 2016 1622 2054 etiam
1652 2017 1803 2062 talium,
1835 2029 1936 2064 quae

200 2073 304 2110 inter
326 2075 572 2112 oecumenica
591 2079 857 2120 recensentur,
881 2076 1202 2115 convocationem
1227 2076 1531 2125 imperatoribus
1565 2088 1649 2113 esse
1670 2076 1934 2123 tribuendam,

201 2134 247 2168 ut
267 2132 352 2170 fuse
375 2134 549 2171 ostendit
571 2135 709 2171 Funk
732 2135 1027 2185 Kirchengesch.
1050 2136 1243 2174 Abhandl.
1265 2149 1303 2173 u.
1326 2135 1554 2173 Untersuch.
1577 2135 1605 2180 I,
1632 2142 1703 2175 39—
1717 2141 1816 2176 -ST-

319 2227 464 2265 Verum
487 2239 529 2268 a.
552 2241 623 2266 nos
646 2229 758 2266 modo
780 2242 858 2266 non
880 2229 927 2266 de
949 2229 1098 2275 fact-o,
1130 2230 1195 2267 sed
1229 2230 1275 2267 de
1292 2231 1408 2278 jure
1431 2242 1568 2267 sumus
1601 2230 1772 2274 solliciti,
1805 2243 1933 2279 neque

202 2287 304 2323 enim
327 2300 371 2323 ex
396 2288 573 2335 quolibet
595 2288 694 2325 facto
712 2289 780 2336 jus
803 2288 940 2326 inferri
959 2291 1110 2338 potest;
1134 2289 1233 2326 facta
1254 2300 1345 2326 vero
1367 2290 1445 2331 illa,
1470 2290 1546 2326 nisi
1571 2292 1660 2338 apte
1676 2290 1934 2338 explicentur,

201 2346 378 2395 legitima
400 2347 549 2384 censeri
569 2360 648 2384 non
670 2350 845 2396 possunt.
890 2347 971 2391 Qua
1002 2348 1043 2385 in
1067 2349 1262 2386 sententia
1284 2348 1557 2386 confirmamur
1579 2348 1663 2397 ipso
1686 2350 1804 2385 etiam
1826 2349 1936 2386 exitu

200 2405 306 2441 tristi
328 2406 604 2454 plerorumque
627 2407 781 2444 illorum
806 2407 1072 2449 conciliorum,
1106 2420 1205 2455 quae
1227 2408 1479 2456 imperatores
1502 2408 1599 2445 eitra
1621 2407 1772 2445 romani
1803 2409 1934 2456 ponti-

201 2464 282 2501 ficis
304 2475 531 2502 consensum
553 2478 623 2514 pro
646 2478 716 2503 suo
739 2469 1003 2504 convocarunt-
1025 2467 1202 2504 arbitrio.
1245 2467 1369 2511 Quam
1390 2467 1583 2504 rationem
1598 2467 1682 2515 jam
1704 2473 1821 2516 urget
1842 2467 1932 2504 Ma-

200 2523 360 2560 ximus
383 2525 431 2560 M.
455 2524 496 2560 in
519 2525 724 2561 collatione
747 2537 837 2562 cum
858 2525 1069 2563 Theodosio
1102 2526 1279 2575 episcopo
1311 2526 1515 2563 Caesareae
1538 2524 1663 2577 (Mig.
1693 2532 1783 2571 129,
1810 2523 1934 2579 636):

201 2581 305 2619 unde
328 2594 372 2619 ex
393 2583 479 2631 ipso
501 2586 645 2621 eventu
667 2584 878 2633 colligitur,
905 2585 972 2633 jus
995 2585 1232 2622 convocandi
1254 2585 1409 2623 concilii
1431 2585 1675 2633 principibus
1697 2585 1822 2622 solum
1845 2597 1935 2622 cum

200 2641 366 2678 maximo
387 2642 579 2679 Ecclesiae
602 2643 742 2680 damno
764 2643 900 2682 tribui.
944 2644 1125 2681 Ceterum

317 2721 365 2763 l).
389 2723 491 2772 quod
513 2724 659 2761 factum
682 2725 824 2762 attinet
845 2725 1133 2763 convocationis
1153 2727 1368 2776 primorum
1392 2727 1644 2764 conciliorum
1666 2727 1932 2765 oecumenico-

199 2795 288 2819 rum
308 2794 388 2819 non
409 2782 567 2820 videtur
588 2784 827 2821 excludenda
848 2785 1063 2833 cooperatio
1084 2798 1337 2823 romanorum
1358 2786 1581 2834 pontificum
1605 2786 1668 2823 vel
1690 2786 1834 2824 tacitus
1857 2787 1933 2823 sal-

197 2844 276 2879 tem
300 2853 522 2885 consensuS‚
553 2854 630 2890 quo
653 2843 876 2881 convocatio
899 2856 1071 2881 caesarea
1091 2845 1321 2882 redderetur
1343 2845 1530 2894 legitima.
1574 2845 1655 2882 Hoc
1678 2846 1817 2882 saltem
1842 2858 1932 2894 pro-

198 2900 293 2937 bant
314 2901 355 2937 in
376 2899 513 2949 primis
534 2901 743 2939 Blotzer
773 2902 842 2940 der
863 2904 898 2940 h.
923 2903 1037 2940 Stuhl
1065 2903 1147 2941 und
1179 2904 1240 2941 die
1271 2904 1400 2941 okum.
1425 2903 1609 2953 Synoden
1640 2907 1713 2942 etc.
1746 2904 1930 2942 Zeitschr.

197 2959 261 2996 fiir
282 2959 606 3000 k.Theol,1886
631 2973 666 3008 p.
693 2968 741 3000 ‹37
769 2973 838 3002 ss.:
863 2962 1061 2999 Sohmid
1083 2963 1267 3000 Katholik
1298 2963 1932 3009 18931‚318—47;H6hler

197 3019 298 3055 Linz.
323 3018 487 3063 Qtlschr.
516 3025 621 3059 1897
647 3032 683 3067 p·
710 3025 908 3060 308—47
934 3024 1017 3067 etc,
1051 3022 1118 3070 qui
1154 3022 1397 3070 scripserunt
1427 3023 1616 3059 adversus
1638 3022 1801 3067 Funk3
1825 3022 1930 3059 Pal-

195 3078 343 3115 mieri
365 3078 420 3115 th.
447 3083 512 3119 ⁶28.
