2175 3382
234 104 287 143 93
591 95 708 128 'l‘ra-ct.
731 94 755 127 Ι.
776 92 959 139 Apologia.
978 93 1083 137 relig.
1103 93 1230 127 christ.
1248 93 1374 127 'l'liesis
1393 93 1484 128 xlx.
1508 94 1598 128 Mira

235 217 346 257 enim
372 215 554 255 hominis
587 214 845 266 dignitatem,
876 219 1100 265 promovet
1124 212 1306 254 familiae
1334 212 1506 262 bonum,
1539 214 1707 254 ordinat
1738 218 1780 254 et
1810 214 1971 266 perficit

236 287 463 328 relationes
477 284 781 340 socia—lesinter
804 285 1009 335 homines,
1033 284 1139 335 inter
1161 283 1353 324 subditos
1378 288 1417 323 et
1441 284 1668 335 praesides,
1692 284 1800 325 inter
1821 284 1970 326 divites

234 363 275 398 et
297 342 506 410 pauperes
522 356 576 411 (n.
593 355 678 410 68).
703 355 859 396 excitat
874 355 1038 395 virtutis
1061 354 1247 395 studium
1272 353 1810 408 propositajesficacissima
1831 353 1970 408 legum

234 428 454 469 sanctione
490 431 748 478 ostensoque
784 424 1047 466 nobilissimo
1084 425 1195 465 vitae
1232 424 1464 476 exemplari
1500 425 1555 479 (n.
1591 426 1676 480 (57),
1731 423 1971 466 Nobilitatis

235 503 377 540 autem
402 496 617 546 membris,
650 496 805 537 familia
839 496 1039 548 omnique
1063 495 1210 536 ordine
1233 495 1392 540 sociali,
1425 496 1571 548 nequit
1596 508 1682 536 non
1706 495 1971 538 efflorescere

235 569 340 610 ordo
364 569 534 610 socialis
557 568 777 620 cultusque
793 567 1043 610 communis,
1070 565 1191 616 Quod
1214 570 1260 606 ut
1282 566 1516 607 evidentius
1538 567 1581 607 in
1603 566 1750 608 oculos
1773 567 1971 615 incurrat,

236 644 539 692 comparentur
562 638 788 687 individua,
811 638 1007 678 familiae.
1031 637 1259 678 societates
1274 637 1477 689 religione
1493 637 1725 679 christiana
1746 637 1972 679 destitutae

238 724 334 753 cum
356 710 591 757 individuis.
615 710 793 758 familiis,
815 708 1090 750 societatibus
1114 721 1165 750 ea
1187 721 1274 749 non
1297 709 1469 750 nomine
1483 713 1618 758 tenus,
1640 709 1714 750 sed
1729 709 1849 762 praxi
1862 709 1972 751 bene

235 782 427 823 imbutis:
465 786 506 822 et
536 780 760 821 manifesta
783 780 983 821 reddetur
1006 780 1124 833 origo
1148 792 1235 821 non
1257 780 1447 821 humana
1469 780 1681 833 religionis
1704 781 1971 822 christianae.

235 852 403 894 Nullum
427 853 538 893 enim
562 864 749 904 unquam
774 852 931 892 exstitit
953 851 1189 904 imperium,
1212 856 1341 900 secta,
1365 851 1511 893 schola
1535 851 1840 904 philosophica,
1863 863 1972 904 quae

126 912 137 919 x
178 936 199 979 ,³
233 924 413 964 similem
446 924 488 964 in
521 923 671 963 melius
694 922 1014 964 innovationem
1039 921 1234 971 effecerit,
1267 921 1395 963 talem
1419 926 1669 975 tantumque
1692 923 1975 975 reportaverit

233 995 456 1035 victoriam
479 994 531 1035 de
554 994 676 1043 vitiis,
701 993 1012 1046 cupiditatibus,
1037 993 1256 1034 affectibus
1280 998 1435 1034 natura
1457 994 1499 1034 in
1522 993 1651 1034 corde
1672 994 1861 1035 humano
1884 999 1972 1035 tam

232 1066 315 1106 alte
330 1066 464 1106 insitis
488 1066 528 1119 1).
552 1065 723 1118 qualem
738 1065 878 1106 retulit
901 1065 944 1105 in
966 1069 1029 1106 tot
1044 1064 1223 1105 millenis
1237 1064 1381 1116 religio
1398 1065 1640 1113 christiana,
1664 1069 1706 1106 et
1727 1077 1850 1106 amor
1872 1077 1972 1118 erga

235 1135 460 1185 Christum,
493 1147 621 1189 quem
644 1141 873 1188 propterea
894 1135 1003 1176 belle
1026 1136 1119 1189 quis
1143 1136 1296 1177 dixerit
1318 1135 1446 1177 fuisse
1470 1133 1687 1188 Orpheum
1710 1148 1797 1177 non
1819 1135 1972 1178 fictum.

232 1208 308 1248 sed
331 1220 491 1256 verum,
524 1208 594 1260 qui
628 1207 758 1248 verbo
793 1212 835 1248 et
861 1207 1054 1259 exemplo
1078 1206 1189 1248 feras
1214 1207 1456 1251 indomitas.
1491 1207 1670 1260 populos
1693 1207 1856 1248 seroces
1878 1212 1975 1259 post

233 1291 278 1319 se
310 1279 450 1332 traxit,
487 1278 662 1326 domuit,
694 1278 737 1319 in
769 1278 894 1331 plane
927 1278 1034 1319 alios
1065 1278 1315 1318 immutavit.
1360 1276 1522 1328 Quibus
1554 1277 1751 1319 omnibus
1777 1277 1974 1330 expensis

233 1349 347 1390 haud
361 1350 573 1391 immerito
594 1354 683 1390 tam
709 1349 882 1390 evidens
904 1349 947 1390 in
968 1349 1119 1390 melius
1135 1349 1378 1390 emendatio
1395 1348 1610 1390 confertur
1625 1361 1721 1390 cum
1736 1349 1973 1390 creatione:

233 1420 414 1473 ideoque
437 1421 544 1462 sicut
566 1421 675 1462 haec
698 1433 805 1473 opus
829 1426 891 1461 est
913 1420 1087 1469 Excelsi,
1116 1420 1176 1461 ita
1199 1425 1241 1461 et
1262 1420 1333 1461 illa
1356 1418 1529 1461 effectus
1552 1420 1717 1461 censeri
1740 1419 1866 1461 debet
1886 1431 1973 1461 non

202 1519 205 1525 ,
232 1491 397 1532 virtutis
419 1492 646 1539 humanae,
669 1491 744 1533 sed
767 1492 870 1544 ejus,
896 1492 939 1532 in
962 1491 1082 1544 cujus
1108 1491 1306 1532 manibus
1329 1491 1460 1532 corda
1482 1495 1581 1532 sunt
1601 1490 1833 1531 hominum.
1882 1489 1974 1541 „Dt-

214 1563 422 1608 ‚vinitatis
454 1567 584 1604 testes
620 1568 729 1612 sunt,
763 1562 888 1604 infert
917 1564 1012 1615 Jure
1044 1561 1370 1618 Origenes2),
1405 1567 1471 1604 tot
1505 1562 1711 1603 ecclesiae
1741 1562 1974 1609 hominum,

379 1681 400 1726 ¹)
420 1681 541 1721 Quare
560 1680 788 1714 confidenter
805 1680 832 1714 L
845 1692 865 1714 a
877 1691 895 1714 c
907 1683 953 1714 ta
967 1680 1071 1714 ntiu
1086 1691 1101 1714 s
1129 1680 1183 1714 ita
1201 1679 1360 1724 gentiles
1378 1679 1449 1713 div.
1468 1679 1590 1714 instit.
1609 1679 1670 1720 ΙΙΙ,
1690 1682 1735 1714 26
1752 1679 1972 1723 alloquitur:

233 1734 358 1776 ,Quod
379 1744 464 1779 ergo
484 1733 540 1768 illi
560 1733 800 1778 (philosophi)
829 1735 1003 1778 poscente
1023 1736 1159 1767 natura
1186 1733 1397 1767 faciendum
1427 1744 1502 1768 esse
1529 1735 1733 1773 senserunt,
1757 1732 1820 1767 sed
1846 1734 1974 1767 tamen

232 1799 352 1832 neque
370 1788 441 1832 ipsi
459 1788 578 1821 facere
597 1789 810 1832 potuerunt,
828 1797 948 1832 neque
967 1798 987 1820 a
1004 1787 1238 1831 philosophis
1252 1786 1331 1820 fieri
1348 1797 1452 1831 posse
1466 1787 1650 1826 viderunt,
1666 1786 1743 1820 sola
1755 1787 1848 1820 haec
1862 1785 1978 1820 efficit

232 1840 402 1875 ‹loct-rina
421 1841 608 1881 coelestis,
627 1840 716 1884 quia
735 1841 811 1874 sola
831 1842 1017 1885 sapientia
1035 1843 1100 1875 est.
1121 1840 1177 1874 llli
1197 1841 1274 1874 scil.
1290 1840 1510 1884 persuadere
1526 1841 1699 1884 cuiquam
1714 1841 1899 1884 poterunt,
1913 1840 1978 1884 qui

231 1894 327 1928 nihil
345 1894 567 1938 persuadent
587 1893 699 1928 etiam
720 1894 817 1928 sibi?
848 1896 913 1929 aut
931 1894 1148 1938 cujusquam
1178 1893 1402 1939 cupiditates
1430 1894 1654 1938 oppriment,
1679 1894 1771 1928 iram
1798 1899 1977 1938 tempera·

230 1947 335 1988 bunt,
350 1946 545 1980 libidinem
560 1947 792 1986 coercebunt,
809 1957 890 1980 cum
904 1946 976 1990 ipsi
992 1949 1028 1980 et
1044 1947 1179 1981 cedant
1193 1947 1295 1981 vitiis
1309 1950 1345 1981 et
1356 1948 1544 1981 fateantur
1555 1947 1640 1991 plus
1650 1947 1771 1981 valere
1781 1950 1978 1980 naturam?

231 2000 298 2033 Dei
316 2001 441 2034 autem
458 2000 666 2045 praecepta,
688 2000 775 2043 quia
789 2002 827 2034 et
841 2000 1025 2043 simplicia
1039 2002 1076 2033 et
1090 2010 1173 2033 vera
1189 2002 1286 2034 sunt.
1301 2003 1485 2044 qua-ntum
1498 2001 1647 2035 valeant
1660 2001 1700 2033 in
1713 2000 1846 2034 animis
1859 2000 1978 2034 homi-

231 2065 328 2094 num,
349 2053 569 2097 quotidiana
588 2054 841 2097 experimenta
862 2053 1128 2087 demonstrant.
1159 2053 1215 2087 Da
1233 2055 1323 2088 mihi
1343 2055 1474 2095 virum,
1493 2055 1558 2098 qui
1576 2055 1624 2088 sit
1641 2053 1850 2094 iracundus,
1868 2054 1978 2087 mate-

230 2107 343 2146 dicus,
363 2107 604 2141 effraenatus:
625 2106 855 2151 paucissimis
876 2107 941 2140 Dei
960 2107 1078 2141 verbis
1096 2109 1174 2140 tam
1192 2107 1379 2151 placidum
1399 2120 1511 2152 quam
1530 2120 1636 2143 ovem
1654 2107 1816 2142 reddam.
1846 2107 1902 2141 Da
1919 2118 1977 2141 cu-

229 2161 371 2205 pidum,
391 2171 553 2200 avarum,
573 2161 739 2194 tenacem
755 2174 761 2193 :
785 2161 864 2205 jam
891 2161 963 2194 tibi
991 2172 1073 2194 eum
1101 2160 1293 2195 liberalem
1321 2161 1427 2198 dabo.
1456 2164 1491 2196 et
1522 2163 1716 2206 pecuniam
1737 2172 1841 2196 suam
1858 2161 1977 2206 plenis

233 2213 405 2247 manibus
424 2214 649 2257 largientem
667 2241 674 2247 .
691 2241 697 2247 .
718 2241 726 2247 .
745 2214 864 2247 Tanta
883 2213 1028 2248 divinae
1047 2214 1252 2259 sapientiae
1269 2215 1325 2250 vis
1343 2217 1409 2255 cst,
1428 2216 1522 2249 utin
1536 2215 1697 2249 hominis
1710 2216 1840 2259 pectus
1853 2215 1977 2248 infusa

233 2269 389 2301 matrem
408 2267 629 2302 delictorum
649 2268 850 2302 stultitiam
871 2278 942 2302 uno
963 2268 1072 2302 simul
1091 2268 1238 2313 impetu
1258 2268 1438 2313 expellat:
1465 2269 1508 2302 ad
1529 2269 1628 2313 quod
1645 2269 1881 2303 efficiendum
1903 2279 1977 2303 11011

230 2320 408 2360 mercede,
428 2330 502 2354 non
520 2320 636 2359 libris,
657 2331 731 2354 non
750 2321 1071 2355 lucubrationibus
1090 2331 1182 2366 opus
1197 2316 1263 2357 est.
1282 2321 1406 2356 Gratis
1420 2322 1493 2356 ista
1507 2323 1613 2362 fiunt,
1628 2322 1745 2362 facile,
1760 2322 1851 2360 cito;
1869 2322 1976 2355 modo

230 2375 384 2418 pateant
402 2385 507 2408 aures
527 2376 565 2409 et
581 2376 711 2419 pectus
731 2375 952 2419 sapientiam
972 2375 1089 2409 sitiat.
1107 2375 1225 2410 Nemo
1246 2378 1432 2411 vereatur:
1451 2387 1518 2410 nos
1533 2388 1667 2420 aquam
1681 2387 1755 2410 nou
1769 2376 1976 2415 vendimus,

230 2438 295 2461 1100
315 2428 430 2460 solem
450 2429 617 2462 mercede
636 2431 876 2472 praestamus.
896 2428 962 2462 Dei
988 2428 1069 2462 sons
1087 2429 1293 2464 uberrimus
1311 2431 1425 2473 atque
1443 2429 1679 2474 plenissimus
1697 2431 1800 2474 patet,
1818 2428 1978 2463 cunctis:

231 2482 269 2515 et
285 2481 354 2514 hoc
375 2482 535 2516 coeleste
562 2482 687 2516 lumen
714 2482 892 2517 universis
921 2483 1048 2522 oritur,
1077 2482 1287 2526 quicunque
1314 2484 1439 2517 oculos
1465 2484 1618 2518 habent.
1654 2483 1752 2517 Num
1778 2485 1861 2527 quis
1886 2483 1977 2517 haec

234 2533 541 2578 philosophorum
562 2538 623 2569 aut
640 2547 802 2579 unquam
820 2537 1010 2580 praestitit
1028 2538 1093 2570 aut
1111 2537 1300 2580 praestare
1319 2537 1349 2570 si
1367 2537 1458 2571 velit
1474 2539 1622 2581 potest?
1648 2537 1717 2578 Qui
1736 2547 1818 2571 cum
1838 2537 1978 2570 aetates

232 2597 314 2620 snas
333 2588 371 2620 in
390 2587 515 2622 studio
533 2589 791 2633 philosophiae
810 2592 1014 2629 conterant,
1046 2600 1165 2634 neque
1185 2590 1298 2624 alium
1317 2601 1539 2634 quemquam
1559 2600 1679 2634 neque
1697 2590 1835 2634 seipsos
1852 2588 1898 2635 (si
1914 2601 1976 2623 na-

232 2641 315 2673 tura
332 2639 527 2684 paululum
543 2641 704 2687 obstitit)
722 2644 878 2686 possunt
892 2643 1012 2677 facere
1027 2643 1207 2677 meliores
1227 2643 1356 2687 ltaque
1371 2644 1556 2688 sapientia
1570 2654 1706 2683 eorum,
1720 2646 1763 2677 ut
1776 2643 1974 2687 plurimum

229 2693 378 2728 efficiat.
397 2706 471 2728 non
487 2695 624 2729 excidit
638 2697 739 2735 vitia,
756 2696 819 2730 sed
833 2697 1040 2732 abscondit.
1061 2697 1181 2731 Pauca
1197 2707 1281 2731 vero
1293 2696 1360 2731 Dei
1377 2699 1574 2741 praecepta
1587 2697 1639 2730 sic
1653 2697 1775 2730 totum
1789 2696 1975 2730 hominem

230 2747 433 2780 immutant
452 2748 488 2781 et
507 2749 675 2792 exposito
696 2751 822 2784 vetere
850 2761 986 2784 novum
1016 2751 1188 2788 reddunt.
1216 2753 1258 2785 ut-
1284 2762 1358 2785 non
1387 2762 1585 2796 cognoscas
1603 2750 1760 2785 eundem
1777 2757 1887 2784 esse.‘
1923 2749 1976 2784 Cf.

231 2800 412 2844 Chryso
426 2802 501 2834 sto
516 2812 551 2833 m
564 2813 586 2834 u
599 2813 614 2834 s
642 2802 739 2836 hom.
758 2806 779 2837 8
798 2803 853 2836 ed.
880 2804 968 2848 Mig.
987 2808 1043 2844 63,
1063 2808 1149 2840 501:
1179 2804 1352 2839 Get-dil
1370 2804 1544 2839 Discours
1572 2817 1632 2839 sur
1650 2804 1686 2837 la
1704 2803 1859 2837 divinite
1877 2803 1922 2837 de
1940 2803 1977 2836 la

229 2853 390 2898 religion
408 2854 633 2895 chretienne‚
653 2866 723 2899 que
741 2856 885 2901 l‘eglise
903 2858 966 2901 qui
985 2859 1102 2892 forme
1121 2859 1185 2893 des
1204 2858 1322 2892 saints
1341 2861 1397 2893 est
1413 2859 1450 2892 la
1469 2857 1570 2892 seule
1588 2858 1702 2903 eglise
1716 2856 1760 2890 de
1773 2857 1806 2891 J.
1821 2856 1872 2898 C..
1891 2867 1976 2901 opp.

231 2908 288 2941 ed.
308 2919 397 2941 rom.
416 2908 443 2941 t.
461 2907 542 2941 XX.

378 2960 559 3002 2’5)Αε11701
562 2961 761 2995 usCelsum
777 2963 804 3003 l,
818 2965 874 2997 47.
895 2964 947 2997 Cf.
962 2966 1154 3008 praeterea
1168 2977 1203 2998 n.
1216 2967 1271 2999 26.
1284 2967 1340 3000 27.
1352 2967 1414 3002 31:
1438 2964 1527 2999 Chr
1537 2966 1818 3008 ysostomus
1836 2964 1934 2998 hom.
1953 2967 1976 2998 8

230 3014 270 3046 in
288 3013 421 3047 Matth.
440 3018 531 3052 4s.;
560 3015 658 3048 hom
677 3017 722 3048 36
750 3014 788 3048 in
806 3018 889 3049 acta
917 3019 1036 3060 apos.t
1065 3029 1100 3050 n.
1120 3019 1160 3055 2:
1190 3017 1501 3085 Augustinus
1529 3018 1572 3051 de
1599 3026 1684 3051 vera
1710 3017 1815 3063 relig.
1843 3029 1871 3052 c.
1889 3021 1976 3053 3ss.

230 3067 392 3111 Legatur
410 3066 522 3101 Stoi·
534 3067 762 3103 0110113111
782 3079 810 3102 c.
829 3070 856 3103 t.
877 3072 896 3102 5
915 3069 1002 3104 diss.
1022 3072 1055 3105 9.
