2175 3382
794 109 1059 144 Testimonium
1079 109 1215 144 Christi
1234 111 1276 144 de
1295 122 1343 145 se.
1878 118 1930 159 61

203 229 341 270 solum
362 241 450 269 non
481 228 729 280 receperint,
762 228 837 269 sed
868 232 910 268 et
940 228 1221 280 reprobarint,
1252 229 1405 270 mirum
1428 241 1520 270 esse
1543 242 1628 270 non
1651 230 1787 279 debet,
1820 231 1932 283 quod

203 299 445 340 conditione
466 311 553 340 non
575 299 715 350 posita
737 310 788 338 ea
810 298 947 339 fructu
970 303 1209 340 caruerunt.

859 428 1201 471 Articulus
1234 429 1299 470 Π.

233 511 303 552 De
337 510 660 552 testimonio
693 510 868 562 ipsius
901 508 1107 550 Christi
1138 522 1234 562 pro
1267 510 1461 550 divina
1493 523 1587 550 sua
1620 511 1893 553 missione.

322 596 389 638 54.
411 593 716 634 Testimonium
738 593 819 645 ipsi
841 591 1006 633 Christo
1031 592 1259 633 inhaerens
1291 593 1358 633 vel
1390 604 1488 633 eum
1519 593 1727 633 comitans
1750 606 1847 634 vere
1873 601 1936 635 est

204 663 509 716 multiplex:
541 664 661 716 cujus
683 663 847 716 singula
869 663 1090 712 elementa,
1114 675 1137 703 e
1160 663 1311 715 quibus
1333 663 1545 712 coalescit,
1569 663 1753 703 divinam
1778 663 1935 705 Christi

204 735 450 776 missionem
466 734 663 786 probant,
685 735 830 775 omnia
851 745 952 775 vero
975 734 1099 774 simul
1121 738 1291 785 sumpta
1306 745 1395 774 rem
1414 733 1537 785 plane
1552 733 1790 775 conficiunt.
1812 734 1935 775 Jesus

205 806 317 847 enim
339 817 385 847 se
406 805 482 846 Dei
503 805 687 857 legatum
709 809 888 846 testatus
911 808 975 845 est
995 804 1178 845 verbis
1202 808 1244 845 et
1265 804 1543 856 sanguine,
1575 804 1692 844 vita
1723 804 1938 845 doctri-

204 888 380 929 naque
403 876 576 917 omnino
592 875 776 925 coelesti,
800 874 1087 915 miraculis
1111 879 1153 915 et
1174 874 1483 923 vaticiniis,
1507 874 1687 926 denique
1708 874 1800 926 ipso
1824 876 1935 927 quod

206 947 434 1000 complevit
455 959 518 999 op
531 957 639 986 ere:
662 945 814 998 quihus
835 945 964 986 veluti
985 945 1162 986 totidem
1177 944 1307 986 radiis
1323 944 1619 997 comprobavit
1641 956 1686 985 se
1708 945 1821 985 illam
1844 957 1938 986 esse

205 1018 354 1067 lucem,
376 1031 480 1072 quae
500 1017 711 1058 illuminat
732 1029 888 1056 omnem
902 1016 1102 1057 homiuem
1118 1017 1337 1057 venientem
1360 1016 1404 1056 in
1427 1016 1534 1056 hune
1555 1016 1752 1056 mundum
1769 1015 1831 1057 Jo.
1851 1021 1883 1063 1,
1901 1019 1939 1063 9,

206 1100 252 1129 se
273 1100 425 1129 revera
447 1088 592 1129 datum
615 1100 710 1129 esse
731 1088 775 1128 in
796 1087 944 1129 foedus
959 1088 1102 1140 populi
1125 1092 1166 1129 et
1186 1088 1230 1128 in
1250 1088 1391 1128 lucem
1413 1088 1600 1139 gentium
1623 1088 1671 1128 Is.
1686 1092 1754 1135 42,
1773 1092 1810 1136 6,
1833 1088 1876 1128 in
1893 1100 1941 1127 se

205 1159 425 1212 impletum
447 1171 541 1200 esse
563 1159 663 1200 illud
677 1158 774 1200 Luc.
794 1165 828 1209 1,
845 1162 868 1202 7
875 1162 919 1203 8:
954 1158 1143 1200 Visitavu
1164 1172 1238 1199 uos
1260 1158 1408 1199 Oriens
1431 1173 1478 1199 ex
1501 1160 1581 1199 alto
1606 1159 1842 1199 illuminare
1865 1159 1939 1211 his,

207 1231 277 1284 qui
297 1230 340 1271 iu
363 1230 537 1271 tenebris
559 1235 596 1271 et
616 1232 661 1272 in
682 1231 830 1272 ‘umbra
852 1231 996 1270 mortis
1018 1233 1164 1274 sedent,

326 1314 392 1356 55.
421 1311 711 1354 Testimonium
736 1313 889 1354 Clu-{stet
918 1315 968 1354 de
999 1327 1049 1356 se.
1071 1339 1129 1343 —
1152 1312 1205 1354 Ut
1237 1313 1423 1354 breviter
1455 1316 1620 1353 tantum
1650 1312 1938 1352 testimonium

205 1383 306 1424 illud
328 1384 596 1436 attingamus,
628 1384 742 1437 quod
773 1383 927 1425 Christi
958 1384 1099 1425 verbis
1121 1385 1377 1433 continetur,
1409 1388 1580 1424 notetur
1611 1396 1653 1426 a.
1686 1383 1823 1434 ipsum
1845 1393 1940 1422 sae-

207 1453 381 1506 pissime
402 1454 648 1496 solemniter
670 1455 921 1508 disertisque
942 1455 1082 1496 verbis
1105 1467 1150 1496 se
1172 1454 1247 1495 Dei
1269 1455 1453 1507 legatum
1477 1454 1710 1495 affirmasse
1730 1454 1773 1507 l),
1805 1463 1941 1504 eaque

210 1525 290 1566 sibi
312 1525 599 1578 adscripsisse,
622 1539 731 1579 quae
745 1527 811 1567 vix
824 1527 931 1568 ullus
952 1527 1174 1567 hominum
1195 1526 1292 1567 licet
1313 1525 1532 1578 superbus,
1554 1525 1652 1565 licet
1674 1524 1857 1564 maxime
1880 1522 1941 1562 fa-

209 1595 375 1637 naticus
397 1596 477 1637 sibi
498 1597 683 1638 tribuere
697 1610 886 1650 unquam
909 1601 973 1638 est
996 1609 1136 1646 ausus,
1160 1597 1246 1639 scil.
1261 1596 1562 1649 aequalitatem
1577 1607 1673 1635 curn
1689 1594 1788 1641 Deo,
1803 1593 1940 1634 Patris

209 1667 649 1723 comprehensionem,
673 1680 885 1709 summam
900 1668 942 1707 in
955 1667 1198 1708 universum
1216 1672 1483 1719 potestatem,
1506 1678 1552 1707 se
1575 1677 1668 1706 esse
1683 1665 1807 1713 viam,
1830 1664 1940 1705 veri-

209 1741 341 1778 tatem
365 1744 406 1779 et
426 1738 570 1788 vitam,
592 1738 782 1791 aliasque
796 1737 1116 1790 praerogativas
1130 1736 1255 1789 plane
1269 1736 1636 1789 supermundanas
1659 1739 1700 1776 et
1714 1735 1877 1775 divinas
1895 1734 1941 1788 3).

210 1808 254 1849 Id
274 1821 377 1850 vero
399 1810 446 1852 b.
470 1813 650 1850 testatus
673 1813 737 1850 est
758 1807 1106 1849 confidenter
1129 1820 1276 1849 coram
1305 1807 1443 1848 omnis
1458 1806 1624 1859 generis
1639 1805 1843 1858 personis,
1867 1817 1940 1845 co-

209 1891 303 1920 ram
325 1879 472 1920 amicis
504 1884 547 1920 et
575 1880 767 1929 inimicis,
799 1891 946 1920 coram
977 1879 1185 1931 supremis
1208 1877 1525 1931 magistratibus
1548 1881 1635 1917 tam
1658 1876 1790 1917 sacris
1813 1887 1940 1927 quam

209 1950 391 2002 politicis
409 1951 464 2006 3);
488 1950 596 1991 adeo
620 1963 661 1994 c.
684 1954 730 1991 ut
752 1962 829 2002 pro
853 1961 904 1991 eo
928 1949 1218 1990 confirmando
1234 1949 1483 2000 sanguinem
1504 1960 1628 1988 suum
1651 1945 1881 1998 profuderit
1895 1946 1944 1999 4).

210 2019 427 2073 Ejusmodi
449 2025 591 2062 autern
614 2021 902 2062 testimonium
926 2021 971 2064 d.
993 2020 1061 2061 ille
1084 2019 1223 2069 edidit,
1247 2019 1318 2072 qui
1340 2030 1390 2060 ex
1412 2022 1503 2059 tota
1524 2018 1610 2058 vita
1633 2017 1793 2058 alienus
1816 2028 1943 2069 quam

211 2092 396 2133 maxime
418 2096 597 2145 apparet
618 2091 672 2133 ab
696 2092 812 2133 omni
842 2091 963 2140 fastu,
994 2090 1176 2140 humilis,
1208 2090 1367 2143 gloriae
1390 2089 1465 2130 Dei
1487 2088 1831 2132 studiosissimus,
1854 2091 1941 2127 tam

211 2175 342 2214 purus
363 2166 406 2203 et
426 2168 610 2213 sanctus,
633 2167 680 2204 ut
701 2162 962 2204 confidenter
976 2161 1245 2203 adversarios
1268 2173 1368 2202 suos
1390 2172 1477 2201 non
1491 2159 1627 2200 solum
1644 2158 1855 2211 aequales,
1870 2157 1944 2198 sed

212 2237 254 2275 et
283 2236 475 2275 omnium
505 2240 759 2287 temporum.
781 2245 1019 2287 provocare
1042 2233 1247 2286 potuerit:
1279 2232 1380 2282 Quis
1411 2246 1460 2272 ex
1489 2230 1601 2270 vobis
1633 2233 1777 2283 arquet
1809 2229 1948 2339 pff
2134 2268 2175 2294 u

207 2304 409 2358 peccato?
427 2304 489 2348 .]ο.
506 2309 544 2355 8,
558 2308 626 2349 46.
649 2304 787 2345 Edidit
808 2317 909 2345 vero
933 2318 975 2348 e.
998 2303 1098 2345 illud
1121 2315 1289 2344 summa
1312 2302 1442 2343 animi
1455 2300 1755 2353 tranquillitate
1778 2300 1831 2340 et
1855 2312 1866 2338 1
1899 2263 2114 2338 uss-“dh

212 2375 290 2424 cia,
312 2375 391 2416 etsi
413 2377 530 2416 omni
551 2377 742 2428 potentia
764 2376 1000 2424 destitutus,
1032 2386 1207 2427 pauper,
1238 2378 1416 2426 spretus,
1447 2372 1501 2413 ab
1534 2370 1731 2412 omnibus
1762 2369 1944 2414 relictus,

212 2449 350 2486 morte
367 2445 459 2498 ⁸jam
482 2446 750 2487 damnandus
773 2450 875 2489 erat.
917 2445 1012 2486 Jam
1046 2457 1146 2486 vero
1173 2445 1257 2485 hoc
1278 2444 1568 2484 testimonium
1590 2442 1656 2483 vel
1677 2453 1859 2482 verum
1882 2444 1945 2479 est

357 2587 384 2631 ¹)
402 2587 534 2622 Matth.
555 2590 608 2627 11,
629 2590 650 2620 2
667 2599 733 2625 ss.;
752 2587 809 2621 .]ο.
827 2592 859 2629 4,
879 2590 923 2621 ‘25
944 2597 1008 2619 ssu:
1028 2588 1059 2626 6,
1078 2587 1133 2619 29.
1154 2588 1199 2619 38
1218 2596 1263 2618 ss.
1282 2586 1347 2620 etc.

358 2641 385 2686 2)
404 2641 510 2674 Pater
526 2652 622 2674 meus
639 2645 809 2684 operatur
827 2651 934 2684 usque
948 2640 1058 2683 modo,
1073 2645 1102 2673 et
1117 2650 1175 2683 eqo
1189 2650 1334 2682 operor:
1355 2663 1363 2671 .
1383 2668 1389 2674 .
1410 2665 1416 2671 .
1435 2640 1664 2680 Quaecunque
1686 2636 1774 2668 enim
1788 2635 1843 2667 ille
1860 2634 1945 2675 fece-

213 2695 272 2738 rit,
290 2695 374 2728 haec
390 2698 422 2727 et
440 2695 552 2727 Filius
567 2694 729 2727 similiter
745 2695 855 2737 facit.
872 2720 879 2726 .
895 2719 903 2726 .
926 2692 1024 2726 Sicut
1041 2694 1132 2726 enim
1152 2693 1257 2726 Pater
1273 2693 1374 2726 habet
1390 2694 1498 2725 vitum
1518 2693 1553 2723 ιή
1569 2690 1750 2731 semetipso
1762 2700 1773 2720 .·
1788 2688 1837 2719 sic
1854 2687 1942 2718 cledis

212 2752 243 2780 et
260 2747 352 2780 Ficta
369 2747 496 2780 habere
511 2748 617 2780 vitam
636 2748 672 2780 in
685 2750 865 2790 semetipso
883 2746 988 2780 Joan.
1009 2751 1039 2785 5,
1061 2747 1104 2780 17
1122 2757 1184 2781 ss.:
1222 2747 1419 2788 Antequam
1448 2744 1632 2776 Abraham
1658 2743 1754 2783 fieret
1781 2751 1838 2782 1²90
1867 2749 1942 2770 sum

213 2801 246 2841 8,
266 2802 328 2837 58³
348 2800 454 2834 Pater
479 2811 576 2833 meus
600 2801 692 2844 quod
718 2800 811 2833 dedit
834 2801 933 2842 mihi,
962 2800 1078 2833 maius
1105 2799 1264 2832 omnibus
1282 2803 1330 2831 est
1348 2825 1355 2832 .
1376 2824 1383 2830 .
1404 2823 1411 2829 .
1430 2797 1505 2838 E9›
1525 2800 1555 2829 et
1574 2797 1679 2828 Pater
1696 2804 1805 2826 unum
1824 2803 1946 2823 sumus

218 2857 271 2895 10,
290 2855 333 2887 29
352 2865 397 2891 s,:
419 2854 492 2897 Eyo
508 2865 586 2888 sum
603 2856 657 2888 σία
670 2858 702 2888 et
715 2856 843 2887 veritas
860 2859 889 2887 et
902 2855 994 2894 vita,·
1011 2853 1118 2886 Nemo
1133 2855 1223 2886 venit
1236 2853 1280 2886 ad
1294 2852 1433 2885 Patrem
1451 2851 1522 2883 m‘si
1531 2860 1596 2892 per
1609 2859 1662 2880 me
1680 2851 1731 2885 14,
1750 2848 1787 2882 6:
1809 2846 1943 2880 Omm'av

214 2918 437 2952 quaecunque
453 2908 552 2940 habet
578 2908 694 2950 Pater,
720 2918 797 2941 mea
822 2912 902 2940 sunt
930 2908 983 2946 16,
1008 2909 1066 2943 15:
1089 2906 1216 2939 Omnia
1242 2906 1329 2938 mihi
1353 2904 1436 2937 trad
1452 2908 1486 2936 ta
1513 2906 1593 2935 sunt
1620 2912 1641 2934 a
1661 2902 1765 2933 Patre
1791 2909 1872 2930 meo.
1901 2896 1944 2928 Et

214 2971 312 2994 nemo
327 2962 422 2995 novit
440 2961 572 2994 Filium
589 2961 660 2994 nisi
677 2961 781 2994 Pater
791 2973 805 3002 ;
833 2971 941 3003 neque
959 2961 1102 2993 Patrem
1119 2959 1197 3001 quis·
1213 2959 1307 2991 novit
1323 2957 1394 2990 nisi
1410 2956 1532 2997 Filius,
1551 2959 1580 2987 et
1598 2954 1655 2987 cui
1670 2952 1812 2985 voluerit
1832 2950 1947 2982 Filius

215 3015 368 3048 revelare
386 3013 514 3047 Matth.
541 3017 551 3046 1
567 3018 591 3051 1,
610 3015 673 3052 27;
692 3015 748 3051 21,
770 3016 811 3048 18
830 3025 856 3050 s,
875 3016 942 3047 etc.

359 3066 386 3112 ³)
404 3066 456 3101 Cf.
475 3066 530 3103 .]ο.
549 3071 581 3107 4,
603 3070 646 3101 25
665 3078 713 3105 S.;
734 3069 788 3107 18,
808 3068 867 3104 36;
886 3065 1016 3099 Matth.
1037 3067 1091 3104 26,
1111 3066 1157 3098 64
1175 3063 1241 3096 etc.
1386 3062 1414 3105 ⁴)
1431 3060 1485 3094 .]ο.
1508 3062 1560 3099 19,
1579 3060 1618 3092 7;
1639 3055 1768 3090 Matth.
1789 3056 1843 3093 26,
1864 3054 1919 3086 65.
