2175 3382
237 154 328 192 „tim
640 148 759 181 Tract.
782 147 841 181 Ill.
861 148 905 182 de
924 148 1098 192 primatu.
1120 147 1305 191 Principia
1323 147 1366 181 ad
1388 147 1582 181 solvendas

234 272 329 309 tatis
352 273 553 318 tamquam
577 283 680 308 meas
702 270 836 308 audire
859 270 1115 319 dignemini«
1141 269 1194 307 Cf.
1208 282 1266 317 ep.
1287 275 1377 309 112.
1398 277 1409 308 l
1430 276 1490 309 13.
1513 270 1816 308 Hormisdas
1844 284 1904 319 ep.
1930 278 1981 311 24

234 330 376 368 Jounni
398 329 661 367 tarraconensi
684 341 774 366 suas
797 342 866 378 per
890 329 1115 377 Hispaniam
1138 328 1243 365 vices
1267 328 1504 372 committit;
1527 340 1585 376 ep.
1612 334 1663 368 26
1682 329 1892 368 Sallusti-io
1915 343 1984 379 per

235 390 433 427 Baeticam
464 391 504 426 et
526 388 788 429 Lusitaniam:
821 400 878 437 ep.
905 394 955 425 >30
982 387 1202 436 Epiphanio
1227 388 1408 436 episcopo
1431 387 1499 425 ΟΡ.
1522 387 1570 424 ad
1594 387 1839 436 recipiendos
1862 389 1982 426 schis-

234 449 415 492 maticos;
439 447 772 485 Coelestinus
796 447 943 496 Cyrillo
965 447 1060 483 alex.
1085 447 1126 483 in
1149 459 1263 484 causa
1287 445 1462 483 Nestorii
1486 443 1540 498 (n.
1563 445 1676 497 382).
1700 448 1760 484 Ita
1781 460 1874 486 vero
1896 448 1984 486 aliis

234 510 386 556 partem
420 519 512 544 suae
542 507 796 545 committunt
823 505 1110 548 sollicitudinis,
1143 509 1190 542 ut
1212 517 1347 542 causas
1371 506 1571 554 graviores
1595 505 1670 542 sibi
1693 509 1904 552 reservent,
1937 518 1984 544 ut

234 569 343 615 patet
375 579 421 604 ex
443 566 574 603 verbis
608 565 907 603 Innocentii
939 566 1057 612 atque
1090 564 1352 601 Bonifatii
1388 577 1424 601 n.
1451 570 1532 604 378
1566 565 1697 602 allatis
1718 568 1759 603 et
1781 566 1982 610 Zosimi,

235 625 303 674 qui
337 639 395 675 ep.
426 633 439 665 l
476 625 524 662 ad
548 625 694 662 Galliae
727 625 926 672 episcopos
957 623 1133 672 praesuli
1165 623 1375 660 arelatensi
1400 623 1522 671 plura
1553 623 1731 661 concedit
1762 624 1980 674 privilegiu,

234 685 304 722 hac
334 687 465 722 tamen
496 684 689 721 clausula:
725 683 811 727 „Ad
844 683 955 731 cujus
984 682 1181 727 notitiam,
1216 683 1247 719 si
1271 682 1367 730 quid
1389 682 1472 719 illic
1494 683 1746 731 negotiorum
1768 684 1981 729 emerserit,

234 744 369 781 referri
389 756 602 787 censemus,
626 743 700 779 nisi
724 741 953 791 magnitudo
976 753 1115 778 causae
1138 741 1260 778 etiam
1282 744 1464 778 nostrum
1488 741 1667 790 requirat
1689 755 1860 780 examen.
1872 749 1888 765 ⁴<

361 826 457 867 384.
481 823 701 876 Principia
737 821 792 862 ad
823 820 1038 861 solvendas
1069 820 1350 874 difficultates.
1376 846 1431 851 -—
1454 820 1512 861 Ex
1544 821 1609 861 his
1632 820 1830 863 omnibus
1852 826 1980 875 patet,

236 899 396 947 quanta
418 893 542 934 fuerit
573 904 850 933 romanorum
873 891 1118 944 pontificum
1141 892 1184 931 in
1206 891 1449 932 universam
1466 891 1713 939 Ecclesiam,
1735 905 1822 934 non
1844 892 1982 934 solum

235 962 479 1005 Occidentis
502 963 578 1004 sed
604 968 645 1004 et
659 961 841 1004 Orientis
856 962 1100 1004 auctoritas.
1123 962 1308 1003 Dicimus
1331 963 1374 1003 in
1395 963 1712 1004 universam
1728 963 1980 1005 Ecclesiam:

235 1042 298 1078 tot
312 1037 424 1078 enim
438 1037 665 1077 attulimus
687 1035 799 1076 facta
822 1039 863 1076 et
885 1035 1129 1076 testimonia
1143 1046 1194 1075 ex
1209 1035 1421 1087 primariis
1436 1034 1626 1075 ecclesiis
1640 1035 1726 1076 scil.
1749 1035 1872 1076 alex
1885 1036 1950 1076 an
1962 1059 1980 1066 -

237 1107 419 1156 drina,
443 1107 802 1155 antiochena,
825 1105 1982 1158 constantinopolitana,utnulluspateatlocus

236 1178 503 1231 quorundam
534 1177 700 1230 effugio,
724 1177 844 1217 factis
867 1181 909 1218 et
930 1177 1197 1226 testimoniis,
1220 1187 1331 1229 quae
1355 1175 1495 1217 afferri
1517 1176 1667 1225 solent,
1699 1188 1786 1217 non
1808 1175 1982 1229 probari

236 1249 464 1301 primatum
486 1250 528 1289 in
555 1249 800 1290 universam
822 1247 1067 1297 Ecclesiam,
1099 1247 1174 1288 sed
1206 1251 1370 1289 tantum
1402 1247 1546 1289 nescio
1570 1259 1680 1300 quae
1698 1246 1798 1300 jura
1819 1251 1981 1288 metro-

236 1320 432 1372 politanis
455 1320 523 1361 vel
547 1319 801 1372 patriarchis
824 1319 1008 1371 propria,
1031 1319 1184 1371 quibus
1206 1319 1374 1360 romani
1397 1318 1585 1371 episcopi
1608 1318 1802 1370 praedita
1824 1330 1980 1359 conce-

238 1390 403 1440 duntur,
427 1391 541 1443 quod
566 1394 709 1431 essent
722 1389 1020 1442 metropolitae
1041 1389 1186 1431 Italiae
1210 1394 1252 1431 et
1273 1389 1543 1442 patriarchae
1558 1389 1765 1430 ecclesiae
1779 1389 1980 1430 occiden-

239 1461 343 1501 talis.
387 1460 513 1513 Atqui
545 1460 658 1501 facta
680 1459 809 1501 allata
843 1459 1028 1512 probant
1063 1459 1223 1500 nullum
1247 1471 1341 1500 esse
1364 1459 1450 1501 fere
1468 1460 1538 1512 jus
1560 1459 1739 1512 alicujus
1762 1462 1980 1509 momenti,

236 1531 349 1583 quod
365 1532 535 1572 romani
549 1531 737 1584 episcopi
758 1530 802 1571 in
823 1530 1076 1571 occidentali
1091 1535 1373 1572 exercuerunt
1387 1531 1578 1580 ecclesia,
1602 1530 1715 1584 quod
1737 1543 1825 1571 non
1847 1531 1976 1572 etiam

239 1615 315 1654 pro
348 1607 587 1656 temporum
610 1601 832 1654 adjunctis
864 1602 1064 1642 universa
1084 1600 1275 1642 Ecclesia
1295 1600 1565 1653 suffragante,
1598 1602 1864 1643 exercuerint
1884 1602 1914 1658 ¹)
1936 1602 1979 1642 in

237 1673 416 1715 ecclesia
438 1673 648 1715 orientali.
690 1673 829 1714 Tanta
850 1673 936 1714 scil.
959 1673 1035 1714 fuit
1055 1673 1224 1714 illorum
1247 1674 1481 1714 auctoritas
1502 1677 1549 1714 ut
1570 1685 1667 1714 eam
1690 1674 1762 1714 vix
1784 1672 1978 1726 magnifi-

241 1744 498 1786 centioribus
520 1744 660 1786 verbis
683 1745 942 1797 posteriores
964 1744 1185 1797 pontifices
1207 1744 1422 1796 potuerint
1437 1743 1691 1793 describere,
1713 1756 1841 1797 quam
1864 1743 1978 1784 illam

239 1815 362 1857 nobis
384 1820 631 1868 proponunt
657 1816 749 1868 J‘am
780 1827 862 1857 sec.
885 1815 950 1856 IV.
983 1820 1023 1856 et
1047 1814 1095 1856 V.
1120 1813 1378 1862 Siricius,
1411 1814 1794 1864 Innocentius,
1823 1814 1979 1855 Zosi-

240 1900 372 1937 mus,
404 1887 744 1935 Bonifatius,
775 1887 899 1937 Leo,
931 1885 1189 1928 Gelasius
1220 1890 1297 1928 etc.
1339 1885 1500 1927 Verum
1531 1885 1586 1926 ad
1608 1897 1781 1927 omnem
1804 1884 1979 1926 difficul-

239 1962 374 1998 tatum
396 1958 593 1999 umbram
619 1958 874 2010 abigendam
897 1957 1108 2011 quaedam
1131 1961 1367 1999 statuemus
1389 1957 1608 2009 principia,
1643 1956 1797 2010 quibus
1820 1960 1982 1998 attente

239 2029 484 2081 ponderatis
506 2029 629 2082 plura
650 2029 989 2070 elucidabuntur.

362 2113 402 2154 1.
426 2110 545 2152 Sicut
577 2112 621 2152 in
655 2112 804 2153 ordine
835 2111 1019 2152 naturali
1049 2124 1176 2153 omne
1209 2123 1364 2163 corpus
1396 2111 1645 2164 organicum
1676 2115 1718 2152 et
1747 2112 1902 2160 vivum,
1937 2111 1979 2151 in

240 2181 388 2222 ordine
409 2182 557 2223 sociali
579 2183 764 2224 societas
787 2182 1011 2235 quaelibet,
1032 2183 1076 2223 in
1097 2182 1246 2223 ordine
1267 2182 1405 2234 logico
1423 2181 1640 2234 quodlibet
1658 2182 1886 2222 veritatum
1909 2194 1979 2234 sy-

241 2255 377 2293 stema
400 2265 476 2294 seu
499 2253 719 2306 disciplina
742 2254 929 2306 quaevis,
961 2254 1004 2294 in
1031 2253 1179 2294 ordine
1201 2252 1516 2305 supernaturali
1537 2253 1630 2305 ipsa
1645 2251 1905 2304 justificatio,
1938 2253 1981 2293 in

389 2418 412 2463 ¹)
431 2418 484 2451 Cf.
512 2420 743 2453 Ratramn
760 2430 808 2453 us
836 2429 866 2452 c.
885 2418 1057 2462 opposita
1083 2427 1299 2462 graecorum
1320 2417 1344 2454 1.
1363 2423 1386 2451 4
1403 2429 1432 2451 c.
1452 2421 1475 2452 8
1502 2419 1621 2464 (Mig.
1643 2421 1719 2458 121,
1738 2419 1808 2451 334
1825 2418 1899 2460 ss),
1917 2416 1980 2459 qui

240 2470 455 2514 praesertim
475 2482 516 2505 ex
535 2472 649 2516 gestis
667 2472 734 2506 sub
755 2472 873 2506 Leone
891 2471 917 2504 I.
935 2471 1079 2505 romani
1098 2470 1282 2515 pontificis
1296 2470 1498 2515 primatum
1513 2471 1626 2506 etiam
1641 2481 1750 2515 super
1763 2469 1979 2513 episcopum

241 2522 307 2557 CP.
325 2524 470 2567 probat.
507 2524 611 2558 Unde
629 2524 879 2558 concludimus
898 2535 979 2558 cum
998 2524 1105 2558 Petro
1123 2524 1153 2558 D
1165 2535 1186 2558 a
1198 2524 1325 2558 mian
1337 2534 1357 2557 o
1385 2533 1441 2569 ep.
1461 2529 1492 2565 5,
1513 2525 1551 2558 in
1569 2535 1644 2568 qua
1659 2522 1843 2558 rationem
1859 2521 1980 2556 reddit

239 2576 490 2612 Hildebrando
510 2580 607 2612 card.
625 2589 760 2619 eorum,
779 2590 873 2623 quae
891 2579 1007 2622 legati
1025 2578 1206 2623 pontificii
1235 2589 1384 2613 munere
1411 2578 1569 2623 fungens
1596 2580 1770 2623 gesserat.
1806 2574 1980 2616 ,Privile-

240 2630 343 2675 gium
360 2642 533 2666 romanae
553 2631 735 2672 ecclesiae,
764 2632 899 2676 inquit,
926 2636 1084 2676 quantas
1112 2632 1248 2666 habeat
1275 2632 1370 2665 vires
1397 2632 1444 2665 ad
1471 2631 1689 2666 servandam
1707 2629 1905 2664 canonicae
1922 2640 1981 2663 ae-

241 2684 395 2729 quitatis
413 2689 450 2719 et
461 2685 631 2729 justitiae
648 2686 828 2730 regulam,
847 2688 1102 2730 quantumque
1116 2686 1280 2730 vigorem
1300 2685 1347 2719 ad
1365 2685 1629 2730 disponendam
1653 2683 1892 2719 ecclesiastici
1909 2684 1979 2717 sta-

240 2739 300 2772 tus
318 2738 508 2772 contineat
522 2738 766 2781 disciplinam,
786 2739 884 2773 solus
910 2739 973 2773 ille
991 2738 1153 2772 dilucide
1169 2738 1462 2783 comprehendit,
1477 2739 1541 2782 qui
1556 2737 1816 2772 ecclesiasticis
1829 2747 1979 2770 consue-

239 2791 296 2826 vit
311 2791 484 2825 insudare
501 2791 671 2836 negotiis
690 2790 794 2832 Quod
812 2793 941 2836 utique
958 2792 1196 2838 privilegium
1216 2793 1280 2837 qui
1302 2792 1515 2837 inexpertus
1540 2796 1594 2825 est
1612 2791 1861 2836 parvipendit,
1880 2800 1978 2824 exer-

241 2844 377 2878 citatus
395 2844 633 2888 amplectitur
651 2870 657 2877 .
679 2870 686 2877 .
707 2870 714 2878 .
734 2845 856 2879 Armis
884 2847 1008 2880 autem
1036 2845 1274 2891 privilegium
1302 2855 1475 2879 romanae
1495 2844 1668 2879 ecclesiae
1686 2855 1760 2878 non
1777 2844 1980 2887 incongrue

242 2896 542 2942 comparaverim,
560 2896 649 2940 quia
667 2896 753 2930 dum
770 2898 862 2932 haec
880 2910 956 2933 nna
972 2910 1038 2942 per
1054 2899 1267 2933 cathedram
1286 2899 1319 2932 b.
1339 2897 1439 2932 Petri
1456 2897 1572 2932 totius
1591 2896 1815 2931 christianae
1832 2895 1978 2941 religio-

240 2951 298 2985 nis
316 2951 429 2995 caput
446 2950 574 2984 effecta
593 2950 736 2984 cunctis
753 2951 791 2984 in
811 2951 898 2985 orbe
915 2952 1097 2985 terrarum
1115 2953 1345 2996 principetur
1358 2950 1532 2992 ecclesiis,
1547 2950 1649 2985 velut
1662 2950 1734 2984 dux
1750 2951 1835 2983 ante
1847 2949 1978 2983 faciem

240 3004 404 3039 fidelium
423 3003 550 3038 cuneis
578 3002 684 3044 fulta,
712 3014 754 3037 ac
781 3004 953 3048 specialis
976 3006 1259 3049 praerogativae
1286 3004 1507 3039 auctoritate
1537 3004 1693 3045 munita,
1711 3004 1750 3037 et
1767 3002 1979 3047 evangelieo

241 3068 413 3091 mucrone
431 3054 579 3090 veritati
598 3055 851 3090 resistentium
870 3057 1026 3092 cervices
1045 3058 1256 3098 obtruncat,
1276 3061 1313 3091 et
1330 3057 1376 3091 ad
1393 3056 1636 3091 invictissime
1656 3055 1906 3090 dimicandum
1923 3057 1977 3089 to-

240 3112 317 3144 tam
336 3109 475 3144 Christi
493 3109 669 3144 militiam
686 3109 725 3143 in
742 3109 849 3157 unius
869 3110 1035 3144 caritatis
1052 3121 1095 3144 ac
1112 3110 1197 3144 fidei
1215 3109 1464 3145 unanimitate
1482 3109 1702 3155 conspirat}
1766 3132 1776 3142 2
