2175 3382
930 135 1157 178 argumenta.
1823 139 1908 182 467

171 256 369 304 dixitque:
403 256 583 293 omnibus
615 256 719 293 enim
753 255 893 293 mediis
926 255 1106 292 humanis
1142 255 1355 293 destitutus
1376 256 1480 293 inter
1496 257 1661 305 judaeos
1685 257 1915 306 comparuit,

171 328 193 352 a
214 315 294 352 suis
317 327 392 353 non
416 317 608 363 receptus,
633 315 846 364 plerisque,
871 314 995 352 doctis
1018 313 1263 363 praesertim,
1279 314 1490 361 nobilibus,
1513 316 1742 364 potentibus
1765 316 1825 353 sui
1845 328 1914 365 po-

168 374 260 422 puli
282 386 435 411 exosus.

288 430 333 473 b.
355 433 501 482 Magn
515 432 666 470 itudo
688 432 890 481 promissi:
926 431 1125 480 promittit
1147 431 1253 468 enim
1276 432 1391 469 Petro
1415 431 1644 480 dignitatem
1669 433 1913 471 fundamenti

170 501 210 528 et
232 491 369 540 capitis
402 492 443 529 in
466 504 537 529 sua
558 492 729 529 Ecclesia
759 494 798 528 et
820 503 953 540 regno,
987 490 1093 538 quod
1116 489 1209 526 alibi
1232 489 1478 527 dilatandum
1501 490 1693 539 significat
1715 492 1761 529 ad
1783 504 1916 530 omnes

169 552 316 599 gentes,
341 550 388 587 ad
411 553 631 587 extremum
652 562 776 598 usque
798 552 947 587 terrae:
981 548 1181 597 promittit
1202 550 1438 597 potestatem
1462 561 1695 598 supremam,
1729 551 1914 600 indepen-

169 609 329 646 dentem
350 622 371 646 a
393 609 535 657 quavis
558 610 752 658 potestate
774 610 950 645 terrena:
975 608 1026 645 Et
1048 608 1116 644 tibi
1138 608 1233 644 dabo
1255 608 1375 645 claves
1396 609 1504 656 requi
1525 609 1711 646 coelorum
1726 607 1779 660 (n.
1797 607 1915 662 354).

289 677 331 708 (3.
355 668 761 705 Insufficientia
782 667 907 712 illius,
931 667 994 704 cui
1014 667 1115 704 facta
1137 668 1195 704 est
1215 666 1438 714 promissio:
1462 666 1541 703 fuit
1563 667 1667 704 enim
1689 668 1913 711 illiteratus.

169 726 332 764 humilis
354 727 588 764 conditionis
622 726 704 764 scil.
727 727 907 774 piscator,
941 738 1019 763 non
1053 725 1194 763 elevati
1223 725 1354 771 animi,
1387 737 1475 762 mox
1497 725 1600 762 enim
1627 727 1772 764 audiit:
1814 727 1916 764 Vade

162 790 253 834 post
275 799 345 833 me,
377 791 530 835 satana,
564 786 791 823 scandalum
814 798 850 822 es
872 785 990 822 mihi:
1023 786 1116 834 quia
1150 797 1226 822 non
1248 785 1358 832 sapis
1381 797 1422 821 ea
1453 797 1547 833 quae
1569 785 1642 822 Dei
1663 791 1763 834 sunt,
1787 787 1851 823 sed
1873 799 1916 824 ea

168 856 264 894 quae
284 845 480 882 homimem
501 845 552 884 ib,
582 852 647 889 16,
674 851 748 889 23;
771 844 964 890 infirmus,
989 844 1058 892 qui
1078 845 1215 892 postea
1238 856 1329 880 eum
1351 846 1412 881 ter
1433 845 1603 893 negavit.

289 901 332 944 d.
355 904 679 942 Adversariorum
703 900 973 953 potentia:
1007 915 1097 940 nam
1124 915 1202 940 non
1224 903 1350 940 solum
1372 902 1575 939 hominum
1597 903 1756 948 malitia,
1789 904 1856 941 sed
1877 907 1916 941 et

167 963 305 1010 port-ae
327 962 445 1000 inferi
468 963 752 1012 praedicuntur
774 962 1066 1000 insurrecturae
1089 961 1275 998 adversus
1300 961 1445 999 Christi
1467 962 1675 999 consilium
1699 959 1752 1015 (n.
1773 969 1849 1003 197
1867 960 1915 1015 4).

169 1021 338 1058 Satanas
361 1024 535 1071 expetivit
556 1034 633 1070 vos,
657 1026 698 1058 ut
719 1021 910 1059 cribraret
931 1022 1028 1058 sicut
1050 1022 1221 1058 triticum
1245 1017 1352 1072 (Luc.
1381 1026 1446 1067 22,
1473 1018 1555 1073 31).

286 1091 359 1129 Sed
376 1093 458 1141 jam
481 1092 756 1130 consideretur
769 1090 812 1133 2.
830 1105 849 1129 e
860 1105 884 1130 v
896 1105 953 1137 en
964 1094 982 1129 t
993 1105 1021 1129 u
1033 1104 1071 1136 s,
1096 1093 1135 1128 et
1150 1091 1310 1140 quidem
1324 1101 1367 1131 a.
1384 1091 1407 1128 d
1420 1105 1446 1130 u
1457 1104 1477 1128 r
1490 1092 1594 1129 atio
1616 1091 1812 1141 primatus
1828 1105 1914 1131 suc-

168 1163 363 1188 cessorum
396 1164 423 1189 s.
448 1153 574 1190 Petri:
608 1151 702 1189 dum
724 1164 845 1201 regna
866 1163 1004 1188 coaeva
1037 1163 1067 1188 s.
1092 1151 1208 1187 Petro
1231 1150 1435 1199 perierunt
1465 1151 1605 1194 omnia,
1638 1151 1752 1188 etiam
1777 1154 1914 1200 poten-

166 1209 333 1254 tissima,
366 1213 413 1247 ut
442 1211 574 1260 ipsum
607 1211 818 1258 imperium
851 1222 1056 1247 romanum
1083 1209 1159 1247 etsi
1181 1209 1322 1247 mediis
1345 1210 1528 1247 omnibus
1550 1210 1796 1248 naturalibus
1817 1212 1914 1248 vali-

168 1268 310 1317 disque
342 1269 713 1308 instructissimum:
745 1270 951 1318 perierunt
981 1271 1043 1306 tot
1075 1269 1153 1306 alia
1174 1281 1294 1318 regna
1316 1269 1594 1313 munitissima,
1627 1281 1726 1317 quae
1748 1269 1808 1307 illi
1829 1283 1915 1308 suc-

169 1330 381 1373 cesserunt,
414 1329 610 1378 primatus
633 1328 758 1365 adhuc
782 1328 900 1366 durat
922 1328 1005 1366 sine
1028 1328 1110 1365 ullo
1134 1327 1350 1365 senectutis
1373 1328 1496 1377 signo,
1529 1328 1607 1365 imo
1630 1340 1780 1377 semper
1802 1330 1914 1367 reflo-

167 1399 332 1432 rescens,
365 1388 484 1426 durat
514 1400 594 1426 non
627 1387 874 1425 obstantibus
906 1390 965 1425 tot
996 1387 1180 1436 procellis
1214 1385 1268 1439 (n.
1295 1384 1396 1440 298)
1423 1400 1467 1424 ex
1490 1387 1704 1436 primatum
1726 1388 1915 1426 electione

167 1446 216 1483 ab
238 1446 465 1484 hominibus
488 1447 590 1484 facta
612 1446 773 1485 obortis.

290 1503 338 1545 b.
361 1506 556 1554 primatus
580 1506 892 1554 amplitudo,
921 1518 1010 1542 cum
1033 1505 1218 1542 obnoxios
1239 1505 1379 1542 habeat
1410 1506 1575 1554 populos
1596 1505 1796 1553 plurimos,
1831 1507 1913 1544 cul-

172 1563 343 1602 tissimos
374 1566 414 1602 et
444 1566 639 1609 barbaros,
664 1564 808 1610 indole,
842 1565 1017 1601 moribus
1048 1564 1164 1613 plane
1196 1564 1381 1609 diversos,
1415 1566 1453 1600 et
1484 1564 1668 1602 obnoxios
1699 1564 1839 1602 habeat
1873 1566 1915 1603 in

172 1622 539 1661 rebus'difficilibus
562 1625 647 1670 fide,
672 1624 794 1667 cultu,
817 1624 1068 1661 matrimonio
1091 1625 1162 1661 etc.

291 1692 331 1723 (3.
353 1683 590 1721 Pontificum
611 1683 789 1732 ipsorum
812 1683 1077 1731 splendor,
1101 1694 1190 1719 cum
1212 1682 1384 1730 ipsorum
1405 1681 1567 1730 plurimi
1589 1682 1785 1720 emineant
1805 1683 1909 1721 vitae

173 1742 392 1787 sanctitate,
417 1742 613 1779 virtutum
634 1747 785 1786 ornatu,
811 1742 998 1786 doctrina,
1023 1741 1140 1779 rebus
1163 1740 1287 1791 gestis
1311 1738 1364 1793 (n.
1389 1747 1469 1781 337
1489 1738 1545 1792 3f);

291 1798 336 1842 (l.
361 1801 535 1838 hostium
558 1801 684 1838 omnis
707 1801 860 1850 generis
882 1801 923 1837 in
947 1801 1049 1850 ipsos
1071 1800 1371 1849 conjuratio
1395 1797 1447 1852 (n.
1473 1807 1552 1840 337
1572 1798 1627 1851 6);

292 1869 332 1900 θ.
359 1860 472 1897 relati
493 1860 746 1908 triumphi
774 1873 830 1898 ex.
845 1873 901 1909 gr.
916 1859 1055 1897 Leonis
1079 1859 1127 1895 M.
1152 1856 1207 1912 (n.
1224 1864 1333 1908 405),
1358 1859 1533 1908 Gregorii
1548 1860 1608 1903 M„
1625 1859 1801 1909 Gregorii
1816 1860 1910 1906 VH„

173 1918 393 1956 Innocentii
415 1919 495 1965 111„
519 1919 580 1956 Pii
600 1919 697 1964 VIL,
721 1919 780 1956 Pii
803 1919 879 1963 1X.‚
902 1919 1043 1956 Leonis
1066 1918 1168 1955 XIII.
1191 1920 1285 1963 etc.;

292 1975 329 2018 f.
354 1978 455 2015 mira
476 1979 668 2026 primatus
682 1978 731 2015 vi
745 1981 762 2014 t
775 1991 795 2015 a
817 1981 857 2015 et
870 1978 1010 2022 virtus,
1035 1990 1113 2026 qua
1127 1977 1307 2015 omnibus
1320 1977 1632 2023 necessitatibus,
1655 1978 1909 2026 temporibus,

173 2037 419 2086 negot-iorum
452 2037 766 2082 difficultatibus,
800 2036 1103 2085 tempestatibus
1129 2036 1440 2085 exsurgentibuS‚
1473 2037 1708 2085 populorum
1731 2037 1909 2075 culturae

173 2107 213 2132 se
236 2096 499 2133 accommodat
522 2098 560 2133 et
583 2096 786 2136 succurrit.

290 2166 389 2204 Vere
412 2168 553 2204 Petrus
586 2180 664 2204 non
696 2167 864 2204 moritur
884 2167 1048 2216 rogante
1070 2166 1222 2203 Christo
1244 2178 1313 2214 pro
1335 2166 1417 2214 ipso
1440 2166 1532 2203 Luc.
1559 2172 1623 2210 22,
1650 2172 1714 2206 32.
1757 2166 1912 2215 Diyitus

174 2225 248 2262 Dei
269 2231 321 2262 est
351 2227 410 2262 hic
431 2226 497 2263 Ex.
524 2232 559 2270 8,
589 2233 650 2266 19.
694 2226 832 2263 Merito
854 2237 1110 2274 provocamus
1132 2225 1362 2269 incredulos,
1394 2225 1630 2262 naturaliter
1651 2227 1697 2262 ut
1718 2226 1912 2274 explicent

173 2284 319 2322 factum
342 2285 412 2322 hoc
433 2285 749 2334 phaenomenale.
781 2285 963 2322 Rationes
985 2297 1126 2328 omnes,
1155 2295 1251 2332 quas
1273 2284 1444 2320 reddunt
1465 2284 1679 2330 naturales,
1704 2284 1764 2320 illi
1786 2285 1909 2334 expli-

175 2343 294 2381 cando
326 2356 403 2381 non
435 2346 528 2381 sunt
558 2356 668 2393 pares
704 2343 756 2394 (n.
782 2341 896 2395 338).
943 2344 1067 2387 Quare
1093 2342 1371 2380 recurrendum
1398 2343 1445 2379 ad
1468 2343 1736 2380 interventum
1758 2343 1840 2389 Dei,
1863 2344 1911 2381 ad

177 2402 393 2450 potentiam
414 2403 526 2440 illius
550 2403 619 2451 qui
642 2403 763 2440 dixit:
787 2403 868 2451 Eyo
893 2403 1097 2449 aedificabo
1119 2402 1328 2439 Ecclesiam
1349 2414 1469 2439 meam
1494 2401 1546 2452 (n.
1571 2399 1655 2455 65).

295 2472 500 2511 Occasione
532 2474 650 2521 hujus
681 2476 813 2510 textus
846 2476 983 2510 auctor
1015 2485 1145 2521 opusc.
1172 2479 1222 2512 20
1258 2484 1286 2508 s.
1310 2472 1475 2510 Thomae
1507 2470 1635 2525 (cujus
1667 2474 1803 2510 saltem
1834 2474 1859 2510 l.
1886 2480 1906 2513 3

176 2534 216 2568 et
239 2539 275 2571 4.
298 2532 457 2570 videtur
479 2545 563 2570 esse
586 2533 615 2569 T
628 2533 651 2569 h
664 2533 743 2569 olo
757 2546 793 2568 m
806 2545 826 2569 a
838 2533 882 2569 ei
906 2532 952 2569 de
974 2532 1078 2568 Luca
1100 2544 1130 2568 ο.
1147 2528 1225 2583 Pr.)
1248 2532 1272 2568 l.
1291 2537 1312 2571 3
1337 2543 1366 2568 c,
1395 2539 1442 2571 10
1467 2533 1636 2579 quatuor
1658 2545 1750 2580 prae
1771 2533 1909 2581 primis

175 2591 453 2628 consideranda
483 2592 686 2640 proponit:
719 2591 897 2628 Nominis
928 2590 1101 2639 impositi
1135 2603 1175 2627 m
1188 2603 1210 2627 a
1220 2602 1282 2639 gn
1294 2590 1307 2626 i
1318 2592 1335 2627 t
1346 2603 1373 2627 u
1385 2590 1469 2627 din
1482 2603 1501 2628 e
1511 2604 1549 2627 m
1582 2599 1593 2638 (
1606 2591 1662 2628 Tu
1684 2604 1721 2628 es
1742 2592 1909 2639 Petrus),

176 2649 338 2686 dominii
352 2650 398 2687 fo
410 2652 456 2687 rt
469 2651 482 2687 i
494 2653 510 2687 t
524 2663 550 2687 u
562 2651 584 2687 d
598 2651 647 2687 in
660 2663 678 2687 e
691 2663 728 2687 m
745 2654 894 2698 (portae
907 2650 1024 2696 inferi
1039 2661 1110 2686 non
1121 2649 1418 2697 praevalebunt),
1434 2649 1595 2687 dominii
1610 2663 1630 2687 a
1641 2663 1680 2687 m
1690 2663 1715 2699 p
1727 2651 1741 2687 1
1752 2651 1765 2687 i
1776 2653 1793 2687 t
1803 2664 1830 2687 ιι
1841 2651 1864 2687 d
1876 2651 1908 2686 i-

175 2721 202 2744 n
213 2721 233 2745 e
244 2722 283 2745 m
314 2710 450 2756 (claves
480 2711 588 2758 requi
618 2711 819 2754 coelorum)
862 2711 902 2746 et
932 2708 1107 2756 ejusdem
1138 2721 1163 2756 p
1174 2709 1188 2744 1
1199 2721 1219 2745 e
1230 2708 1280 2744 ni
1291 2711 1307 2744 t
1319 2721 1347 2745 ιι
1358 2708 1442 2745 din
1455 2721 1474 2745 e
1485 2722 1524 2745 m
1556 2711 1808 2758 (quaecunque
1835 2710 1907 2746 sol-

175 2769 273 2804 veris
295 2765 395 2820 ete).

297 2856 392 2890 452.
415 2851 459 2887 V.
480 2850 678 2888 Primatus
702 2863 881 2899 maynum
904 2850 1120 2896 beneficium
1143 2850 1292 2886 divinae
1306 2851 1568 2898 providentiae
1588 2848 1908 2898 supernaturalis.

297 2907 338 2948 1.
361 2909 431 2946 Est
454 2910 557 2946 enim
579 2923 616 2946 m
631 2910 798 2946 edium
821 2908 1071 2957 aptissimum
1093 2908 1313 2946 efficiendae
1336 2909 1696 2956 conservandaeque
1716 2909 1908 2945 Ecclesiae

178 2968 428 3007 unitatis.
463 2982 539 3016 qua
570 2969 707 3006 civitas
730 2969 799 3004 Dei
832 2968 1020 3004 excellere
1051 2967 1165 3004 debet
1190 2969 1230 3005 et
1251 2968 1442 3017 distingui
1465 2981 1486 3004 a
1508 2968 1667 3005 civitate
1689 2967 1836 3011 mundi,
1869 2970 1908 3003 et

178 3027 333 3074 quidem
357 3027 398 3063 in
419 3027 569 3075 triplici
591 3027 725 3064 ordine
751 3026 1142 3071 intellectuali,
1169 3027 1353 3064 morali
1384 3030 1423 3064 et
1455 3026 1651 3063 sociali.
1688 3026 1784 3062 Nam
1808 3026 1908 3062 sicut

177 3085 355 3123 Christus
388 3089 448 3123 est
477 3086 656 3134 princeps
687 3086 803 3134 pacis,
837 3084 1062 3122 concordiae
1089 3087 1234 3131 auctor,
1265 3085 1431 3122 unitatis
1453 3088 1611 3125 amator,
1643 3085 1698 3120 ita
1719 3084 1907 3121 antichri-

1625 3153 1668 3185 30
1680 3154 1693 3165 “
