2175 3382
187 145 274 186 504
528 138 646 173 Tract.
668 139 726 176 [V.
746 138 790 171 de
809 139 888 172 fide.
909 138 1096 173 Revelatio
1115 149 1188 172 non
1207 139 1421 173 adversatur
1438 138 1586 173 rationi.

188 259 295 298 haec
319 262 462 299 tamen
494 270 580 298 non
613 257 824 298 credimus
856 256 911 298 ob
943 257 1073 309 ipsius
1105 257 1417 306 auctoritatem,
1448 257 1523 298 sed
1546 256 1601 298 ob
1624 258 1926 300 auctoritatem

188 329 273 370 Dei.
325 328 470 379 „Quod
493 329 527 368 si
551 328 717 383 (fidelis)
750 328 850 369 dicit
881 341 927 369 se
959 328 1144 378 credere,
1179 328 1304 381 quia
1326 328 1426 369 dicit
1448 327 1645 377 Ecclesia,
1676 327 1776 368 illud
1798 328 1925 381 quia

188 412 274 440 non
297 399 396 439 dicit
419 399 629 440 rationem
653 398 864 447 credendi,
896 399 969 440 sed
1002 410 1177 439 causam
1210 398 1300 439 sine
1328 411 1412 452 qua
1435 411 1522 439 non
1552 403 1594 440 et
1625 398 1926 448 conditionem,

189 470 297 510 sicut
328 469 518 519 dicimus,
551 470 649 523 quia
682 471 843 511 accessi
875 470 970 522 igni,
1003 470 1233 511 calefactus
1264 475 1393 510 sum.“
1442 469 1503 510 Ita
1525 469 1750 510 Toletus
1771 470 1816 510 in
1838 473 1875 514 2.
1898 472 1925 514 2

192 554 229 593 q.
256 544 276 583 1
304 552 339 584 a.
367 544 387 584 1
413 541 545 582 concl.
571 546 606 585 3.
651 540 770 592 Quae
794 541 991 594 analysis‚
1014 553 1110 581 cum
1133 546 1285 593 sponte
1308 552 1386 581 sua
1408 546 1612 594 sequatur
1634 553 1686 582 ex
1707 541 1927 594 hucusque

190 612 323 659 dictis,
347 613 553 664 ampliore
575 612 827 664 probatione
850 625 937 653 non
959 612 1128 664 indiget.
1151 611 1208 653 Cf.
1232 610 1537 662 Sche‘eben,
1560 612 1631 665 qui
1653 617 1741 652 tam
1762 610 1926 652 Handb.

189 684 211 737 ξ
234 686 290 726 46
314 696 351 726 n.
369 687 465 728 824.
489 695 617 736 quam
641 683 719 723 KL.
736 687 797 730 52,
822 686 905 727 663
922 683 1107 724 ostendit
1128 683 1253 724 fidem
1276 683 1355 724 sub
1376 684 1494 724 omni
1517 686 1713 736 respectu
1734 683 1777 723 in
1790 681 1926 723 Deum

189 766 316 806 posse
338 754 505 802 resolvi,
538 755 608 806 qui
640 759 705 795 est
735 754 843 795 illius
875 753 1089 807 obJ'ectum
1123 753 1342 795 materiale
1363 755 1571 806 princeps,
1604 753 1810 794 motivum
1841 752 1927 794 for-

194 825 316 873 male,
341 825 622 877 promissione
637 836 740 866 suae
756 824 963 866 fruitionis
977 825 1240 866 voluntatem
1265 825 1318 866 ad
1340 824 1637 878 imperandum
1658 823 1754 865 fidei
1778 835 1926 865 assen-

189 909 282 937 sum
318 896 456 944 allicit,
489 895 656 936 motivis
689 895 991 945 credibilitatis,
1023 908 1133 949 quae
1165 901 1263 937 sunt
1295 896 1385 948 ejus
1417 896 1720 944 testimonium,
1751 895 1841 947 ipse
1873 893 1929 935 ad

190 979 286 1008 eam
310 966 478 1015 inducit,
510 969 645 1018 gratia
668 967 852 1020 adjuvat,
875 969 1135 1009 revelatione
1158 968 1359 1020 proponit
1381 967 1597 1020 objectum
1619 971 1662 1007 et
1682 965 1928 1019 magisterio

190 1036 403 1078 Ecclesiae
426 1049 529 1078 suae
552 1049 648 1079 eam
671 1037 809 1090 dirigit
830 1043 906 1079 etc.

912 1184 1101 1231 Sectio
1137 1183 1206 1232 Π.

278 1281 343 1314 De
365 1279 524 1314 habitu
546 1279 662 1315 inter
684 1280 1010 1315 revelationem
1033 1284 1077 1315 et
1098 1280 1335 1326 rationem,
1357 1280 1498 1314 fidem
1521 1282 1566 1315 et
1588 1279 1840 1318 seientiam.

309 1373 406 1414 487.
438 1369 651 1422 Exposita,
687 1375 893 1423 quantum
923 1382 999 1422 per
1030 1370 1329 1423 compendium
1361 1370 1489 1420 licuit,
1522 1369 1620 1411 fidei
1653 1369 1809 1422 genesi,
1838 1369 1931 1422 ,iam

193 1441 406 1494 quaedam
429 1441 656 1482 statuenda
678 1446 776 1482 sunt
798 1442 850 1483 de
872 1441 1022 1483 habitu
1043 1442 1152 1483 inter
1166 1442 1474 1483 revelationem
1496 1446 1538 1482 et
1558 1442 1782 1490 rationem,
1804 1439 1931 1481 fidem

194 1513 303 1553 inter
325 1517 367 1553 et
388 1513 622 1562 scientiam,
645 1525 741 1553 cum
763 1512 905 1565 plures
929 1513 1042 1553 circa
1064 1513 1177 1554 hunc
1191 1513 1385 1554 habitum
1398 1512 1556 1565 vulgati
1575 1510 1728 1553 fuerint
1751 1522 1932 1560 errores,

194 1595 375 1635 quorum
399 1583 469 1624 alii
492 1595 567 1635 per
581 1582 804 1632 defectum,
827 1596 902 1636 per
916 1596 1139 1625 excessum
1155 1584 1224 1624 alii
1238 1588 1429 1636 peccant.
1453 1583 1572 1635 Quae
1587 1588 1730 1625 autem
1745 1581 1932 1624 tenenda

191 1659 300 1703 sunt,
325 1654 379 1695 ad
401 1654 610 1707 quasdam
632 1655 946 1707 propositiones
968 1667 1043 1696 seu
1065 1655 1273 1707 principia
1295 1654 1603 1696 revocabimus.

314 1739 596 1793 Propositio
620 1738 658 1780 I.
703 1738 826 1791 „Etsi
846 1738 949 1791 fides
971 1739 1024 1779 sit
1045 1752 1178 1792 supra
1200 1739 1418 1790 rationem,
1445 1738 1561 1778 nulla
1584 1741 1722 1778 tamen
1745 1748 1932 1791 unquam

194 1810 303 1849 inter
332 1809 453 1860 fidem
488 1813 525 1848 et
557 1810 758 1850 rationem
791 1823 888 1850 vera
919 1810 1118 1850 dissensio
1145 1823 1228 1850 esse
1244 1813 1401 1863 potest:
1433 1821 1529 1850 cum
1560 1808 1674 1849 idem
1704 1807 1829 1856 Deus,
1861 1806 1935 1860 qui

193 1880 396 1933 mysteria
423 1879 585 1921 revelat
618 1884 659 1920 et
692 1879 817 1920 fidem
849 1879 1041 1929 infundit,
1073 1881 1215 1921 animo
1247 1880 1436 1921 humano
1459 1879 1637 1920 rationis
1658 1879 1802 1920 lumen
1822 1877 1932 1918 indi-

194 1950 326 1998 derit,
359 1950 471 1992 Deus
495 1956 638 1991 autem
661 1962 818 2002 negare
841 1951 1027 2003 seipsum
1050 1963 1138 1992 non
1159 1951 1306 2003 possit,
1338 1962 1418 1992 nec
1448 1962 1597 1992 verum
1619 1961 1721 1991 vero
1743 1961 1936 2002 unquam

194 2023 502 2064 contradicere.
545 2021 688 2062 Inanis
711 2026 853 2063 autem
878 2022 1227 2063 contradictionis
1249 2022 1413 2074 species
1438 2021 1538 2063 inde
1558 2021 1827 2074 potissimum
1849 2019 1934 2061 ori-

194 2098 273 2143 tur,
305 2094 419 2146 quod
448 2095 514 2135 vel
545 2094 641 2135 fidei
663 2094 864 2147 dogmata
896 2094 950 2135 ad
980 2098 1167 2135 mentem
1188 2093 1404 2136 Ecclesiae
1425 2093 1640 2135 intellecta
1670 2096 1712 2133 et
1741 2091 1937 2144 exposita

195 2177 283 2206 non
315 2165 481 2215 fuerint,
513 2166 579 2206 vel
612 2166 860 2218 opinionum
893 2170 1139 2206 commenta
1169 2177 1247 2217 pro
1274 2165 1452 2205 rationis
1475 2164 1610 2205 effatis
1633 2163 1874 2204 habeantur
1892 2162 1936 2219 1).

197 2233 378 2277 Omnem
409 2237 533 2288 igitur
565 2237 847 2278 assertionem
868 2237 1037 2278 veritati
1058 2236 1321 2277 illuminatae
1348 2235 1444 2276 fidei
1476 2235 1735 2276 contrariam
1760 2233 1936 2275 omnino

204 2306 355 2348 falsam
379 2319 472 2348 esse
496 2307 751 2349 definimus.“
790 2307 851 2349 lta
874 2308 1099 2348 concilium
1123 2307 1439 2348 vaticanum
1461 2318 1562 2350 sess
1579 2309 1710 2358 3cap.
1734 2309 1770 2350 3.
1798 2303 1937 2356 Quam

204 2377 443 2418 doctrinam
471 2378 560 2430 jam
592 2378 859 2420 inculcarunt
880 2378 982 2420 Leo
1005 2378 1054 2419 X.
1090 2380 1132 2419 in
1166 2377 1281 2419 bulla
1315 2376 1575 2430 „Apostolici
1608 2375 1860 2429 regiminis“,
1892 2374 1938 2414 in

198 2460 316 2489 conc.
338 2449 601 2489 lateranensi
623 2448 671 2490 V.
694 2449 819 2499 edita,
851 2454 893 2490 et
914 2448 1040 2490 Pius
1062 2448 1128 2490 IX.
1159 2449 1202 2489 in
1232 2448 1364 2489 literis
1386 2447 1611 2501 encyclicis
1633 2451 1671 2491 9.
1692 2445 1798 2490 Nov.
1823 2448 1936 2490 1846

199 2520 256 2575 (n.
279 2523 364 2564 496
384 2520 430 2574 7),
464 2519 618 2572 quibus
648 2521 691 2560 in
722 2521 852 2561 literis
874 2520 1087 2561 invehitur
1108 2520 1152 2560 in
1174 2531 1260 2569 eos,
1283 2519 1356 2572 qui
1378 2551 1393 2567 ‚‚
1407 2518 1691 2560 audacissime
1712 2517 1939 2565 blaterant,

198 2589 325 2631 fidem
347 2591 564 2631 humanae
587 2590 791 2642 refragari
813 2591 980 2632 rationi.
1023 2590 1116 2641 Quo
1140 2594 1254 2631 certe
1277 2588 1380 2630 nihil
1401 2588 1650 2638 dementius,
1677 2587 1780 2629 nihil
1801 2586 1938 2638 magis

198 2661 387 2713 impium,
409 2661 512 2701 nihil
535 2666 686 2702 contra
708 2662 844 2714 ipsam
859 2662 1069 2703 rationem
1085 2662 1220 2714 magis
1234 2672 1476 2713 repugnans
1499 2659 1596 2711 fingi
1617 2658 1686 2700 vel
1706 2657 1939 2710 excogitari

203 2736 390 2784 potest;“
429 2732 714 2785 reprobatque
737 2732 887 2786 syllabi
907 2746 1026 2785 prop.
1050 2737 1095 2778 6:
1137 2731 1315 2783 „Christi
1337 2731 1442 2772 fides
1464 2731 1680 2771 humanae
1701 2728 1940 2781 refragatur

199 2803 377 2851 rationi3
413 2803 640 2856 divinaque
662 2803 865 2844 revelatio
888 2808 976 2845 non
998 2803 1136 2845 solum
1157 2803 1261 2844 nihil
1281 2802 1467 2855 prodest,
1488 2813 1637 2842 verum
1660 2801 1791 2841 etiam
1813 2801 1942 2840 nocet

343 2955 368 2991 ¹)
386 2950 527 2992 Quibus
545 2949 638 2984 adde
657 2950 967 2984 contradictiones
986 2960 1071 2984 sane
1089 2949 1228 2983 multas
1245 2948 1334 2983 inde
1346 2948 1538 2993 profectas,
1558 2947 1657 2991 quod
1671 2944 1872 2980 disserendi
1889 2943 1940 2979 le-

199 3015 262 3051 ges
280 3005 467 3040 violentur
483 3005 524 3038 in
539 3002 823 3048 impugnatione
841 3004 1101 3047 mysteriorum
1121 3003 1215 3043 fidei,
1234 3002 1407 3046 quodque
1435 3011 1478 3035 ea
1501 3001 1548 3034 ab
1576 2999 1778 3035 incredulis
1803 2997 1942 3033 rationi

200 3059 478 3104 proclamentur
505 3057 701 3098 contraria,
731 3067 824 3100 quae
851 3058 1038 3100 nequeant
1063 3056 1305 3101 imaginando
1329 3053 1569 3100 apprehendi,
1597 3063 1670 3097 quo
1695 3054 1821 3086 tamen
1846 3049 1945 3096 nihil

199 3112 397 3150 indoctius.
