<?xml version="1.0" encoding="UTF-8"?>
<!DOCTYPE html PUBLIC "-//W3C//DTD XHTML 1.0 Transitional//EN"
    "http://www.w3.org/TR/xhtml1/DTD/xhtml1-transitional.dtd">
<html xmlns="http://www.w3.org/1999/xhtml" xml:lang="en" lang="en">
 <head>
  <title>
</title>
<meta http-equiv="Content-Type" content="text/html;charset=utf-8" />
  <meta name='ocr-system' content='tesseract 3.04.00' />
  <meta name='ocr-capabilities' content='ocr_page ocr_carea ocr_par ocr_line ocrx_word'/>
</head>
<body>
  <div class='ocr_page' id='page_1' title='image "./theologiaedogmat01hurt/theologiaedogmat01hurt_0237.png"; bbox 0 0 2175 3382; ppageno 0'>
   <div class='ocr_carea' id='block_1_1' title="bbox 594 131 1946 176">
    <p class='ocr_par' dir='ltr' id='par_1_1' title="bbox 594 131 1946 176">
     <span class='ocr_line' id='line_1_1' title="bbox 594 131 1946 176; baseline -0.001 -10"><span class='ocrx_word' id='word_1_1' title='bbox 594 132 721 166; x_wconf 84' lang='lat' dir='ltr'>Thesis</span> <span class='ocrx_word' id='word_1_2' title='bbox 741 131 811 166; x_wconf 87' lang='lat' dir='ltr'>XL.</span> <span class='ocrx_word' id='word_1_3' title='bbox 834 131 996 166; x_wconf 83' lang='lat' dir='ltr'>Ecclesia</span> <span class='ocrx_word' id='word_1_4' title='bbox 1014 132 1071 165; x_wconf 83' lang='lat' dir='ltr'>est</span> <span class='ocrx_word' id='word_1_5' title='bbox 1087 131 1242 165; x_wconf 84' lang='lat' dir='ltr'>societas</span> <span class='ocrx_word' id='word_1_6' title='bbox 1261 131 1566 175; x_wconf 81' lang='lat' dir='ltr'>supernaturalis.</span> <span class='ocrx_word' id='word_1_7' title='bbox 1864 135 1946 176; x_wconf 76' lang='lat'>227</span> 
     </span>
    </p>
   </div>
   <div class='ocr_carea' id='block_1_2' title="bbox 198 250 1951 2588">
    <p class='ocr_par' dir='ltr' id='par_1_2' title="bbox 216 250 1949 440">
     <span class='ocr_line' id='line_1_2' title="bbox 217 250 1949 305; baseline -0.002 -10"><span class='ocrx_word' id='word_1_8' title='bbox 217 254 350 295; x_wconf 89' lang='lat' dir='ltr'>sionis</span> <span class='ocrx_word' id='word_1_9' title='bbox 372 252 544 293; x_wconf 82' lang='lat' dir='ltr'>Christi:</span> <span class='ocrx_word' id='word_1_10' title='bbox 574 251 720 292; x_wconf 76' lang='lat' dir='ltr'>Euntes</span> <span class='ocrx_word' id='word_1_11' title='bbox 742 252 785 291; x_wconf 74' lang='lat' dir='ltr'>in</span> <span class='ocrx_word' id='word_1_12' title='bbox 808 251 1009 291; x_wconf 77' lang='lat' dir='ltr'>mundum</span> <span class='ocrx_word' id='word_1_13' title='bbox 1033 250 1269 290; x_wconf 77' lang='lat' dir='ltr'>universum</span> <span class='ocrx_word' id='word_1_14' title='bbox 1286 251 1529 303; x_wconf 75' lang='lat' dir='ltr'>praedicate</span> <span class='ocrx_word' id='word_1_15' title='bbox 1545 250 1814 305; x_wconf 70' lang='lat' dir='ltr'>Evanqeliicm</span> <span class='ocrx_word' id='word_1_16' title='bbox 1837 252 1949 292; x_wconf 83' lang='lat' dir='ltr'>omni</span> 
     </span>
     <span class='ocr_line' id='line_1_3' title="bbox 218 319 1948 375; baseline -0.003 -9"><span class='ocrx_word' id='word_1_17' title='bbox 218 329 446 366; x_wconf 76' lang='lat' dir='ltr'><em>creaturae.</em></span> <span class='ocrx_word' id='word_1_18' title='bbox 491 324 572 373; x_wconf 77' lang='lat' dir='ltr'>Qui</span> <span class='ocrx_word' id='word_1_19' title='bbox 594 323 811 363; x_wconf 75' lang='lat' dir='ltr'><em>crediderit</em></span> <span class='ocrx_word' id='word_1_20' title='bbox 843 325 878 362; x_wconf 89' lang='lat' dir='ltr'>et</span> <span class='ocrx_word' id='word_1_21' title='bbox 910 321 1149 374; x_wconf 62' lang='lat' dir='ltr'>baptizatus</span> <span class='ocrx_word' id='word_1_22' title='bbox 1169 319 1312 373; x_wconf 69' lang='lat' dir='ltr'>fuerit,</span> <span class='ocrx_word' id='word_1_23' title='bbox 1344 320 1483 361; x_wconf 70' lang='lat' dir='ltr'>salmis</span> <span class='ocrx_word' id='word_1_24' title='bbox 1508 322 1612 362; x_wconf 76' lang='lat' dir='ltr'>erit:</span> <span class='ocrx_word' id='word_1_25' title='bbox 1642 323 1711 375; x_wconf 75' lang='lat' dir='ltr'>qui</span> <span class='ocrx_word' id='word_1_26' title='bbox 1745 335 1834 362; x_wconf 69' lang='lat' dir='ltr'>vero</span> <span class='ocrx_word' id='word_1_27' title='bbox 1866 335 1948 361; x_wconf 75' lang='lat' dir='ltr'>non</span> 
     </span>
     <span class='ocr_line' id='line_1_4' title="bbox 216 391 1171 440; baseline -0.002 -5"><span class='ocrx_word' id='word_1_28' title='bbox 216 395 438 436; x_wconf 73' lang='lat' dir='ltr'><em>crediderit</em></span> <span class='ocrx_word' id='word_1_29' title='bbox 459 394 799 435; x_wconf 78' lang='lat' dir='ltr'><em>condemnabitur</em></span> <span class='ocrx_word' id='word_1_30' title='bbox 819 391 946 434; x_wconf 81' lang='lat' dir='ltr'>Mare.</span> <span class='ocrx_word' id='word_1_31' title='bbox 974 394 1038 440; x_wconf 82' lang='lat'>16,</span> <span class='ocrx_word' id='word_1_32' title='bbox 1064 394 1117 435; x_wconf 81' lang='lat'>15</span> <span class='ocrx_word' id='word_1_33' title='bbox 1139 403 1171 433; x_wconf 88' lang='lat' dir='ltr'>S.</span> 
     </span>
    </p>

    <p class='ocr_par' dir='ltr' id='par_1_3' title="bbox 198 460 1951 2505">
     <span class='ocr_line' id='line_1_5' title="bbox 336 460 1948 519; baseline -0.002 -12"><span class='ocrx_word' id='word_1_34' title='bbox 336 466 379 509; x_wconf 69' lang='lat'>4.</span> <span class='ocrx_word' id='word_1_35' title='bbox 404 465 536 506; x_wconf 87' lang='lat' dir='ltr'>Porro</span> <span class='ocrx_word' id='word_1_36' title='bbox 552 469 598 505; x_wconf 91' lang='lat' dir='ltr'>ut</span> <span class='ocrx_word' id='word_1_37' title='bbox 612 464 653 504; x_wconf 90' lang='lat' dir='ltr'>hi</span> <span class='ocrx_word' id='word_1_38' title='bbox 667 463 804 515; x_wconf 86' lang='lat' dir='ltr'>legati,</span> <span class='ocrx_word' id='word_1_39' title='bbox 819 463 890 515; x_wconf 87' lang='lat' dir='ltr'>qui</span> <span class='ocrx_word' id='word_1_40' title='bbox 904 474 981 514; x_wconf 90' lang='lat' dir='ltr'>pro</span> <span class='ocrx_word' id='word_1_41' title='bbox 997 462 1089 514; x_wconf 91' lang='lat' dir='ltr'>ipso</span> <span class='ocrx_word' id='word_1_42' title='bbox 1104 461 1315 512; x_wconf 82' lang='lat' dir='ltr'>legatione</span> <span class='ocrx_word' id='word_1_43' title='bbox 1331 460 1557 513; x_wconf 83' lang='lat' dir='ltr'>funguntur</span> <span class='ocrx_word' id='word_1_44' title='bbox 1572 463 1626 517; x_wconf 76' lang='grc'>(2.</span> <span class='ocrx_word' id='word_1_45' title='bbox 1640 461 1733 503; x_wconf 90' lang='lat' dir='ltr'>Cor.</span> <span class='ocrx_word' id='word_1_46' title='bbox 1746 466 1784 512; x_wconf 80' lang='lat'>5,</span> <span class='ocrx_word' id='word_1_47' title='bbox 1799 467 1852 507; x_wconf 76' lang='grc'>18</span> <span class='ocrx_word' id='word_1_48' title='bbox 1863 464 1948 519; x_wconf 76' lang='lat' dir='ltr'>ss),</span> 
     </span>
     <span class='ocr_line' id='line_1_6' title="bbox 216 531 1947 589; baseline -0.001 -11"><span class='ocrx_word' id='word_1_49' title='bbox 216 549 341 589; x_wconf 88' lang='lat' dir='ltr'>pares</span> <span class='ocrx_word' id='word_1_50' title='bbox 365 537 446 577; x_wconf 88' lang='lat' dir='ltr'>sint</span> <span class='ocrx_word' id='word_1_51' title='bbox 469 540 616 576; x_wconf 79' lang='lat' dir='ltr'>tantae</span> <span class='ocrx_word' id='word_1_52' title='bbox 638 534 840 582; x_wconf 77' lang='lat' dir='ltr'>missioni,</span> <span class='ocrx_word' id='word_1_53' title='bbox 864 545 938 574; x_wconf 90' lang='lat' dir='ltr'>eos</span> <span class='ocrx_word' id='word_1_54' title='bbox 961 543 1064 573; x_wconf 88' lang='lat' dir='ltr'>suae</span> <span class='ocrx_word' id='word_1_55' title='bbox 1086 532 1351 573; x_wconf 79' lang='lat' dir='ltr'>auctoritatis</span> <span class='ocrx_word' id='word_1_56' title='bbox 1373 531 1510 572; x_wconf 81' lang='lat' dir='ltr'>reddit</span> <span class='ocrx_word' id='word_1_57' title='bbox 1530 532 1756 584; x_wconf 83' lang='lat' dir='ltr'>participes</span> <span class='ocrx_word' id='word_1_58' title='bbox 1775 533 1830 587; x_wconf 91' lang='lat' dir='ltr'>(n.</span> <span class='ocrx_word' id='word_1_59' title='bbox 1849 534 1947 589; x_wconf 82' lang='lat'>115)</span> 
     </span>
     <span class='ocr_line' id='line_1_7' title="bbox 216 603 1949 660; baseline -0.003 -12"><span class='ocrx_word' id='word_1_60' title='bbox 216 612 345 660; x_wconf 89' lang='lat' dir='ltr'>atque</span> <span class='ocrx_word' id='word_1_61' title='bbox 366 607 521 647; x_wconf 82' lang='lat' dir='ltr'>virtute</span> <span class='ocrx_word' id='word_1_62' title='bbox 552 619 583 646; x_wconf 90' lang='lat' dir='ltr'>s.</span> <span class='ocrx_word' id='word_1_63' title='bbox 607 604 787 657; x_wconf 80' lang='lat' dir='ltr'>Spiritus</span> <span class='ocrx_word' id='word_1_64' title='bbox 808 604 977 644; x_wconf 83' lang='lat' dir='ltr'>instruit</span> <span class='ocrx_word' id='word_1_65' title='bbox 998 603 1204 658; x_wconf 80' lang='lat' dir='ltr'>(Accipite</span> <span class='ocrx_word' id='word_1_66' title='bbox 1226 603 1432 656; x_wconf 72' lang='lat' dir='ltr'>Spiritum</span> <span class='ocrx_word' id='word_1_67' title='bbox 1454 603 1514 658; x_wconf 78' lang='lat'>3.),</span> <span class='ocrx_word' id='word_1_68' title='bbox 1546 603 1653 643; x_wconf 89' lang='lat' dir='ltr'>adeo</span> <span class='ocrx_word' id='word_1_69' title='bbox 1686 608 1731 643; x_wconf 94' lang='lat' dir='ltr'>ut</span> <span class='ocrx_word' id='word_1_70' title='bbox 1761 603 1804 643; x_wconf 90' lang='lat' dir='ltr'>in</span> <span class='ocrx_word' id='word_1_71' title='bbox 1834 603 1949 644; x_wconf 89' lang='lat' dir='ltr'>hisce</span> 
     </span>
     <span class='ocr_line' id='line_1_8' title="bbox 215 674 1949 730; baseline -0.002 -12"><span class='ocrx_word' id='word_1_72' title='bbox 215 678 363 729; x_wconf 85' lang='lat' dir='ltr'>legatis</span> <span class='ocrx_word' id='word_1_73' title='bbox 384 678 474 730; x_wconf 90' lang='lat' dir='ltr'>ipse</span> <span class='ocrx_word' id='word_1_74' title='bbox 496 676 713 717; x_wconf 86' lang='lat' dir='ltr'>audiatur:</span> <span class='ocrx_word' id='word_1_75' title='bbox 736 675 816 725; x_wconf 75' lang='lat' dir='ltr'>Qui</span> <span class='ocrx_word' id='word_1_76' title='bbox 836 688 904 715; x_wconf 77' lang='lat' dir='ltr'>vos</span> <span class='ocrx_word' id='word_1_77' title='bbox 927 675 1060 728; x_wconf 72' lang='lat' dir='ltr'>cludit,</span> <span class='ocrx_word' id='word_1_78' title='bbox 1082 687 1144 714; x_wconf 86' lang='lat' dir='ltr'>me</span> <span class='ocrx_word' id='word_1_79' title='bbox 1167 674 1287 714; x_wconf 76' lang='lat' dir='ltr'>audit</span> <span class='ocrx_word' id='word_1_80' title='bbox 1298 688 1314 723; x_wconf 83' lang='lat'><em>;</em></span> <span class='ocrx_word' id='word_1_81' title='bbox 1335 675 1403 725; x_wconf 73' lang='lat' dir='ltr'>qui</span> <span class='ocrx_word' id='word_1_82' title='bbox 1423 686 1491 714; x_wconf 73' lang='lat' dir='ltr'>cos</span> <span class='ocrx_word' id='word_1_83' title='bbox 1513 675 1682 727; x_wconf 59' lang='lat' dir='ltr'>spernit,</span> <span class='ocrx_word' id='word_1_84' title='bbox 1708 688 1769 714; x_wconf 85' lang='lat' dir='ltr'>me</span> <span class='ocrx_word' id='word_1_85' title='bbox 1791 675 1949 727; x_wconf 75' lang='lat' dir='ltr'>spernit</span> 
     </span>
     <span class='ocr_line' id='line_1_9' title="bbox 218 744 1948 799; baseline -0.002 -10"><span class='ocrx_word' id='word_1_86' title='bbox 218 748 315 790; x_wconf 90' lang='lat' dir='ltr'>Luc.</span> <span class='ocrx_word' id='word_1_87' title='bbox 341 752 406 796; x_wconf 86' lang='lat'>10,</span> <span class='ocrx_word' id='word_1_88' title='bbox 435 751 498 796; x_wconf 83' lang='lat'>16,</span> <span class='ocrx_word' id='word_1_89' title='bbox 523 747 613 799; x_wconf 88' lang='lat' dir='ltr'>ipse</span> <span class='ocrx_word' id='word_1_90' title='bbox 637 758 712 799; x_wconf 89' lang='lat' dir='ltr'>per</span> <span class='ocrx_word' id='word_1_91' title='bbox 734 758 809 787; x_wconf 90' lang='lat' dir='ltr'>eos</span> <span class='ocrx_word' id='word_1_92' title='bbox 832 745 1016 798; x_wconf 83' lang='lat' dir='ltr'>baptizet</span> <span class='ocrx_word' id='word_1_93' title='bbox 1036 744 1099 786; x_wconf 80' lang='lat' dir='ltr'>JO.</span> <span class='ocrx_word' id='word_1_94' title='bbox 1126 748 1160 794; x_wconf 84' lang='lat'>1,</span> <span class='ocrx_word' id='word_1_95' title='bbox 1183 748 1251 793; x_wconf 82' lang='lat'>33,</span> <span class='ocrx_word' id='word_1_96' title='bbox 1274 745 1462 785; x_wconf 86' lang='lat' dir='ltr'>remittat</span> <span class='ocrx_word' id='word_1_97' title='bbox 1483 749 1660 796; x_wconf 86' lang='lat' dir='ltr'>peccata</span> <span class='ocrx_word' id='word_1_98' title='bbox 1682 748 1759 786; x_wconf 90' lang='lat' dir='ltr'>etc.</span> <span class='ocrx_word' id='word_1_99' title='bbox 1800 744 1948 785; x_wconf 88' lang='lat' dir='ltr'>Merito</span> 
     </span>
     <span class='ocr_line' id='line_1_10' title="bbox 198 815 1950 872; baseline -0.002 -12"><span class='ocrx_word' id='word_1_100' title='bbox 198 817 316 872; x_wconf 80' lang='lat' dir='ltr'>&#39;ergo</span> <span class='ocrx_word' id='word_1_101' title='bbox 349 818 581 859; x_wconf 81' lang='lat' dir='ltr'>declaravit</span> <span class='ocrx_word' id='word_1_102' title='bbox 615 830 735 859; x_wconf 85' lang='lat' dir='ltr'>conc.</span> <span class='ocrx_word' id='word_1_103' title='bbox 765 818 1080 858; x_wconf 88' lang='lat' dir='ltr'>vaticanum</span> <span class='ocrx_word' id='word_1_104' title='bbox 1113 817 1231 857; x_wconf 89' lang='lat' dir='ltr'>initio</span> <span class='ocrx_word' id='word_1_105' title='bbox 1263 827 1365 857; x_wconf 90' lang='lat' dir='ltr'>sess.</span> <span class='ocrx_word' id='word_1_106' title='bbox 1388 820 1436 859; x_wconf 83' lang='lat'>4:</span> <span class='ocrx_word' id='word_1_107' title='bbox 1474 815 1649 866; x_wconf 85' lang='lat' dir='ltr'>„Pastor</span> <span class='ocrx_word' id='word_1_108' title='bbox 1681 820 1878 857; x_wconf 89' lang='lat' dir='ltr'>aeternus</span> <span class='ocrx_word' id='word_1_109' title='bbox 1909 821 1950 857; x_wconf 89' lang='lat' dir='ltr'>et</span> 
     </span>
     <span class='ocr_line' id='line_1_11' title="bbox 217 886 1949 943; baseline -0.003 -12"><span class='ocrx_word' id='word_1_110' title='bbox 217 891 443 943; x_wconf 89' lang='lat' dir='ltr'>episcopus</span> <span class='ocrx_word' id='word_1_111' title='bbox 457 890 697 931; x_wconf 87' lang='lat' dir='ltr'>animarum</span> <span class='ocrx_word' id='word_1_112' title='bbox 713 894 968 937; x_wconf 86' lang='lat' dir='ltr'>nostrarum,</span> <span class='ocrx_word' id='word_1_113' title='bbox 990 892 1036 929; x_wconf 91' lang='lat' dir='ltr'>ut</span> <span class='ocrx_word' id='word_1_114' title='bbox 1049 886 1311 928; x_wconf 85' lang='lat' dir='ltr'>salutiferum</span> <span class='ocrx_word' id='word_1_115' title='bbox 1326 887 1628 939; x_wconf 86' lang='lat' dir='ltr'>redemptionis</span> <span class='ocrx_word' id='word_1_116' title='bbox 1643 899 1749 939; x_wconf 90' lang='lat' dir='ltr'>opus</span> <span class='ocrx_word' id='word_1_117' title='bbox 1764 898 1949 938; x_wconf 88' lang='lat' dir='ltr'>perenne</span> 
     </span>
     <span class='ocr_line' id='line_1_12' title="bbox 216 956 1950 1010; baseline -0.003 -7"><span class='ocrx_word' id='word_1_118' title='bbox 216 961 425 1010; x_wconf 90' lang='lat' dir='ltr'>redderet,</span> <span class='ocrx_word' id='word_1_119' title='bbox 458 965 652 1002; x_wconf 82' lang='lat' dir='ltr'>sanctam</span> <span class='ocrx_word' id='word_1_120' title='bbox 675 959 901 1001; x_wconf 85' lang='lat' dir='ltr'>aedificare</span> <span class='ocrx_word' id='word_1_121' title='bbox 923 959 1156 1000; x_wconf 88' lang='lat' dir='ltr'>Ecclesiam</span> <span class='ocrx_word' id='word_1_122' title='bbox 1178 958 1397 999; x_wconf 87' lang='lat' dir='ltr'>decrevit.“</span> <span class='ocrx_word' id='word_1_123' title='bbox 1447 957 1608 1010; x_wconf 80' lang='lat' dir='ltr'>Duplex</span> <span class='ocrx_word' id='word_1_124' title='bbox 1631 962 1774 998; x_wconf 87' lang='lat' dir='ltr'>autem</span> <span class='ocrx_word' id='word_1_125' title='bbox 1797 956 1950 998; x_wconf 84' lang='lat' dir='ltr'>Christi</span> 
     </span>
     <span class='ocr_line' id='line_1_13' title="bbox 216 1028 1950 1085; baseline -0.003 -12"><span class='ocrx_word' id='word_1_126' title='bbox 216 1045 322 1085; x_wconf 90' lang='lat' dir='ltr'>opus</span> <span class='ocrx_word' id='word_1_127' title='bbox 345 1032 602 1083; x_wconf 83' lang='lat' dir='ltr'>distinguere</span> <span class='ocrx_word' id='word_1_128' title='bbox 625 1035 812 1084; x_wconf 88' lang='lat' dir='ltr'>oportet;</span> <span class='ocrx_word' id='word_1_129' title='bbox 846 1031 1038 1080; x_wconf 86' lang='lat' dir='ltr'>alterum,</span> <span class='ocrx_word' id='word_1_130' title='bbox 1068 1042 1152 1082; x_wconf 86' lang='lat' dir='ltr'>quo</span> <span class='ocrx_word' id='word_1_131' title='bbox 1184 1041 1264 1070; x_wconf 88' lang='lat' dir='ltr'>nos</span> <span class='ocrx_word' id='word_1_132' title='bbox 1291 1029 1488 1070; x_wconf 87' lang='lat' dir='ltr'>redemit:</span> <span class='ocrx_word' id='word_1_133' title='bbox 1521 1033 1563 1069; x_wconf 83' lang='lat' dir='ltr'>et</span> <span class='ocrx_word' id='word_1_134' title='bbox 1593 1029 1675 1069; x_wconf 90' lang='lat' dir='ltr'>hoc</span> <span class='ocrx_word' id='word_1_135' title='bbox 1707 1028 1877 1081; x_wconf 89' lang='lat' dir='ltr'>quidem</span> <span class='ocrx_word' id='word_1_136' title='bbox 1907 1028 1950 1068; x_wconf 89' lang='lat' dir='ltr'>in</span> 
     </span>
     <span class='ocr_line' id='line_1_14' title="bbox 213 1101 1948 1154; baseline -0.002 -11"><span class='ocrx_word' id='word_1_137' title='bbox 213 1115 342 1143; x_wconf 89' lang='lat' dir='ltr'>cruce</span> <span class='ocrx_word' id='word_1_138' title='bbox 374 1103 699 1150; x_wconf 83' lang='lat' dir='ltr'>consummavit,</span> <span class='ocrx_word' id='word_1_139' title='bbox 735 1114 835 1142; x_wconf 89' lang='lat' dir='ltr'>nam</span> <span class='ocrx_word' id='word_1_140' title='bbox 868 1102 992 1142; x_wconf 79' lang='lat' dir='ltr'>unica</span> <span class='ocrx_word' id='word_1_141' title='bbox 1024 1101 1226 1142; x_wconf 75' lang='lat' dir='ltr'>oblatione</span> <span class='ocrx_word' id='word_1_142' title='bbox 1257 1101 1551 1141; x_wconf 77' lang='lat' dir='ltr'>consummavit</span> <span class='ocrx_word' id='word_1_143' title='bbox 1583 1101 1628 1139; x_wconf 76' lang='lat' dir='ltr'>in</span> <span class='ocrx_word' id='word_1_144' title='bbox 1658 1101 1948 1154; x_wconf 66' lang='lat' dir='ltr'>sempiternum</span> 
     </span>
     <span class='ocr_line' id='line_1_15' title="bbox 215 1170 1949 1227; baseline -0.003 -12"><span class='ocrx_word' id='word_1_145' title='bbox 215 1174 494 1227; x_wconf 75' lang='lat' dir='ltr'>sanctificatos</span> <span class='ocrx_word' id='word_1_146' title='bbox 518 1173 642 1217; x_wconf 87' lang='lat' dir='ltr'>Hebr.</span> <span class='ocrx_word' id='word_1_147' title='bbox 661 1177 725 1222; x_wconf 82' lang='lat'>10,</span> <span class='ocrx_word' id='word_1_148' title='bbox 746 1177 820 1221; x_wconf 84' lang='lat'>14;</span> <span class='ocrx_word' id='word_1_149' title='bbox 844 1173 1035 1221; x_wconf 88' lang='lat' dir='ltr'>alterum,</span> <span class='ocrx_word' id='word_1_150' title='bbox 1058 1184 1141 1224; x_wconf 89' lang='lat' dir='ltr'>quo</span> <span class='ocrx_word' id='word_1_151' title='bbox 1164 1171 1375 1224; x_wconf 87' lang='lat' dir='ltr'>passionis</span> <span class='ocrx_word' id='word_1_152' title='bbox 1398 1183 1502 1212; x_wconf 90' lang='lat' dir='ltr'>suae</span> <span class='ocrx_word' id='word_1_153' title='bbox 1524 1171 1677 1212; x_wconf 88' lang='lat' dir='ltr'>merita</span> <span class='ocrx_word' id='word_1_154' title='bbox 1698 1171 1741 1211; x_wconf 91' lang='lat' dir='ltr'>in</span> <span class='ocrx_word' id='word_1_155' title='bbox 1763 1170 1949 1223; x_wconf 88' lang='lat' dir='ltr'>singulos</span> 
     </span>
     <span class='ocr_line' id='line_1_16' title="bbox 216 1241 1948 1298; baseline -0.003 -12"><span class='ocrx_word' id='word_1_156' title='bbox 216 1245 379 1286; x_wconf 89' lang='lat' dir='ltr'>derivat</span> <span class='ocrx_word' id='word_1_157' title='bbox 401 1245 547 1298; x_wconf 89' lang='lat' dir='ltr'>eisque</span> <span class='ocrx_word' id='word_1_158' title='bbox 570 1245 764 1297; x_wconf 78' lang='lat' dir='ltr'>applicat,</span> <span class='ocrx_word' id='word_1_159' title='bbox 796 1250 842 1284; x_wconf 90' lang='lat' dir='ltr'>ut</span> <span class='ocrx_word' id='word_1_160' title='bbox 872 1243 1019 1284; x_wconf 89' lang='lat' dir='ltr'>salutis</span> <span class='ocrx_word' id='word_1_161' title='bbox 1050 1243 1276 1295; x_wconf 88' lang='lat' dir='ltr'>participes</span> <span class='ocrx_word' id='word_1_162' title='bbox 1299 1246 1397 1283; x_wconf 88' lang='lat' dir='ltr'>actu</span> <span class='ocrx_word' id='word_1_163' title='bbox 1419 1241 1663 1283; x_wconf 87' lang='lat' dir='ltr'>reddantur.</span> <span class='ocrx_word' id='word_1_164' title='bbox 1704 1241 1795 1282; x_wconf 93' lang='lat' dir='ltr'>Hoc</span> <span class='ocrx_word' id='word_1_165' title='bbox 1816 1241 1948 1293; x_wconf 89' lang='lat' dir='ltr'>appli-</span> 
     </span>
     <span class='ocr_line' id='line_1_17' title="bbox 213 1312 1951 1369; baseline -0.002 -12"><span class='ocrx_word' id='word_1_166' title='bbox 213 1317 396 1358; x_wconf 83' lang='lat' dir='ltr'>cationis</span> <span class='ocrx_word' id='word_1_167' title='bbox 419 1329 538 1369; x_wconf 87' lang='lat' dir='ltr'>opus,</span> <span class='ocrx_word' id='word_1_168' title='bbox 564 1315 677 1368; x_wconf 87' lang='lat' dir='ltr'>quod</span> <span class='ocrx_word' id='word_1_169' title='bbox 700 1320 741 1356; x_wconf 91' lang='lat' dir='ltr'>et</span> <span class='ocrx_word' id='word_1_170' title='bbox 763 1315 852 1367; x_wconf 90' lang='lat' dir='ltr'>ipse</span> <span class='ocrx_word' id='word_1_171' title='bbox 874 1314 1049 1355; x_wconf 90' lang='lat' dir='ltr'>visibilis</span> <span class='ocrx_word' id='word_1_172' title='bbox 1071 1315 1114 1354; x_wconf 92' lang='lat' dir='ltr'>in</span> <span class='ocrx_word' id='word_1_173' title='bbox 1137 1313 1259 1355; x_wconf 89' lang='lat' dir='ltr'>terris</span> <span class='ocrx_word' id='word_1_174' title='bbox 1282 1313 1439 1364; x_wconf 87' lang='lat' dir='ltr'>degens</span> <span class='ocrx_word' id='word_1_175' title='bbox 1460 1313 1599 1365; x_wconf 83' lang='lat' dir='ltr'>gessit,</span> <span class='ocrx_word' id='word_1_176' title='bbox 1622 1312 1676 1353; x_wconf 90' lang='lat' dir='ltr'>ab</span> <span class='ocrx_word' id='word_1_177' title='bbox 1698 1312 1886 1353; x_wconf 86' lang='lat' dir='ltr'>Ecclesia</span> <span class='ocrx_word' id='word_1_178' title='bbox 1909 1317 1951 1353; x_wconf 91' lang='lat' dir='ltr'>et</span> 
     </span>
     <span class='ocr_line' id='line_1_18' title="bbox 214 1384 1948 1439; baseline -0.002 -11"><span class='ocrx_word' id='word_1_179' title='bbox 214 1399 290 1439; x_wconf 89' lang='lat' dir='ltr'>per</span> <span class='ocrx_word' id='word_1_180' title='bbox 311 1387 546 1428; x_wconf 86' lang='lat' dir='ltr'>Ecclesiam</span> <span class='ocrx_word' id='word_1_181' title='bbox 569 1391 632 1428; x_wconf 88' lang='lat' dir='ltr'>est</span> <span class='ocrx_word' id='word_1_182' title='bbox 655 1385 1000 1427; x_wconf 88' lang='lat' dir='ltr'>continuandum.</span> <span class='ocrx_word' id='word_1_183' title='bbox 1044 1384 1166 1436; x_wconf 85' lang='lat' dir='ltr'>Quod</span> <span class='ocrx_word' id='word_1_184' title='bbox 1189 1385 1396 1437; x_wconf 86' lang='lat' dir='ltr'>colligitur</span> <span class='ocrx_word' id='word_1_185' title='bbox 1417 1385 1545 1425; x_wconf 85' lang='lat' dir='ltr'>etiam</span> <span class='ocrx_word' id='word_1_186' title='bbox 1577 1389 1619 1425; x_wconf 90' lang='lat' dir='ltr'>et</span> <span class='ocrx_word' id='word_1_187' title='bbox 1644 1384 1876 1425; x_wconf 87' lang='lat' dir='ltr'>illustratur</span> <span class='ocrx_word' id='word_1_188' title='bbox 1897 1396 1948 1425; x_wconf 78' lang='lat' dir='ltr'>ex</span> 
     </span>
     <span class='ocr_line' id='line_1_19' title="bbox 214 1455 1947 1511; baseline -0.003 -12"><span class='ocrx_word' id='word_1_189' title='bbox 214 1458 508 1511; x_wconf 82' lang='lat' dir='ltr'>appellatione,</span> <span class='ocrx_word' id='word_1_190' title='bbox 523 1470 607 1511; x_wconf 88' lang='lat' dir='ltr'>qua</span> <span class='ocrx_word' id='word_1_191' title='bbox 618 1457 807 1498; x_wconf 83' lang='lat' dir='ltr'>Ecclesia</span> <span class='ocrx_word' id='word_1_192' title='bbox 821 1462 909 1498; x_wconf 85' lang='lat' dir='ltr'>tam</span> <span class='ocrx_word' id='word_1_193' title='bbox 924 1457 1170 1498; x_wconf 88' lang='lat' dir='ltr'>solemniter</span> <span class='ocrx_word' id='word_1_194' title='bbox 1183 1460 1363 1497; x_wconf 86' lang='lat' dir='ltr'>vocatur</span> <span class='ocrx_word' id='word_1_195' title='bbox 1376 1469 1524 1510; x_wconf 79' lang='lat' dir='ltr'>corpus</span> <span class='ocrx_word' id='word_1_196' title='bbox 1543 1455 1696 1496; x_wconf 75' lang='lat' dir='ltr'>Christi</span> <span class='ocrx_word' id='word_1_197' title='bbox 1711 1458 1765 1511; x_wconf 87' lang='lat' dir='ltr'>(n.</span> <span class='ocrx_word' id='word_1_198' title='bbox 1779 1459 1863 1500; x_wconf 79' lang='grc' dir='ltr'>2Οὸ</span> <span class='ocrx_word' id='word_1_199' title='bbox 1875 1457 1947 1510; x_wconf 84' lang='lat' dir='ltr'>ss.)</span> 
     </span>
     <span class='ocr_line' id='line_1_20' title="bbox 212 1524 1947 1582; baseline -0.002 -13"><span class='ocrx_word' id='word_1_200' title='bbox 212 1529 273 1570; x_wconf 82' lang='lat' dir='ltr'>Ex</span> <span class='ocrx_word' id='word_1_201' title='bbox 304 1530 385 1571; x_wconf 90' lang='lat' dir='ltr'>hac</span> <span class='ocrx_word' id='word_1_202' title='bbox 417 1530 530 1571; x_wconf 90' lang='lat' dir='ltr'>enim</span> <span class='ocrx_word' id='word_1_203' title='bbox 562 1529 763 1582; x_wconf 86' lang='lat' dir='ltr'>sequitur,</span> <span class='ocrx_word' id='word_1_204' title='bbox 798 1528 1098 1569; x_wconf 89' lang='lat' dir='ltr'>oeconomiam</span> <span class='ocrx_word' id='word_1_205' title='bbox 1128 1527 1170 1567; x_wconf 92' lang='lat' dir='ltr'>in</span> <span class='ocrx_word' id='word_1_206' title='bbox 1203 1538 1331 1568; x_wconf 89' lang='lat' dir='ltr'>carne</span> <span class='ocrx_word' id='word_1_207' title='bbox 1363 1531 1404 1567; x_wconf 87' lang='lat' dir='ltr'>et</span> <span class='ocrx_word' id='word_1_208' title='bbox 1434 1538 1509 1579; x_wconf 90' lang='lat' dir='ltr'>per</span> <span class='ocrx_word' id='word_1_209' title='bbox 1536 1537 1709 1566; x_wconf 88' lang='lat' dir='ltr'>carnem</span> <span class='ocrx_word' id='word_1_210' title='bbox 1733 1538 1757 1566; x_wconf 91' lang='lat' dir='ltr'>a</span> <span class='ocrx_word' id='word_1_211' title='bbox 1780 1524 1947 1566; x_wconf 89' lang='lat' dir='ltr'>Christo</span> 
     </span>
     <span class='ocr_line' id='line_1_21' title="bbox 213 1595 1948 1653; baseline -0.003 -11"><span class='ocrx_word' id='word_1_212' title='bbox 213 1605 455 1653; x_wconf 89' lang='lat' dir='ltr'>susceptam</span> <span class='ocrx_word' id='word_1_213' title='bbox 479 1613 576 1641; x_wconf 91' lang='lat' dir='ltr'>cum</span> <span class='ocrx_word' id='word_1_214' title='bbox 599 1600 768 1641; x_wconf 86' lang='lat' dir='ltr'>mortali</span> <span class='ocrx_word' id='word_1_215' title='bbox 791 1598 981 1652; x_wconf 84' lang='lat' dir='ltr'>ejusdem</span> <span class='ocrx_word' id='word_1_216' title='bbox 1003 1598 1090 1638; x_wconf 88' lang='lat' dir='ltr'>vita</span> <span class='ocrx_word' id='word_1_217' title='bbox 1112 1597 1352 1638; x_wconf 89' lang='lat' dir='ltr'>nullatenus</span> <span class='ocrx_word' id='word_1_218' title='bbox 1375 1597 1562 1645; x_wconf 88' lang='lat' dir='ltr'>desiisse,</span> <span class='ocrx_word' id='word_1_219' title='bbox 1594 1596 1668 1637; x_wconf 89' lang='lat' dir='ltr'>sed</span> <span class='ocrx_word' id='word_1_220' title='bbox 1696 1596 1739 1636; x_wconf 92' lang='lat' dir='ltr'>in</span> <span class='ocrx_word' id='word_1_221' title='bbox 1760 1595 1948 1636; x_wconf 88' lang='lat' dir='ltr'>Ecclesia</span> 
     </span>
     <span class='ocr_line' id='line_1_22' title="bbox 213 1667 1947 1724; baseline -0.003 -11"><span class='ocrx_word' id='word_1_222' title='bbox 213 1676 256 1713; x_wconf 90' lang='lat' dir='ltr'>et</span> <span class='ocrx_word' id='word_1_223' title='bbox 288 1684 363 1724; x_wconf 85' lang='lat' dir='ltr'>per</span> <span class='ocrx_word' id='word_1_224' title='bbox 397 1671 628 1712; x_wconf 87' lang='lat' dir='ltr'>Ecclesiam</span> <span class='ocrx_word' id='word_1_225' title='bbox 665 1671 914 1720; x_wconf 87' lang='lat' dir='ltr'>continuari,</span> <span class='ocrx_word' id='word_1_226' title='bbox 954 1671 1035 1711; x_wconf 91' lang='lat' dir='ltr'>hoc</span> <span class='ocrx_word' id='word_1_227' title='bbox 1069 1674 1214 1710; x_wconf 90' lang='lat' dir='ltr'>tamen</span> <span class='ocrx_word' id='word_1_228' title='bbox 1249 1669 1502 1717; x_wconf 89' lang='lat' dir='ltr'>discrimine,</span> <span class='ocrx_word' id='word_1_229' title='bbox 1537 1668 1650 1721; x_wconf 86' lang='lat' dir='ltr'>quod</span> <span class='ocrx_word' id='word_1_230' title='bbox 1685 1668 1800 1719; x_wconf 88' lang='lat' dir='ltr'>prius</span> <span class='ocrx_word' id='word_1_231' title='bbox 1833 1667 1947 1708; x_wconf 89' lang='lat' dir='ltr'>illam</span> 
     </span>
     <span class='ocr_line' id='line_1_23' title="bbox 214 1739 1947 1795; baseline -0.003 -11"><span class='ocrx_word' id='word_1_232' title='bbox 214 1741 404 1784; x_wconf 88' lang='lat' dir='ltr'>Christus</span> <span class='ocrx_word' id='word_1_233' title='bbox 429 1743 658 1795; x_wconf 77' lang='lat' dir='ltr'>expleverit</span> <span class='ocrx_word' id='word_1_234' title='bbox 689 1744 731 1783; x_wconf 91' lang='lat' dir='ltr'>in</span> <span class='ocrx_word' id='word_1_235' title='bbox 763 1741 964 1793; x_wconf 80' lang='lat' dir='ltr'>singulari</span> <span class='ocrx_word' id='word_1_236' title='bbox 985 1741 1263 1789; x_wconf 86' lang='lat' dir='ltr'>humanitate,</span> <span class='ocrx_word' id='word_1_237' title='bbox 1294 1752 1423 1792; x_wconf 89' lang='lat' dir='ltr'>quam</span> <span class='ocrx_word' id='word_1_238' title='bbox 1445 1739 1525 1780; x_wconf 89' lang='lat' dir='ltr'>sibi</span> <span class='ocrx_word' id='word_1_239' title='bbox 1548 1750 1598 1779; x_wconf 79' lang='lat' dir='ltr'>ex</span> <span class='ocrx_word' id='word_1_240' title='bbox 1620 1739 1790 1792; x_wconf 82' lang='lat' dir='ltr'>Virgine</span> <span class='ocrx_word' id='word_1_241' title='bbox 1812 1739 1947 1792; x_wconf 83' lang='lat' dir='ltr'>hypo-</span> 
     </span>
     <span class='ocr_line' id='line_1_24' title="bbox 212 1809 1948 1865; baseline -0.002 -11"><span class='ocrx_word' id='word_1_242' title='bbox 212 1814 365 1860; x_wconf 83' lang='lat' dir='ltr'>statice</span> <span class='ocrx_word' id='word_1_243' title='bbox 396 1814 553 1855; x_wconf 88' lang='lat' dir='ltr'>univit:</span> <span class='ocrx_word' id='word_1_244' title='bbox 582 1817 733 1865; x_wconf 88' lang='lat' dir='ltr'>postea</span> <span class='ocrx_word' id='word_1_245' title='bbox 755 1813 934 1853; x_wconf 88' lang='lat' dir='ltr'>eandem</span> <span class='ocrx_word' id='word_1_246' title='bbox 958 1812 1012 1852; x_wconf 91' lang='lat' dir='ltr'>ad</span> <span class='ocrx_word' id='word_1_247' title='bbox 1035 1811 1449 1852; x_wconf 84' lang='lat' dir='ltr'>consummationem</span> <span class='ocrx_word' id='word_1_248' title='bbox 1472 1822 1605 1863; x_wconf 85' lang='lat' dir='ltr'>usque</span> <span class='ocrx_word' id='word_1_249' title='bbox 1628 1810 1760 1851; x_wconf 87' lang='lat' dir='ltr'>seculi</span> <span class='ocrx_word' id='word_1_250' title='bbox 1782 1809 1948 1862; x_wconf 82' lang='lat' dir='ltr'>expleat</span> 
     </span>
     <span class='ocr_line' id='line_1_25' title="bbox 215 1882 1947 1937; baseline -0.003 -11"><span class='ocrx_word' id='word_1_251' title='bbox 215 1886 257 1927; x_wconf 89' lang='lat' dir='ltr'>in</span> <span class='ocrx_word' id='word_1_252' title='bbox 279 1884 479 1931; x_wconf 87' lang='lat' dir='ltr'>Ecclesia,</span> <span class='ocrx_word' id='word_1_253' title='bbox 503 1896 630 1937; x_wconf 84' lang='lat' dir='ltr'>quam</span> <span class='ocrx_word' id='word_1_254' title='bbox 653 1883 731 1924; x_wconf 89' lang='lat' dir='ltr'>sibi</span> <span class='ocrx_word' id='word_1_255' title='bbox 754 1896 805 1924; x_wconf 78' lang='lat' dir='ltr'>ex</span> <span class='ocrx_word' id='word_1_256' title='bbox 828 1884 1026 1924; x_wconf 87' lang='lat' dir='ltr'>universo</span> <span class='ocrx_word' id='word_1_257' title='bbox 1041 1882 1261 1923; x_wconf 90' lang='lat' dir='ltr'>hominum</span> <span class='ocrx_word' id='word_1_258' title='bbox 1277 1893 1428 1933; x_wconf 84' lang='lat' dir='ltr'>genere</span> <span class='ocrx_word' id='word_1_259' title='bbox 1452 1893 1531 1922; x_wconf 90' lang='lat' dir='ltr'>ceu</span> <span class='ocrx_word' id='word_1_260' title='bbox 1552 1882 1768 1933; x_wconf 88' lang='lat' dir='ltr'>proprium</span> <span class='ocrx_word' id='word_1_261' title='bbox 1792 1892 1947 1932; x_wconf 86' lang='lat' dir='ltr'>corpus</span> 
     </span>
     <span class='ocr_line' id='line_1_26' title="bbox 213 1952 1947 2006; baseline -0.003 -9"><span class='ocrx_word' id='word_1_262' title='bbox 213 1956 404 1998; x_wconf 85' lang='lat' dir='ltr'>adscivit.</span> <span class='ocrx_word' id='word_1_263' title='bbox 427 1955 615 1996; x_wconf 87' lang='lat' dir='ltr'>Dicimus</span> <span class='ocrx_word' id='word_1_264' title='bbox 630 1959 772 1995; x_wconf 87' lang='lat' dir='ltr'>autem</span> <span class='ocrx_word' id='word_1_265' title='bbox 789 1953 1001 1995; x_wconf 82' lang='lat' dir='ltr'>Christum</span> <span class='ocrx_word' id='word_1_266' title='bbox 1024 1966 1100 2006; x_wconf 89' lang='lat' dir='ltr'>per</span> <span class='ocrx_word' id='word_1_267' title='bbox 1112 1953 1344 1994; x_wconf 87' lang='lat' dir='ltr'>Ecclesiam</span> <span class='ocrx_word' id='word_1_268' title='bbox 1368 1957 1409 1994; x_wconf 87' lang='lat' dir='ltr'>et</span> <span class='ocrx_word' id='word_1_269' title='bbox 1431 1953 1474 1992; x_wconf 91' lang='lat' dir='ltr'>in</span> <span class='ocrx_word' id='word_1_270' title='bbox 1488 1952 1677 1992; x_wconf 89' lang='lat' dir='ltr'>Ecclesia</span> <span class='ocrx_word' id='word_1_271' title='bbox 1699 1965 1822 1992; x_wconf 90' lang='lat' dir='ltr'>suum</span> <span class='ocrx_word' id='word_1_272' title='bbox 1840 1965 1947 2004; x_wconf 91' lang='lat' dir='ltr'>opus</span> 
     </span>
     <span class='ocr_line' id='line_1_27' title="bbox 212 2022 1947 2078; baseline -0.003 -10"><span class='ocrx_word' id='word_1_273' title='bbox 212 2028 463 2069; x_wconf 89' lang='lat' dir='ltr'>continuare</span> <span class='ocrx_word' id='word_1_274' title='bbox 495 2027 518 2066; x_wconf 91' lang='lat' dir='ltr'>i.</span> <span class='ocrx_word' id='word_1_275' title='bbox 552 2038 586 2067; x_wconf 89' lang='lat' dir='ltr'>e.</span> <span class='ocrx_word' id='word_1_276' title='bbox 623 2026 792 2078; x_wconf 89' lang='lat' dir='ltr'>operari</span> <span class='ocrx_word' id='word_1_277' title='bbox 814 2025 998 2066; x_wconf 85' lang='lat' dir='ltr'>fidelium</span> <span class='ocrx_word' id='word_1_278' title='bbox 1021 2025 1201 2065; x_wconf 89' lang='lat' dir='ltr'>salutem</span> <span class='ocrx_word' id='word_1_279' title='bbox 1219 2037 1296 2078; x_wconf 79' lang='lat' dir='ltr'>per</span> <span class='ocrx_word' id='word_1_280' title='bbox 1317 2023 1560 2076; x_wconf 71' lang='lat' dir='ltr'>Ecclesiam,</span> <span class='ocrx_word' id='word_1_281' title='bbox 1593 2027 1802 2075; x_wconf 89' lang='lat' dir='ltr'>quatenus</span> <span class='ocrx_word' id='word_1_282' title='bbox 1833 2022 1947 2064; x_wconf 86' lang='lat' dir='ltr'>salus</span> 
     </span>
     <span class='ocr_line' id='line_1_28' title="bbox 214 2093 1950 2150; baseline -0.002 -12"><span class='ocrx_word' id='word_1_283' title='bbox 214 2098 428 2139; x_wconf 88' lang='lat' dir='ltr'>obtinetur</span> <span class='ocrx_word' id='word_1_284' title='bbox 459 2097 659 2138; x_wconf 82' lang='lat' dir='ltr'>exercitio</span> <span class='ocrx_word' id='word_1_285' title='bbox 692 2097 914 2150; x_wconf 90' lang='lat' dir='ltr'>potestatis</span> <span class='ocrx_word' id='word_1_286' title='bbox 946 2096 1151 2148; x_wconf 88' lang='lat' dir='ltr'>apostolis</span> <span class='ocrx_word' id='word_1_287' title='bbox 1181 2094 1320 2136; x_wconf 86' lang='lat' dir='ltr'>factae</span> <span class='ocrx_word' id='word_1_288' title='bbox 1354 2093 1545 2143; x_wconf 90' lang='lat' dir='ltr'>docendi,</span> <span class='ocrx_word' id='word_1_289' title='bbox 1579 2093 1873 2134; x_wconf 87' lang='lat' dir='ltr'>sanctificandi</span> <span class='ocrx_word' id='word_1_290' title='bbox 1907 2098 1950 2135; x_wconf 86' lang='lat' dir='ltr'>et</span> 
     </span>
     <span class='ocr_line' id='line_1_29' title="bbox 213 2164 1947 2221; baseline -0.003 -11"><span class='ocrx_word' id='word_1_291' title='bbox 213 2169 399 2221; x_wconf 81' lang='lat' dir='ltr'>regendi,</span> <span class='ocrx_word' id='word_1_292' title='bbox 431 2173 520 2209; x_wconf 92' lang='lat' dir='ltr'>tum</span> <span class='ocrx_word' id='word_1_293' title='bbox 546 2168 688 2209; x_wconf 89' lang='lat' dir='ltr'>debita</span> <span class='ocrx_word' id='word_1_294' title='bbox 711 2168 931 2208; x_wconf 91' lang='lat' dir='ltr'>hominum</span> <span class='ocrx_word' id='word_1_295' title='bbox 955 2178 1055 2218; x_wconf 86' lang='lat' dir='ltr'>erga</span> <span class='ocrx_word' id='word_1_296' title='bbox 1077 2166 1191 2207; x_wconf 90' lang='lat' dir='ltr'>illam</span> <span class='ocrx_word' id='word_1_297' title='bbox 1214 2165 1574 2213; x_wconf 86' lang='lat' dir='ltr'>subordinatione,</span> <span class='ocrx_word' id='word_1_298' title='bbox 1607 2164 1759 2217; x_wconf 86' lang='lat' dir='ltr'>quibus</span> <span class='ocrx_word' id='word_1_299' title='bbox 1781 2164 1947 2205; x_wconf 89' lang='lat' dir='ltr'>duobus</span> 
     </span>
     <span class='ocr_line' id='line_1_30' title="bbox 212 2235 1947 2292; baseline -0.002 -12"><span class='ocrx_word' id='word_1_300' title='bbox 212 2240 432 2280; x_wconf 88' lang='lat' dir='ltr'>elementis</span> <span class='ocrx_word' id='word_1_301' title='bbox 455 2240 578 2280; x_wconf 90' lang='lat' dir='ltr'>simul</span> <span class='ocrx_word' id='word_1_302' title='bbox 596 2239 754 2292; x_wconf 84' lang='lat' dir='ltr'>junctis</span> <span class='ocrx_word' id='word_1_303' title='bbox 776 2239 1045 2279; x_wconf 85' lang='lat' dir='ltr'>constituitur</span> <span class='ocrx_word' id='word_1_304' title='bbox 1067 2237 1265 2280; x_wconf 86' lang='lat' dir='ltr'>Ecclesia.</span> <span class='ocrx_word' id='word_1_305' title='bbox 1308 2236 1495 2277; x_wconf 89' lang='lat' dir='ltr'>Dicimus</span> <span class='ocrx_word' id='word_1_306' title='bbox 1527 2236 1654 2276; x_wconf 89' lang='lat' dir='ltr'>etiam</span> <span class='ocrx_word' id='word_1_307' title='bbox 1686 2236 1798 2276; x_wconf 91' lang='lat' dir='ltr'>hunc</span> <span class='ocrx_word' id='word_1_308' title='bbox 1820 2235 1947 2276; x_wconf 83' lang='lat' dir='ltr'>tinem</span> 
     </span>
     <span class='ocr_line' id='line_1_31' title="bbox 213 2305 1946 2362; baseline -0.003 -11"><span class='ocrx_word' id='word_1_309' title='bbox 213 2310 395 2351; x_wconf 86' lang='lat' dir='ltr'>obtineri</span> <span class='ocrx_word' id='word_1_310' title='bbox 429 2311 474 2350; x_wconf 80' lang='lat' dir='ltr'>in</span> <span class='ocrx_word' id='word_1_311' title='bbox 506 2310 700 2360; x_wconf 78' lang='lat' dir='ltr'>Ecclesia,</span> <span class='ocrx_word' id='word_1_312' title='bbox 742 2315 951 2362; x_wconf 88' lang='lat' dir='ltr'>quatenus</span> <span class='ocrx_word' id='word_1_313' title='bbox 982 2308 1068 2351; x_wconf 89' lang='lat' dir='ltr'>scil.</span> <span class='ocrx_word' id='word_1_314' title='bbox 1098 2309 1294 2349; x_wconf 90' lang='lat' dir='ltr'>homines</span> <span class='ocrx_word' id='word_1_315' title='bbox 1324 2306 1658 2348; x_wconf 89' lang='lat' dir='ltr'>subordinantur</span> <span class='ocrx_word' id='word_1_316' title='bbox 1689 2305 1946 2347; x_wconf 87' lang='lat' dir='ltr'>doctoribus.</span> 
     </span>
     <span class='ocr_line' id='line_1_32' title="bbox 213 2367 1947 2432; baseline -0.002 -11"><span class='ocrx_word' id='word_1_317' title='bbox 213 2381 609 2425; x_wconf 70' lang='lat' dir='ltr'>sanctificatoribus,</span> <span class='ocrx_word' id='word_1_318' title='bbox 642 2380 880 2421; x_wconf 85' lang='lat' dir='ltr'>rectoribus</span> <span class='ocrx_word' id='word_1_319' title='bbox 911 2380 1019 2420; x_wconf 89' lang='lat' dir='ltr'>suis:</span> <span class='ocrx_word' id='word_1_320' title='bbox 1051 2391 1135 2432; x_wconf 87' lang='lat' dir='ltr'>quo</span> <span class='ocrx_word' id='word_1_321' title='bbox 1167 2367 1258 2431; x_wconf 83' lang='lat' dir='ltr'>ipso</span> <span class='ocrx_word' id='word_1_322' title='bbox 1291 2382 1388 2419; x_wconf 88' lang='lat' dir='ltr'>sunt</span> <span class='ocrx_word' id='word_1_323' title='bbox 1408 2378 1451 2418; x_wconf 90' lang='lat' dir='ltr'>in</span> <span class='ocrx_word' id='word_1_324' title='bbox 1473 2376 1660 2418; x_wconf 89' lang='lat' dir='ltr'>Ecclesia</span> <span class='ocrx_word' id='word_1_325' title='bbox 1682 2382 1828 2430; x_wconf 83' lang='lat' dir='ltr'>utpote</span> <span class='ocrx_word' id='word_1_326' title='bbox 1851 2389 1947 2418; x_wconf 87' lang='lat' dir='ltr'>eam</span> 
     </span>
     <span class='ocr_line' id='line_1_33' title="bbox 216 2451 1025 2505; baseline -0.001 -14"><span class='ocrx_word' id='word_1_327' title='bbox 216 2452 534 2493; x_wconf 86' lang='lat' dir='ltr'>constituentes.</span> <span class='ocrx_word' id='word_1_328' title='bbox 578 2451 634 2495; x_wconf 89' lang='lat' dir='ltr'>Cf.</span> <span class='ocrx_word' id='word_1_329' title='bbox 659 2451 917 2492; x_wconf 86' lang='lat' dir='ltr'>Palmieri</span> <span class='ocrx_word' id='word_1_330' title='bbox 941 2452 962 2505; x_wconf 65' lang='grc' dir='ltr'>ξ</span> <span class='ocrx_word' id='word_1_331' title='bbox 986 2455 1025 2494; x_wconf 79' lang='grc'>4.</span> 
     </span>
    </p>

    <p class='ocr_par' dir='ltr' id='par_1_4' title="bbox 329 2534 1945 2588">
     <span class='ocr_line' id='line_1_34' title="bbox 329 2534 1945 2588; baseline -0.002 -7"><span class='ocrx_word' id='word_1_332' title='bbox 329 2536 426 2578; x_wconf 64' lang='lat'>2⁰5·</span> <span class='ocrx_word' id='word_1_333' title='bbox 457 2534 625 2577; x_wconf 78' lang='lat' dir='ltr'>TheSiS</span> <span class='ocrx_word' id='word_1_334' title='bbox 657 2534 758 2577; x_wconf 78' lang='lat' dir='ltr'>XL·</span> <span class='ocrx_word' id='word_1_335' title='bbox 822 2549 1063 2587; x_wconf 77' lang='lat' dir='ltr'>Perspecto</span> <span class='ocrx_word' id='word_1_336' title='bbox 1082 2546 1312 2579; x_wconf 79' lang='lat' dir='ltr'>Ecclesiae</span> <span class='ocrx_word' id='word_1_337' title='bbox 1335 2546 1427 2586; x_wconf 78' lang='lat' dir='ltr'>fine</span> <span class='ocrx_word' id='word_1_338' title='bbox 1452 2547 1678 2588; x_wconf 72' lang='lat' dir='ltr'>sequitur,</span> <span class='ocrx_word' id='word_1_339' title='bbox 1695 2546 1945 2579; x_wconf 76' lang='lat' dir='ltr'>Ecclesiam</span> 
     </span>
    </p>
   </div>
   <div class='ocr_carea' id='block_1_3' title="bbox 211 2605 1945 2709">
    <p class='ocr_par' dir='ltr' id='par_1_5' title="bbox 211 2605 1945 2709">
     <span class='ocr_line' id='line_1_35' title="bbox 211 2605 1945 2648; baseline -0.002 -7"><span class='ocrx_word' id='word_1_340' title='bbox 211 2616 305 2641; x_wconf 86' lang='lat' dir='ltr'>esse</span> <span class='ocrx_word' id='word_1_341' title='bbox 332 2609 587 2641; x_wconf 79' lang='lat' dir='ltr'>societatem</span> <span class='ocrx_word' id='word_1_342' title='bbox 617 2606 1041 2648; x_wconf 73' lang='lat' dir='ltr'>supernaturalem,</span> <span class='ocrx_word' id='word_1_343' title='bbox 1068 2615 1099 2638; x_wconf 80' lang='grc' dir='ltr'>α</span> <span class='ocrx_word' id='word_1_344' title='bbox 1123 2606 1336 2639; x_wconf 78' lang='lat' dir='ltr'>societate</span> <span class='ocrx_word' id='word_1_345' title='bbox 1372 2605 1495 2639; x_wconf 77' lang='lat' dir='ltr'>civili</span> <span class='ocrx_word' id='word_1_346' title='bbox 1531 2608 1572 2639; x_wconf 87' lang='lat' dir='ltr'>et</span> <span class='ocrx_word' id='word_1_347' title='bbox 1609 2606 1816 2647; x_wconf 67' lang='lat' dir='ltr'>politica,</span> <span class='ocrx_word' id='word_1_348' title='bbox 1842 2614 1945 2638; x_wconf 78' lang='lat' dir='ltr'>nec-</span> 
     </span>
     <span class='ocr_line' id='line_1_36' title="bbox 214 2665 1485 2709; baseline -0.002 -8"><span class='ocrx_word' id='word_1_349' title='bbox 214 2676 309 2701; x_wconf 77' lang='lat' dir='ltr'>non</span> <span class='ocrx_word' id='word_1_350' title='bbox 335 2669 376 2700; x_wconf 86' lang='lat' dir='ltr'>et</span> <span class='ocrx_word' id='word_1_351' title='bbox 402 2675 432 2699; x_wconf 87' lang='grc' dir='ltr'><em>α</em></span> <span class='ocrx_word' id='word_1_352' title='bbox 458 2666 613 2700; x_wconf 79' lang='lat' dir='ltr'>schola</span> <span class='ocrx_word' id='word_1_353' title='bbox 636 2666 959 2709; x_wconf 66' lang='lat' dir='ltr'>philosophica</span> <span class='ocrx_word' id='word_1_354' title='bbox 982 2674 1176 2706; x_wconf 74' lang='lat' dir='ltr'>prorsus</span> <span class='ocrx_word' id='word_1_355' title='bbox 1202 2665 1485 2699; x_wconf 75' lang='lat' dir='ltr'>distinctam.</span> 
     </span>
    </p>
   </div>
   <div class='ocr_carea' id='block_1_4' title="bbox 209 2732 1944 3140">
    <p class='ocr_par' dir='ltr' id='par_1_6' title="bbox 209 2732 1944 3140">
     <span class='ocr_line' id='line_1_37' title="bbox 332 2732 1943 2789; baseline -0.004 -12"><span class='ocrx_word' id='word_1_356' title='bbox 332 2735 699 2779; x_wconf 78' lang='lat' dir='ltr'>Demonstratio</span> <span class='ocrx_word' id='word_1_357' title='bbox 720 2748 765 2789; x_wconf 86' lang='lat' dir='ltr'>p.</span> <span class='ocrx_word' id='word_1_358' title='bbox 789 2735 828 2778; x_wconf 93' lang='lat' dir='ltr'>I.</span> <span class='ocrx_word' id='word_1_359' title='bbox 871 2733 983 2774; x_wconf 81' lang='lat' dir='ltr'>Sane</span> <span class='ocrx_word' id='word_1_360' title='bbox 1014 2733 1085 2773; x_wconf 89' lang='lat' dir='ltr'>illa</span> <span class='ocrx_word' id='word_1_361' title='bbox 1115 2733 1298 2774; x_wconf 90' lang='lat' dir='ltr'>societas</span> <span class='ocrx_word' id='word_1_362' title='bbox 1329 2745 1415 2774; x_wconf 91' lang='lat' dir='ltr'>non</span> <span class='ocrx_word' id='word_1_363' title='bbox 1447 2737 1511 2773; x_wconf 86' lang='lat' dir='ltr'>est</span> <span class='ocrx_word' id='word_1_364' title='bbox 1532 2732 1843 2773; x_wconf 89' lang='lat' dir='ltr'>consectarium</span> <span class='ocrx_word' id='word_1_365' title='bbox 1868 2743 1943 2770; x_wconf 87' lang='lat' dir='ltr'>na-</span> 
     </span>
     <span class='ocr_line' id='line_1_38' title="bbox 216 2803 1943 2854; baseline -0.003 -9"><span class='ocrx_word' id='word_1_366' title='bbox 216 2809 338 2846; x_wconf 86' lang='lat' dir='ltr'>turae</span> <span class='ocrx_word' id='word_1_367' title='bbox 369 2805 597 2854; x_wconf 89' lang='lat' dir='ltr'>humanae,</span> <span class='ocrx_word' id='word_1_368' title='bbox 630 2806 696 2846; x_wconf 92' lang='lat' dir='ltr'>vel</span> <span class='ocrx_word' id='word_1_369' title='bbox 727 2805 1000 2845; x_wconf 85' lang='lat' dir='ltr'>institutionis</span> <span class='ocrx_word' id='word_1_370' title='bbox 1032 2808 1073 2844; x_wconf 88' lang='lat' dir='ltr'>et</span> <span class='ocrx_word' id='word_1_371' title='bbox 1103 2803 1255 2844; x_wconf 88' lang='lat' dir='ltr'>indolis</span> <span class='ocrx_word' id='word_1_372' title='bbox 1285 2804 1502 2853; x_wconf 81' lang='lat' dir='ltr'>naturaliS,</span> <span class='ocrx_word' id='word_1_373' title='bbox 1537 2803 1611 2844; x_wconf 89' lang='lat' dir='ltr'>sed</span> <span class='ocrx_word' id='word_1_374' title='bbox 1645 2815 1737 2845; x_wconf 86' lang='lat' dir='ltr'>eam</span> <span class='ocrx_word' id='word_1_375' title='bbox 1772 2814 1943 2854; x_wconf 85' lang='lat' dir='ltr'>prorsus</span> 
     </span>
     <span class='ocr_line' id='line_1_39' title="bbox 215 2873 1942 2928; baseline -0.002 -13"><span class='ocrx_word' id='word_1_376' title='bbox 215 2875 584 2927; x_wconf 87' lang='lat' dir='ltr'>praetergreditur,</span> <span class='ocrx_word' id='word_1_377' title='bbox 616 2875 734 2928; x_wconf 89' lang='lat' dir='ltr'>cujus</span> <span class='ocrx_word' id='word_1_378' title='bbox 760 2876 798 2918; x_wconf 87' lang='lat'>1.</span> <span class='ocrx_word' id='word_1_379' title='bbox 824 2881 974 2916; x_wconf 88' lang='lat' dir='ltr'>auctor</span> <span class='ocrx_word' id='word_1_380' title='bbox 996 2887 1082 2915; x_wconf 92' lang='lat' dir='ltr'>non</span> <span class='ocrx_word' id='word_1_381' title='bbox 1105 2880 1169 2915; x_wconf 88' lang='lat' dir='ltr'>est</span> <span class='ocrx_word' id='word_1_382' title='bbox 1190 2874 1327 2915; x_wconf 91' lang='lat' dir='ltr'>nudus</span> <span class='ocrx_word' id='word_1_383' title='bbox 1349 2875 1491 2923; x_wconf 91' lang='lat' dir='ltr'>homo,</span> <span class='ocrx_word' id='word_1_384' title='bbox 1514 2874 1588 2915; x_wconf 91' lang='lat' dir='ltr'>sed</span> <span class='ocrx_word' id='word_1_385' title='bbox 1610 2873 1797 2914; x_wconf 84' lang='lat' dir='ltr'>Verbum</span> <span class='ocrx_word' id='word_1_386' title='bbox 1820 2884 1942 2913; x_wconf 87' lang='lat' dir='ltr'>caro-</span> 
     </span>
     <span class='ocr_line' id='line_1_40' title="bbox 215 2942 1944 3001; baseline -0.003 -15"><span class='ocrx_word' id='word_1_387' title='bbox 215 2944 375 2987; x_wconf 85' lang='lat' dir='ltr'>factum</span> <span class='ocrx_word' id='word_1_388' title='bbox 401 2947 456 3001; x_wconf 88' lang='lat' dir='ltr'>(n.</span> <span class='ocrx_word' id='word_1_389' title='bbox 484 2947 604 3000; x_wconf 46' lang='lat'>192„</span> <span class='ocrx_word' id='word_1_390' title='bbox 637 2949 702 2987; x_wconf 90' lang='lat' dir='ltr'>cui</span> <span class='ocrx_word' id='word_1_391' title='bbox 725 2949 765 2990; x_wconf 76' lang='lat'>2.</span> <span class='ocrx_word' id='word_1_392' title='bbox 788 2959 874 2987; x_wconf 91' lang='lat' dir='ltr'>non</span> <span class='ocrx_word' id='word_1_393' title='bbox 896 2945 1120 2986; x_wconf 87' lang='lat' dir='ltr'>inserimur</span> <span class='ocrx_word' id='word_1_394' title='bbox 1144 2945 1385 2986; x_wconf 86' lang='lat' dir='ltr'>conditione</span> <span class='ocrx_word' id='word_1_395' title='bbox 1407 2945 1602 2994; x_wconf 86' lang='lat' dir='ltr'>naturali,</span> <span class='ocrx_word' id='word_1_396' title='bbox 1625 2942 1859 2995; x_wconf 80' lang='lat' dir='ltr'>cujusmodi</span> <span class='ocrx_word' id='word_1_397' title='bbox 1881 2946 1944 2982; x_wconf 90' lang='lat' dir='ltr'>est</span> 
     </span>
     <span class='ocr_line' id='line_1_41' title="bbox 218 3012 1941 3069; baseline -0.003 -12"><span class='ocrx_word' id='word_1_398' title='bbox 218 3017 417 3069; x_wconf 85' lang='lat' dir='ltr'>nativitas</span> <span class='ocrx_word' id='word_1_399' title='bbox 452 3028 502 3056; x_wconf 87' lang='lat' dir='ltr'>ex</span> <span class='ocrx_word' id='word_1_400' title='bbox 538 3017 795 3069; x_wconf 86' lang='lat' dir='ltr'>parentibus,</span> <span class='ocrx_word' id='word_1_401' title='bbox 835 3015 1108 3057; x_wconf 91' lang='lat' dir='ltr'>commodum</span> <span class='ocrx_word' id='word_1_402' title='bbox 1142 3016 1388 3069; x_wconf 88' lang='lat' dir='ltr'>temporale,</span> <span class='ocrx_word' id='word_1_403' title='bbox 1429 3016 1503 3056; x_wconf 91' lang='lat' dir='ltr'>sed</span> <span class='ocrx_word' id='word_1_404' title='bbox 1544 3014 1783 3055; x_wconf 80' lang='lat' dir='ltr'>conditione</span> <span class='ocrx_word' id='word_1_405' title='bbox 1818 3012 1941 3064; x_wconf 91' lang='lat' dir='ltr'>plane</span> 
     </span>
     <span class='ocr_line' id='line_1_42' title="bbox 209 3081 1943 3140; baseline -0.004 -12"><span class='ocrx_word' id='word_1_406' title='bbox 209 3087 539 3140; x_wconf 86' lang='lat' dir='ltr'>supernaturali,</span> <span class='ocrx_word' id='word_1_407' title='bbox 562 3088 881 3140; x_wconf 84' lang='lat' dir='ltr'>regeneratione</span> <span class='ocrx_word' id='word_1_408' title='bbox 913 3098 964 3127; x_wconf 81' lang='lat' dir='ltr'>ex</span> <span class='ocrx_word' id='word_1_409' title='bbox 996 3098 1107 3139; x_wconf 86' lang='lat' dir='ltr'>aqua</span> <span class='ocrx_word' id='word_1_410' title='bbox 1140 3092 1181 3127; x_wconf 90' lang='lat' dir='ltr'>et</span> <span class='ocrx_word' id='word_1_411' title='bbox 1209 3086 1366 3139; x_wconf 88' lang='lat' dir='ltr'>Spiritu</span> <span class='ocrx_word' id='word_1_412' title='bbox 1397 3090 1567 3134; x_wconf 68' lang='lat' dir='ltr'>sancto,</span> <span class='ocrx_word' id='word_1_413' title='bbox 1602 3084 1719 3135; x_wconf 83' lang='lat' dir='ltr'>cujus</span> <span class='ocrx_word' id='word_1_414' title='bbox 1751 3081 1943 3123; x_wconf 88' lang='lat' dir='ltr'>membra</span> 
     </span>
    </p>
   </div>
   <div class='ocr_carea' id='block_1_5' title="bbox 1662 3156 1719 3186">
    <p class='ocr_par' dir='ltr' id='par_1_7' title="bbox 1662 3156 1719 3186">
     <span class='ocr_line' id='line_1_43' title="bbox 1662 3156 1719 3186; baseline 0.018 -1"><span class='ocrx_word' id='word_1_415' title='bbox 1662 3156 1719 3186; x_wconf 81' lang='lat'>15·</span> 
     </span>
    </p>
   </div>
  </div>
 </body>
</html>
