2175 3382
841 141 1002 176 Ecclesia
1022 142 1078 175 est
1095 141 1263 176 visibilis.
1835 148 1920 190 223

185 266 366 308 lucidam,
394 266 487 314 jam,
520 267 566 302 ut.
597 264 672 301 cito
705 264 904 312 explicem,
938 265 1021 300 toto
1054 265 1248 301 terrarum
1270 265 1360 301 orbe
1383 265 1563 302 diffusam
1584 262 1656 318 1).«
1699 266 1919 304 Bellissime

185 337 275 363 vero
297 327 346 361 tr.
376 332 389 364 1
418 324 461 360 in
482 336 540 372 ep.
564 335 592 361 3.
616 323 726 360 Joan.
749 336 785 359 n.
814 329 885 363 13:
915 322 1080 365 „Nonne
1102 322 1200 370 lapis
1222 323 1308 367 iste,
1334 323 1402 370 qui
1424 324 1618 371 praecisus
1639 327 1698 362 est
1720 325 1766 362 de
1788 328 1920 363 monte

186 384 269 421 sine
298 382 492 428 manibus,
525 382 702 420 Christus
734 384 794 419 est
825 381 872 419 de
904 393 1025 430 regno
1042 381 1276 429 judaeorum
1300 382 1383 418 sine
1406 394 1518 430 opere
1540 383 1741 420 maritali?
1784 384 1920 421 Nonne

186 443 252 479 ille
273 442 374 491 lapis
396 441 590 491 confregit
611 441 742 478 omnia
762 452 883 490 regna
903 443 1110 480 terrarum.
1145 439 1186 477 id
1208 444 1277 485 est,
1312 451 1444 478 omnes
1477 441 1761 479 dominationes
1795 442 1919 481 idolo-

184 514 270 538 rum
294 504 334 538 et
355 500 678 538 daemoniorum?
721 500 860 536 Nonne
885 499 952 536 ille
975 499 1074 547 lapis
1098 499 1231 539 crevit.
1255 502 1295 536 et
1316 499 1442 536 factus
1466 502 1526 536 est
1548 513 1659 537 mons
1681 514 1857 550 magnus,
1881 508 1917 539 et

185 559 364 608 implevit
384 559 615 597 universum
637 559 772 596 orbem
792 561 985 595 terrarum
1009 556 1122 608 (Dan.
1150 564 1185 601 2,
1205 564 1269 598 34.
1295 559 1390 606 35)·.³
1412 558 1616 606 Numquid
1639 559 1764 608 digito
1788 561 1919 597 osten-

185 619 314 656 dimus
335 618 458 656 istum
479 622 663 662 montem,
688 616 881 665 quomodo
901 616 1124 654 ostenditur
1144 616 1367 654 hominibus
1381 617 1499 654 tertia
1514 617 1636 654 luna?
1652 617 1769 655 Verbi
1784 619 1921 668 gratia,

184 678 339 726 quando
362 677 502 714 volunt
524 676 697 714 homines
725 676 856 713 videre
877 676 1023 719 lunam,
1047 675 1200 713 dicunt:
1234 676 1329 713 Ecce
1360 676 1464 720 luna,
1488 687 1574 713 ecce
1605 676 1673 713 ubi
1705 679 1784 713 est:
1818 680 1858 714 et
1891 678 1924 714 31

185 738 280 774 sunt
299 735 366 779 ibi,
389 736 458 785 qui
478 748 557 773 non
578 735 734 772 valeant
756 735 959 772 intendere
982 735 1113 779 aciem,
1138 737 1177 772 et
1199 735 1351 772 dicant:
1387 735 1489 771 Ubi?
1512 735 1735 772 intenditur
1758 735 1838 772 illis
1862 735 1920 773 di-

185 795 304 845 gitus,
326 797 373 832 ut
394 794 564 831 videant.
607 793 829 839 Aliquando
851 793 946 830 dum
968 793 1207 831 erubescunt
1228 806 1276 830 ne
1299 794 1401 831 00001
1423 796 1627 842 putentur,
1651 794 1787 831 dicunt
1802 807 1840 832 se
1863 795 1920 832 vi-

185 855 299 898 disse,
323 854 428 902 quod
449 866 528 891 non
551 852 747 890 viderunt.
790 852 994 900 Numquid
1029 852 1085 890 sic
1117 853 1363 890 ostendimus
1387 853 1606 898 Ecclesiam,
1642 853 1781 890 fratres
1814 853 1924 892 meis>

185 914 323 951 Nonne
344 914 479 962 aperta
500 914 585 949 est‘?
614 924 745 949 nonne
767 911 1001 949 manifesta?
1035 923 1164 949 nonne
1195 912 1326 949 tenuit
1347 924 1480 949 omnes
1503 913 1668 961 gentes?
1699 924 1829 949 nonne
1851 913 1924 949 im-

186 973 319 1021 pletur
340 972 445 1020 quod
466 973 557 1008 ante
578 973 639 1008 tot
661 983 781 1008 annos
813 971 1046 1019 promissum
1078 973 1138 1008 est
1160 971 1349 1015 Abrahae,
1381 971 1423 1007 in
1456 970 1602 1008 semine
1634 972 1718 1019 ejus
1749 971 1925 1009 benedici

186 1043 318 1069 omnes
339 1033 477 1080 gentes
501 1031 613 1080 (Gen.
639 1036 703 1074 22,
737 1027 800 1082 18)
813 1032 829 1066 ¹?
863 1030 938 1068 Uni
959 1029 1065 1066 fideli
1096 1030 1334 1078 promissum
1364 1032 1434 1073 est,
1469 1032 1507 1066 et
1538 1029 1718 1067 millibus
1749 1029 1925 1067 fidelium

188 1090 359 1128 mundus
382 1089 571 1138 impletus
594 1091 665 1126 est.
690 1089 783 1126 Ecce
806 1101 917 1126 mons
939 1089 1106 1137 implens
1129 1089 1356 1126 universam
1377 1088 1515 1126 faciem
1537 1090 1684 1125 terrae:
1717 1101 1801 1126 ecce
1833 1089 1924 1126 civi-

187 1151 259 1195 tas,
283 1149 330 1186 de
351 1161 429 1197 qua
451 1148 601 1185 dictum
623 1151 702 1185 est:
747 1148 834 1184 Non
861 1153 981 1196 potest
1012 1149 1144 1185 civitas
1175 1149 1354 1185 abscondi
1383 1160 1500 1196 super
1531 1153 1688 1184 montem
1722 1149 1923 1185 constituta

188 1205 341 1261 (Matth.
367 1215 402 1253 5,
433 1206 512 1260 14).
534 1208 598 1244 Illi
621 1209 751 1244 autem
775 1207 981 1244 offendunt
1001 1207 1043 1244 111
1064 1209 1279 1244 montem.«
1310 1206 1419 1251 Quod
1442 1207 1475 1243 si
1498 1207 1588 1243 11300
1611 1219 1691 1243 11011
1714 1207 1923 1251 sufficiant,

187 1267 327 1304 merito
349 1279 436 1304 cum
463 1267 755 1315 Augustino
777 1279 962 1314 quaerere
984 1278 1193 1314 possumus
1216 1263 1292 1318 (ep.
1317 1272 1369 1306 93
1394 1279 1431 1302 n.
1457 1262 1548 1318 23):
1584 1265 1808 1310 ,Quomodo
1831 1278 1924 1304 con-

186 1326 343 1363 fidimus
366 1338 411 1363 ex
433 1325 577 1363 divinis
599 1325 726 1362 literis
749 1325 940 1374 accepisse
970 1337 1039 1362 1103
1063 1325 1256 1362 Christum
1288 1326 1546 1373 manifestum,
1582 1324 1616 1360 si
1648 1337 1727 1362 non
1748 1325 1837 1362 inde
1860 1337 1925 1362 ac-

188 1386 362 1433 cepimus
385 1384 593 1422 Ecclesiam
615 1384 892 1433 manifestam?

309 1474 404 1508 200.
428 1464 670 1508 Scholion.
713 1467 1011 1515 Eoeceptz'onibus
1052 1468 1198 1514 satisfit.
1235 1489 1291 1494 --—
1326 1466 1385 1503 Ad
1427 1466 1678 1503 difficultates
1721 1466 1923 1503 solvendas

187 1528 366 1564 notetur:
394 1524 432 1568 l.
457 1526 540 1564 fieri
564 1539 688 1575 posse,
720 1530 767 1563 ut
797 1526 900 1563 idem
932 1526 1129 1574 object-um
1159 1539 1204 1563 ex
1236 1526 1381 1563 motivo
1410 1525 1654 1562 auctoritatis
1684 1524 1866 1562 credatur
1888 1527 1927 1562 et

189 1586 307 1623 simul
329 1586 449 1623 etiam
471 1598 514 1622 ex
538 1586 614 1623 alio
636 1585 785 1623 motivo
807 1585 954 1622 sciatur
975 1598 1043 1622 seu
1057 1597 1125 1633 per
1148 1585 1255 1622 aliud
1269 1585 1403 1621 lumen
1418 1584 1620 1628 videatur-3
1644 1589 1761 1632 atque
1782 1584 1924 1621 iterum

188 1646 235 1682 ut
256 1645 330 1682 sub
352 1657 430 1682 uno
452 1648 634 1693 respectu
664 1645 928 1689 videatur,
962 1644 1035 1680 sub
1068 1644 1142 1681 alio
1174 1656 1252 1680 non
1274 1643 1468 1688 videatur,
1505 1642 1572 1680 sed
1594 1642 1842 1692 intelligatur
1863 1643 1926 1680 vel

189 1716 268 1741 cre
280 1703 304 1740 d
317 1706 444 1741 atur.
477 1705 538 1741 113
560 1704 726 1752 apostoli
748 1703 934 1740 videbant
947 1703 1145 1740 Christum
1160 1702 1369 1744 hominem,
1393 1702 1460 1739 sed
1478 1702 1671 1739 Christum
1690 1714 1774 1738 esse
1790 1702 1924 1747 Deum,

190 1763 416 1807 credebant3
439 1762 495 1799 ita
516 1762 693 1800 videmus
708 1763 748 1799 in
763 1762 958 1811 baptismo
974 1762 1217 1799 ablutionem
1232 1764 1449 1798 externam:
1475 1761 1682 1805 internam,
1706 1773 1784 1808 qua
1798 1761 1927 1797 anima

187 1821 383 1859 mediante
406 1821 606 1858 ablutione
629 1824 787 1858 externa
809 1821 1025 1858 mundatur
1047 1834 1067 1858 a
1091 1834 1169 1869 pec(
1182 1821 1268 1865 atis,
1293 1820 1500 1857 credimus.
1542 1819 1669 1863 Quare
1692 1819 1859 1856 absurde
1882 1832 1926 1856 ex

187 1893 242 1925 e0,
267 1880 370 1928 quod
391 1881 564 1917 Ecclesia
586 1880 782 1930 objectum
805 1881 856 1917 sit
880 1880 981 1925 fidei,
1006 1880 1176 1916 infertur
1198 1892 1282 1916 eam
1304 1879 1503 1916 visibilem
1524 1891 1602 1915 non
1624 1890 1715 1915 esse.
1738 1878 1926 1915 Videmus

189 1939 292 1977 enim
316 1952 399 1976 eam
422 1941 619 1987 quatenus
641 1945 700 1976 est
724 1939 881 1988 quidam
907 1942 1052 1983 coetus,
1077 1939 1272 1976 credimus
1294 1951 1385 1975 vero
1400 1938 1505 1974 hunc
1519 1940 1672 1975 coetum
1691 1937 1806 1974 certis
1822 1937 1926 1974 notis

125 2029 139 2038 .
186 1998 410 2036 visibilibus
434 1999 481 2035 ab
503 1998 592 2035 aliis
616 1998 846 2036 distinctum
870 2011 1000 2035 veram
1023 2010 1106 2035 esse
1128 1997 1352 2041 Ecclesiam,
1377 2000 1482 2033 extra
1508 2009 1626 2044 quam
1647 2009 1725 2033 non
1738 2000 1797 2033 est
1810 1996 1926 2034 salus.

190 2070 288 2106 quae
311 2057 351 2094 in
373 2057 545 2094 docendo
568 2059 628 2094 est
650 2057 881 2094 infallibilis.
926 2058 984 2094 Ita
1007 2057 1186 2094 videmus
1209 2056 1431 2101 Ecclesiam,
1465 2068 1560 2104 quae
1592 2058 1652 2092 est
1675 2060 1819 2101 sancta,
1844 2068 1927 2092 cor-

185 2129 259 2165 pus
281 2116 424 2153 Christi
446 2116 668 2165 mysticum,
702 2116 879 2164 quamvis
910 2127 989 2153 non
1020 2115 1223 2153 videamus
1255 2128 1350 2157 eam,
1383 2120 1567 2164 quatenus
1598 2117 1656 2151 est
1688 2117 1822 2151 sancta
1844 2117 1927 2151 etc..

186 2175 265 2212 nisi
286 2175 509 2212 mediate
531 2176 573 2212 in
596 2176 679 2212 suis
702 2175 906 2212 fructibus.
952 2175 1027 2212 Seu
1050 2175 1136 2212 aliis
1160 2174 1288 2211 verbis
1310 2174 1491 2211 videmus
1514 2173 1624 2221 subj
1640 2176 1819 2217 ectum,
1843 2185 1927 2210 000-

187 2236 272 2271 tum
295 2234 481 2278 fidelium,
507 2234 552 2271 de
575 2247 653 2283 quo
675 2234 869 2271 credimus
892 2234 1005 2283 plura
1037 2234 1356 2282 praedicata,
1392 2245 1491 2280 quae
1514 2245 1558 2270 ex
1581 2233 1818 2269 revelatione
1840 2236 1927 2268 tan-

189 2295 276 2329 tum
297 2293 561 2330 innotescunt.
603 2294 685 2331 Imo
707 2296 753 2330 ut
774 2293 867 2330 fides
890 2295 936 2330 de
959 2292 1128 2330 Ecclesia
1150 2292 1201 2329 sit
1221 2292 1334 2329 nobis
1357 2291 1472 2328 utilis
1495 2287 1617 2342 (quod
1640 2303 1731 2328 sane
1753 2291 1930 2328 Christus

133 2391 138 2395 ,
187 2352 370 2397 intendit,
393 2364 481 2389 cum
503 2355 562 2390 tot
592 2352 784 2390 Ecclesiae
815 2352 1107 2401 praerogativas
1129 2348 1393 2402 revelaverit),
1427 2351 1543 2387 debet
1565 2350 1733 2387 Ecclesia
1757 2362 1838 2387 esse
1862 2350 1928 2386 de-

335 2478 362 2522 1)
381 2476 434 2510 Cf.
453 2477 567 2511 etiarn
584 2477 627 2516 H,
647 2481 690 2511 32
711 2490 744 2510 n.
764 2479 810 2511 74
828 2477 894 2517 (th.
915 2479 992 2517 (50);
1013 2487 1042 2510 0.
1063 2478 1107 2510 70
1125 2489 1160 2510 n.
1181 2477 1266 2514 1572
1285 2478 1413 2509 contra
1433 2475 1663 2509 Cresconiuin
1683 2475 1726 2512 H,
1746 2477 1790 2508 36
1810 2487 1843 2508 n.
1864 2479 1930 2509 45:

194 2531 301 2575 epist.
321 2533 364 2565 25
384 2531 431 2564 al.
453 2534 519 2565 170
537 2543 571 2564 n.
594 2534 609 2564 1
631 2533 699 2564 010.
734 2529 934 2574 Augustini
951 2529 1158 2563 doctrinam
1177 2530 1267 2563 bene
1286 2529 1438 2563 exhibet
1457 2528 1479 2562 S
1493 2541 1514 2573 p
1529 2539 1546 2561 e
1559 2541 1576 2562 c
1589 2528 1640 2561 ht
1657 2528 1715 2562 die
1732 2528 1846 2561 Lehre
1861 2538 1931 2561 von

194 2584 259 2618 der
277 2584 411 2618 Kirche
428 2584 523 2617 nach
539 2584 621 2617 dem
635 2584 686 2618 hl.
700 2584 902 2627 Augustin,
928 2582 1183 2616 Paderbomae
1201 2585 1288 2618 1892
1304 2584 1324 2627 ξ
1339 2583 1394 2616 27.
1416 2583 1579 2615 Ceterum
1597 2581 1674 2625 ipse
1693 2581 1815 2615 Mela
1827 2594 1849 2614 n
1863 2592 1880 2614 0
1892 2582 1930 2614 11-

196 2638 278 2671 ton
295 2637 334 2671 in
353 2637 441 2671 locis
460 2648 644 2671 commun.
665 2637 708 2670 de
729 2637 889 2669 Ecclesia
907 2648 942 2680 p.
961 2638 1030 2669 488
1048 2635 1195 2669 scribit:
1218 2634 1537 2679 „Quotiescunque
1549 2635 1593 2668 de
1610 2634 1773 2668 Ecclesia
1795 2633 1931 2678 cogita-

192 2702 283 2731 mus,
300 2691 512 2724 intueamur
530 2695 673 2725 coetum
693 2692 918 2731 vocatorum,
939 2689 1003 2733 qui
1021 2691 1075 2722 est
1093 2688 1260 2723 Ecclesia
1278 2687 1443 2727 visibilis,
1471 2699 1537 2721 1100
1566 2687 1656 2721 alibi
1683 2686 1817 2721 electos
1836 2686 1930 2720 ullos

192 2753 268 2777 esse
286 2743 519 2782 somniemuS,
537 2743 609 2777 nisi
626 2743 665 2776 in
684 2744 751 2776 hoc
769 2744 848 2786 ipso
869 2743 974 2776 coetu
993 2740 1143 2778 visibili.
1178 2741 1276 2775 Nam
1302 2751 1420 2785 neque
1452 2740 1625 2780 invocari,
1646 2750 1764 2783 neque
1783 2740 1931 2782 agnosci

196 2795 293 2830 Deus
311 2796 420 2829 aliter
436 2796 528 2837 vult,
545 2806 656 2839 quam
673 2798 715 2829 ut
733 2807 770 2829 se
789 2794 977 2839 patefecit.
997 2794 1073 2828 Nec
1090 2795 1180 2828 alibi
1199 2805 1236 2828 30
1253 2794 1443 2839 patefecit,
1467 2793 1537 2827 nisi
1553 2794 1591 2827 in
1607 2793 1765 2826 Ecclesia
1781 2792 1931 2825 visibili.

193 2850 232 2883 in
251 2860 325 2892 qua
342 2850 419 2883 sola
438 2852 545 2883 sonat
562 2860 630 2883 vox
650 2849 853 2893 Evangelii.
875 2849 949 2881 Nec
965 2847 1075 2881 aliam
1092 2847 1275 2892 fingamus
1289 2845 1488 2881 Ecclesiam
1503 2846 1725 2880 invisibilem
1741 2848 1778 2880 et
1793 2847 1929 2879 mutam

196 2901 388 2935 hominum
406 2903 444 2935 in
461 2903 531 2936 hac
553 2903 677 2936 tamen
705 2903 781 2935 vita
807 2901 1023 2941 viventium,
1053 2900 1117 2934 sed
1144 2901 1240 2935 oculi
1269 2905 1303 2933 et
1333 2910 1434 2933 mens
1462 2901 1606 2932 coetum
1634 2905 1839 2932 vocatorum
1859 2898 1881 2931 i.
1902 2909 1930 2931 e.

200 2955 453 2999 profitentium
472 2955 712 2998 Evangelium
732 2955 799 2989 Dei
816 2955 1043 2995 intueantur,
1061 2956 1097 2988 et
1116 2954 1273 2988 sciamus
1292 2956 1460 2997 oportere
1479 2953 1575 2986 inter
1601 2951 1766 2985 homines
1786 2951 1930 2995 publice

197 3017 324 3041 sonare
346 3007 535 3051 Evangelii
563 3017 700 3049 vocem,
731 3008 826 3042 sicut
855 3007 1033 3051 scriptum
1063 3009 1136 3040 est:
1170 3009 1216 3041 In
1243 3019 1377 3041 omnem
1405 3012 1539 3041 terram
1568 3007 1672 3040 exivit
1688 3015 1794 3037 sonus
1812 3014 1928 3037 eorum

198 3059 315 3106 (Rom.
337 3062 390 3100 10,
414 3060 480 3105 18).
515 3059 567 3093 Cf.
596 3060 640 3093 de
667 3059 750 3104 ipsa
776 3059 875 3093 thesi
903 3059 925 3092 S
940 3059 988 3092 ch
1001 3058 1115 3092 effu]
1128 3060 1272 3092 acher
1299 3059 1442 3093 Lettres
1461 3059 1479 3092 {i
1500 3070 1549 3091 nn
1569 3057 1837 3092 Gentilhomme
1857 3057 1891 3088 et
1911 3056 1927 3087 ἐι

197 3124 247 3147 1111
266 3112 464 3157 Magistrat
480 3113 706 3156 protestants
725 3123 779 3156 ep.
801 3116 831 3146 l.
953 3116 956 3118 '
