2175 3382
729 115 945 149 efficiendae
962 113 1119 148 umtatis
1138 115 1418 148 ecclesiasticae.
1858 119 1944 162 345

206 239 399 277 Ecclesiae
428 238 535 287 leges
568 238 754 275 sanciant.
798 237 968 274 Attende
998 236 1095 284 quid
1125 236 1228 273 dicat
1249 236 1461 284 Apostolus
1486 234 1541 288 (1.
1565 236 1647 273 Cor.
1680 243 1739 283 12,
1766 235 1858 290 28):
1893 237 1945 275 Et

207 297 391 348 quosdam
412 298 562 346 quidem
580 298 708 344 posuit
730 297 836 333 Deus
857 297 898 332 in
919 295 1102 343 Ecclesia,
1122 296 1296 343 primum
1318 296 1516 342 apostolos,
1540 297 1701 332 secundo
1718 297 1942 345 prophetas,

207 358 317 394 tertio
331 361 508 404 pastores
529 361 562 392 et
582 356 750 392 doctores
783 356 835 392 ad
863 355 1128 403 perfectionem
1150 353 1365 399 Ecclesiae;
1396 366 1474 390 non
1506 353 1648 401 adjecit
1679 356 1942 402 imperatores.

205 416 257 453 Et
275 428 453 453 rursum:
490 414 640 452 Obedite
655 415 890 463 praepositis
920 414 1053 450 vestris
1084 417 1117 449 et
1146 412 1329 459 subjacete
1360 414 1422 449 eis.
1466 412 1549 460 Ipsi
1577 414 1673 449 enim
1702 415 1942 463 perviyilant,

206 476 316 524 quasi
345 476 532 511 rationem
557 485 634 522 pro
668 473 871 510 animabus
901 474 1033 509 vestris
1065 472 1282 508 reddituri:
1314 471 1499 518 idemque
1534 483 1690 508 rursus:
1728 472 1944 510 Mementote

200 534 513 582 praepositorum
532 537 758 578 vestrorum,
783 533 848 580 qui
869 531 970 568 vobis
991 531 1105 568 locuti
1126 535 1215 567 sunt
1238 531 1389 567 verbum
1404 530 1479 566 Dei
1493 526 1626 582 (Hebr.
1650 536 1711 571 13.
1734 538 1795 570 17.
1814 529 1854 583 7)
1870 534 1943 569 ete.

206 592 379 630 Verbum
400 592 524 629 locuti
544 603 624 628 non
647 593 741 628 sunt
762 590 873 628 vobis
894 602 1016 639 reges,
1051 589 1118 626 sed
1141 589 1309 638 apostoli
1332 592 1372 626 et
1393 589 1605 637 prophetae
1628 592 1882 637 pastoresque
1904 594 1944 628 et

206 651 395 689 doctores.
436 651 497 688 Ad
518 650 769 698 imperatores
801 652 951 698 spectat
981 650 1088 685 recta
1119 649 1176 685 rei
1206 648 1387 696 publicae
1420 647 1720 691 administratio,
1752 648 1945 687 Ecclesiae

205 711 381 759 regimen
401 709 449 746 ad
471 711 646 758 pastores
670 712 709 745 et
731 709 917 745 doctores.
953 707 1156 756 Ejusmodi
1179 707 1330 744 invasio
1347 707 1598 744 latrocinium
1614 709 1684 753 est,
1708 706 1848 744 fratres
1873 738 1880 745 .
1905 738 1910 744 .
1937 737 1943 744 .

205 769 292 806 Tibi
313 768 546 817 parebimus,
570 780 591 805 o
613 768 835 816 imperator,
860 767 901 803 in
924 767 997 811 his,
1023 779 1121 814 quae
1143 766 1192 803 ad
1213 766 1331 814 hujus
1354 766 1476 803 seculi
1498 766 1656 814 negotia
1669 766 1891 814 pertinent.
1914 797 1944 806 ,.

204 840 339 865 verum
363 827 409 864 ad
431 839 492 864 res
514 826 706 864 Ecclesiae
743 826 970 863 statuendas
1001 827 1178 874 pastores
1208 825 1409 869 habemus,
1444 825 1514 873 qui
1545 824 1660 862 nobis
1690 825 1856 862 verbum
1888 826 1945 863 lo-

205 888 395 935 quuntur,
419 888 537 934 atque
561 886 819 923 ecclesiastica
841 885 1024 922 instituta
1046 884 1307 921 tradiderunt.
1350 884 1439 921 Non
1460 883 1734 921 transferimus
1755 885 1945 922 terminos

206 945 400 994 antiquos,
424 957 520 993 quos
542 947 763 993 posuerunt
783 946 916 993 patres
939 945 1092 981 nostri«
1118 941 1246 994 (Prov.
1272 949 1337 987 ⁶22,
1365 941 1435 994 28)
1459 946 1530 980 etc.

321 1028 501 1065 Ceterum
522 1028 563 1064 id
585 1027 677 1065 fassi
701 1030 796 1065 sunt
817 1028 880 1064 vel
894 1027 969 1076 ipsi
983 1027 1240 1075 imperatores
1255 1025 1545 1074 prudentiores,
1571 1028 1616 1062 ut
1625 1026 1707 1074 jam
1724 1026 1807 1074 ipse
1830 1027 1945 1064 Con-

205 1099 221 1123 s
233 1086 412 1124 tantin
424 1084 533 1139 us1)‚
558 1087 792 1143 ΗΘΜ-ζα
805 1100 821 1124 s
846 1087 887 1123 in
909 1099 979 1123 sua
1000 1098 1107 1123 sacra
1129 1085 1176 1122 ad
1189 1085 1399 1122 Arcadium
1416 1084 1462 1122 de
1479 1097 1507 1122 S.
1523 1085 1634 1124 Joan.
1651 1085 1945 1134 Chrysostomo:

204 1145 274 1190 ‚Si
295 1145 394 1194 quid
426 1145 472 1183 de
505 1158 619 1183 causa
649 1146 851 1195 religionis
882 1146 987 1182 inter
1018 1145 1214 1182 antistites
1245 1146 1438 1193 ageretur,
1478 1144 1696 1192 episcopale
1727 1144 1947 1192 oportuerit

205 1216 289 1242 esse
305 1204 522 1253 judicium3
559 1205 607 1242 ad
626 1205 720 1288 {3¹⁰³
743 1205 847 1242 enim
869 1205 1091 1241 divinarum
1114 1216 1247 1240 rerum
1269 1203 1558 1251 interpretatio,
1583 1203 1631 1240 ad
1652 1216 1722 1240 nos
1744 1203 1946 1252 religionis

206 1266 355 1312 spectat
377 1264 619 1312 obsequium.
671 1287 730 1291 —
752 1264 846 1300 The
859 1276 880 1301 o
879 1263 1008 1324 EQ
1015 1275 1071 1300 us
1090 1263 1227 1311 junior
1260 1263 1302 1299 in
1324 1275 1381 1311 ep.
1414 1263 1461 1299 ad
1494 1262 1688 1311 synodum
1721 1262 1946 1311 ephesinam

180 1319 386 1370 'testatum
410 1335 450 1360 se
473 1323 754 1360 Candidianum
777 1321 959 1360 comitem
981 1322 1029 1359 ad
1051 1322 1262 1359 concilium
1284 1321 1447 1363 misisse.
1474 1322 1537 1358 sed
1561 1334 1605 1358 ea
1627 1322 1724 1370 lege,
1761 1324 1836 1365 >‚ut
1858 1334 1947 1359 cum

205 1381 504 1430 quaestionibus
527 1384 566 1419 et
589 1382 873 1427 controversiis,
911 1394 1009 1428 quae
1032 1381 1132 1418 circa
1153 1381 1245 1418 fidei
1267 1381 1450 1430 dogmata
1471 1380 1664 1426 incidunt,
1697 1380 1796 1417 nihil
1829 1380 1946 1429 quid-

204 1453 319 1489 quam
342 1453 548 1478 commune
571 1441 729 1478 habeat:
755 1441 862 1478 nefas
886 1443 946 1477 est
968 1440 1075 1477 enim
1097 1440 1165 1488 qui
1189 1439 1525 1477 sanctissimorum
1548 1439 1818 1487 episcoporum
1840 1442 1945 1477 cata-

206 1500 295 1549 logo
317 1500 534 1549 adscriptus
556 1513 634 1538 non
657 1502 727 1545 est,
762 1501 876 1537 illum
907 1499 1179 1537 ecclesiasticis
1210 1499 1378 1548 negotiis
1410 1505 1448 1535 et
1481 1498 1842 1535 consultationibus
1873 1499 1946 1536 im-

205 1559 360 1596 misceri
374 1556 495 1612 (apud
516 1559 780 1597 Hardouin
802 1560 831 1604 I,
854 1557 1022 1608 1346).ss
1047 1559 1157 1596 Ratio
1180 1561 1323 1603 autem,
1347 1570 1467 1606 quare
1489 1558 1655 1594 unitatis
1678 1557 1855 1595 custodia
1867 1569 1946 1594 non

208 1618 260 1655 sit
281 1618 504 1655 concredita
525 1619 782 1667 principibus,
805 1618 1010 1667 perspicua
1032 1620 1100 1657 est.
1116 1618 1267 1654 Horum
1290 1617 1394 1654 enim
1416 1618 1592 1664 potestas
1608 1617 1947 1654 circumscribitur

205 1677 398 1714 limitibus
429 1677 592 1714 ditionis
624 1690 725 1717 suae,
779 1678 902 1725 Atqui
933 1679 1129 1725 potestate
1162 1676 1219 1713 ita
1254 1676 1551 1724 circumscripta
1585 1676 1776 1713 contineri
1806 1676 1945 1724 nequit

205 1736 306 1773 ratio
328 1736 524 1774 sufficiens
547 1737 758 1774 catholicae
781 1736 957 1779 unitatis,
980 1736 1059 1773 imo
1081 1748 1125 1772 ea
1147 1736 1372 1773 continetur
1392 1735 1526 1783 potius
1549 1747 1682 1772 semen
1699 1735 1809 1784 jugis
1823 1735 1945 1772 schis-

205 1795 332 1839 matis,
357 1795 520 1844 fonsque
543 1799 603 1832 est
625 1795 795 1832 exitialis
816 1795 927 1832 illius
950 1795 1172 1832 axiomatis:
1198 1795 1311 1843 cujus
1334 1794 1453 1843 regio,
1477 1794 1587 1830 illius
1611 1796 1650 1831 et
1671 1794 1824 1843 religio.
1866 1794 1947 1831 Hac

206 1856 407 1902 praeterea
428 1855 639 1903 hypothesi
661 1855 831 1892 admissa
851 1854 1025 1891 Ecclesia
1048 1854 1238 1891 caruisset
1259 1853 1329 1890 diu
1350 1853 1543 1902 principio
1578 1853 1756 1897 unitatis,
1789 1853 1945 1900 quando

208 1913 290 1950 scil.
310 1913 508 1962 principes
530 1916 642 1950 erant
663 1913 881 1951 saevissimi
903 1913 1030 1962 ipsius
1052 1916 1337 1961 persecutores3
1362 1914 1511 1949 careret
1531 1912 1651 1949 toties
1667 1912 1821 1960 quoties
1835 1912 1946 1960 prin-

208 1984 295 2021 ceps
317 1974 376 2009 est
397 1972 579 2018 infidelis,
614 1973 844 2017 haereticus,
879 1971 1161 2016 schismaticus,
1195 1973 1384 2020 apostata,
1418 1971 1554 2016 hostis,
1588 1971 1692 2019 quod
1724 1971 1827 2008 haud
1861 1983 1948 2008 raro

207 2031 414 2081 contingit.
456 2032 596 2069 Merito
619 2044 711 2081 ergo
742 2044 846 2070 conc.
869 2031 1253 2068 oecumenicum
1274 2030 1338 2068 IV.
1362 2034 1433 2068 act.
1458 2037 1481 2070 4
1515 2030 1655 2067 statuit
1678 2027 1745 2067 (ib.
1767 2030 1816 2074 II,
1842 2028 1945 2081 443)

207 2102 227 2127 e
250 2090 448 2128 sententia
469 2091 639 2159 Cecropii
662 2103 681 2128 e
713 2120 721 2127 .
745 2091 768 2128 S
795 2090 1022 2138 bastopolis‚
1076 2094 1123 2127 ut
1164 2090 1229 2126 ine
1252 2089 1562 2127 contradictione
1585 2092 1741 2126 cessent
1762 2102 1806 2126 ea
1829 2102 1947 2138 prag-

207 2149 354 2187 matica
374 2146 547 2202 (decreta
567 2103 881 2198 ιωρέιξιῗΐέιιω,
945 2103 1405 2187 uaesi‘ffstffie'tifffflhmtum
1435 2161 1626 2186 canonum
1659 2162 1681 2185 a
1712 2148 1949 2196 quibusdam

206 2208 310 2246 facta
330 2210 434 2254 sunt,
457 2209 499 2245 in
522 2209 629 2246 omni
649 2208 872 2258 provincia:
897 2220 1062 2246 canones
1085 2211 1217 2245 autem
1239 2220 1309 2256 per
1331 2208 1461 2244 omnia
1481 2210 1653 2244 teneant.
1698 2207 1759 2244 Sic
1782 2207 1887 2244 enim
1909 2212 1949 2244 et

207 2267 302 2304 fides
324 2267 548 2305 custoditur
570 2270 610 2305 et
631 2280 890 2316 unaquaeque
913 2268 1074 2305 ecclesia
1094 2269 1229 2304 tutum
1253 2269 1401 2304 statum
1423 2266 1622 2305 habebit«

326 2349 424 2391 331.
447 2347 810 2392 Demonstratio
832 2361 876 2402 p.
899 2348 994 2390 ΙΙΙ.
1040 2347 1178 2400 Neque
1200 2347 1272 2387 hoc
1294 2347 1477 2387 medium
1500 2350 1558 2386 est
1581 2346 1831 2395 universalis
1849 2345 1948 2399 fide-

211 2415 312 2456 lium
335 2421 497 2469 coetus;
518 2429 619 2458 nam
642 2422 688 2458 ut
710 2417 879 2458 aliunde
903 2422 1019 2458 certo
1036 2421 1217 2466 constat,
1239 2416 1455 2457 Ecclesiae
1470 2421 1618 2457 coetus
1633 2420 1698 2457 est
1711 2416 1950 2469 inaequalis

211 2485 284 2541 (th.
304 2486 394 2542 48),
424 2487 468 2527 in
490 2499 574 2540 quo
598 2487 665 2528 alii
688 2491 904 2539 praesunt,
935 2486 1007 2527 alii
1028 2486 1219 2535 subsunt,
1251 2486 1322 2527 alii
1352 2491 1451 2527 sunt
1481 2491 1689 2539 pastores,
1725 2487 1795 2527 alii
1826 2498 1948 2533 oves;

207 2556 349 2608 posuit
362 2557 475 2597 enim
490 2556 602 2598 Deus
621 2570 709 2598 non
723 2558 860 2610 ipsam
874 2556 1060 2598 fidelium
1076 2556 1258 2607 turbam,
1281 2569 1390 2609 quae
1412 2562 1589 2609 regeret,
1611 2557 1687 2598 sed
1709 2551 1946 2610 episcopos,

211 2626 282 2678 qui
311 2632 508 2679 regerent
538 2627 770 2669 Ecclesiam
802 2628 878 2668 Dei
910 2627 1018 2683 (Act.
1055 2629 1123 2676 20,
1158 2627 1252 2683 28);
1288 2629 1373 2682 vipse
1407 2628 1519 2669 dedit
1550 2628 1751 2683 quosdam
1785 2628 1946 2683 quidem

355 2759 377 2798 ¹)
396 2757 440 2790 In
457 2767 513 2801 ep.
533 2756 579 2790 ad
599 2758 709 2800 episc.
728 2759 813 2800 post
830 2767 933 2791 conc.
951 2756 1155 2790 arelatense
1174 2756 1294 2801 (Mig.
1312 2759 1346 2796 8,
1360 2758 1456 2801 488),
1473 2768 1491 2791 e
1506 2767 1580 2800 qua
1602 2756 1784 2790 nonnulla
1807 2746 1975 2790 delibat·

208 2808 237 2841 O
249 2809 420 2851 ptatus
438 2809 483 2842 de
502 2808 650 2843 schism.
670 2809 797 2843 donat.
816 2808 842 2849 I,
862 2811 918 2843 23.
937 2810 982 2843 25
1001 2819 1125 2852 opusc.
1143 2809 1171 2843 t.
1189 2808 1232 2842 X.
1269 2809 1314 2843 Et
1339 2810 1382 2843 ut
1408 2809 1566 2854 legimus
1594 2809 1693 2854 apud
1720 2808 1947 2842 Rufinum

209 2860 253 2897 Η,
271 2860 312 2897 Ε.
331 2859 358 2901 Ι,
377 2863 399 2894 2
417 2861 455 2894 in
473 2872 571 2897 conc.
590 2862 637 2895 ni
650 2871 766 2896 caen
778 2874 798 2896 0
817 2862 1047 2907 protestatus
1066 2863 1140 2897 est:
1167 2862 1286 2901 ,Deus
1297 2872 1363 2896 vos
1377 2863 1600 2908 (episcopos)
1620 2862 1814 2896 constituit
1832 2872 1946 2895 sacer-

208 2913 312 2947 dotes
330 2915 369 2947 et
385 2916 609 2957 potestatem
627 2915 733 2949 vobis
751 2915 864 2956 dedit,
885 2915 929 2949 de
947 2915 1055 2948 nobis
1074 2925 1222 2960 quoque
1236 2915 1432 2960 judicandi
1450 2917 1487 2950 et
1503 2915 1586 2949 ideo
1604 2925 1669 2949 nos
1687 2926 1708 2948 a
1725 2914 1829 2949 vobis
1848 2917 1946 2948 recte

205 2966 451 3011 judicamur.‘
489 2967 540 3003 Cf.
558 2968 667 3012 plura
684 2968 782 3012 apud
800 2968 827 3002 F
839 2979 861 3002 a
873 2979 927 3002 cu
939 2980 961 3001 n
974 2968 1078 3001 dum
1106 2968 1288 3003 hermian.
1306 2968 1330 3004 l.
1352 2972 1393 3003 12
1421 2979 1486 3013 pro
1513 2967 1650 3003 defens.
1676 2967 1789 3001 trium
1817 2967 1947 3011 capit:

210 3017 566 3053 Bellarminum
583 3021 629 3054 de
643 3021 754 3054 verbo
768 3020 868 3055 Deil.
884 3023 906 3054 3
920 3031 950 3054 c.
965 3022 999 3055 7.
1013 3021 1133 3059 8;1.]
1157 3024 1222 3055 c.7
1241 3021 1286 3055 de
1301 3030 1393 3055 rom.
1408 3021 1557 3065 pontit:
1579 3019 1948 3054 Thomassinum

211 3071 296 3107 diss.
316 3073 358 3105 12
377 3071 422 3105 de
439 3082 538 3106 conc.
557 3085 592 3107 n.
611 3075 658 3108 43
675 3085 720 3107 ss.
