2175 3382
238 144 320 182 ἵης’,
653 135 771 168 Trnct.
794 134 852 168 IV.
871 132 916 167 de
936 133 1015 167 fide.
1035 132 1163 166 Thesis
1183 131 1355 166 LXXXV.
1374 130 1542 166 Rationis

353 260 448 299 496.
476 254 832 297 Demonstratio
850 266 895 307 p.
914 252 994 296 IV.
1018 251 1112 293 Jam
1127 262 1428 292 recenseamus
1451 250 1622 303 potiora
1645 261 1835 299 munera,
1859 261 1969 304 quae

238 327 388 368 rationi
413 327 523 366 circa
548 326 682 377 ipsam
707 324 829 364 Iidem
853 327 1109 376 competunt.
1153 321 1346 362 Rationis
1368 326 1432 362 est

359 400 397 441 l.
422 396 691 437 revelationis
714 395 1003 436 exsistentiam
1026 393 1279 446 investigare
1304 394 1360 444 (n.
1386 393 1457 447 15)
1490 391 1669 445 fideique
1694 391 1971 434 fundamenta

237 483 309 511 seu
336 468 603 509 revelationis
625 465 949 507 credibilitatem
971 464 1218 512 ostendere;
1241 462 1289 504 cf.
1312 463 1416 504 thes.
1441 466 1508 507 80.
1531 462 1617 513 „Ac
1638 463 1775 516 primo
1799 462 1970 516 quidem

238 539 515 593 philosophia,
547 538 681 590 inquit
702 537 803 577 Leo
827 536 926 577 XIII.
954 537 994 576 in
1020 535 1074 576 lit.
1098 535 1176 584 cit„
1208 535 1244 575 si
1274 534 1353 582 rite
1386 546 1411 575 a
1443 533 1710 587 sapientibus
1731 538 1970 586 usurpetur,

238 614 314 652 iter
345 610 399 651 ad
431 621 575 650 veram
604 609 727 649 [idem
751 606 1068 660 quodammodo
1091 610 1280 647 sternere
1303 610 1345 647 et
1366 606 1531 646 munire
1553 605 1677 654 valet,
1708 616 1970 658 suorumque

237 683 506 723 alumnorum
540 680 705 720 animos
738 678 791 719 ad
828 678 1131 719 revelationem
1163 675 1475 729 suscipiendam
1507 676 1811 717 convenienter
1846 686 1972 728 prae-

237 765 408 805 parare:
442 763 569 804 quam
602 750 656 791 ob
689 761 777 791 rem
810 762 835 790 a
868 748 1080 790 veteribus
1103 748 1230 789 modo
1253 748 1441 800 ,praevia
1463 747 1517 789 ad
1541 748 1819 789 christianam
1843 745 1969 788 fidem

237 824 453 864 institutio·
477 822 742 875 (Clemens
766 821 870 863 alex.
893 825 1037 862 strom.
1056 824 1092 868 1,
1119 823 1192 867 16;
1217 823 1254 867 7,
1277 819 1334 876 3),
1357 819 1484 860 modo
1508 819 1822 869 ‚christianismi
1843 829 1974 872 prae-

237 895 392 936 ludium
420 899 461 935 et
483 894 697 934 auxilium‘
721 890 1002 948 (Origenes
1025 891 1079 932 ad
1102 889 1222 944 Greg.
1245 891 1500 944 Thaumat.)‚
1531 890 1660 932 modo
1692 889 1759 940 ‚ad
1780 889 1972 942 Evange-

237 967 335 1006 lium
362 965 643 1018 paedagogus·
667 964 934 1019 (Clemens
966 963 1016 1007 al.
1039 963 1062 1006 l.
1086 975 1118 1003 c.
1147 965 1181 1012 1,
1205 963 1248 1018 5)
1281 975 1367 1004 non
1399 962 1612 1004 immerito
1636 960 1850 1015 appellata
1871 965 1973 1002 est.“

237 1035 293 1079 Cf.
319 1036 604 1088 Hettinger
625 1035 639 1075 I
662 1035 759 1078 diss.
788 1036 850 1078 12.

355 1108 394 1151 2.
423 1107 614 1148 Rationis
646 1111 710 1147 est
740 1107 941 1147 veritates
971 1105 1183 1146 revelatas
1214 1105 1374 1146 notitiis
1406 1104 1707 1146 consentaneis
1729 1103 1972 1156 apprehen-

238 1179 337 1219 dere
361 1178 579 1231 (revelatio
604 1179 717 1218 enim
738 1177 895 1218 nostris
917 1176 1102 1229 loquitur
1123 1176 1274 1225 verbis,
1300 1176 1398 1216 hinc
1420 1176 1577 1217 nostris
1600 1175 1731 1216 utitur
1753 1174 1971 1226 concepti-

240 1250 347 1301 bus).
379 1249 491 1302 quod
526 1249 718 1301 exemplo
753 1249 933 1289 illustrat
964 1248 1302 1300 Augustinus
1336 1246 1527 1288 scribens
1561 1246 1614 1288 de
1647 1245 1758 1287 Trin.
1792 1244 1893 1293 VIII,
1926 1247 1974 1290 8:

238 1320 481 1363 ..Credimus
513 1320 656 1361 Jesum
681 1319 893 1360 Christum
928 1324 1076 1360 natum
1111 1319 1162 1360 de
1196 1317 1378 1370 Virgine,
1413 1330 1523 1371 quae
1555 1317 1692 1358 Maria
1725 1315 1972 1360 vocabatur.

239 1391 345 1443 Quid
369 1393 419 1432 sit
444 1396 586 1432 autem
609 1392 737 1442 virgo.
761 1390 861 1443 quid
883 1391 936 1431 sit
957 1390 1087 1439 nasci,
1110 1389 1209 1442 quid
1232 1390 1285 1430 sit
1307 1401 1464 1430 nomen
1487 1389 1706 1441 proprium
1728 1400 1816 1429 non
1838 1386 1973 1428 credi-

239 1476 344 1504 mus.
380 1463 453 1503 sed
489 1474 662 1514 prorsus
696 1461 929 1502 novimus-⁶
972 1460 1077 1501 Hinc
1107 1473 1138 1504 s.
1171 1460 1401 1500 Thomas
1433 1463 1470 1504 2.
1504 1463 1529 1503 2
1562 1472 1598 1512 q.
1633 1462 1658 1503 8
1692 1470 1728 1499 a.
1756 1462 1781 1503 8
1805 1458 1972 1499 statuit:

238 1533 384 1582 ..Fides
407 1545 493 1574 non
516 1538 655 1585 potest
676 1532 972 1573 universaliter
993 1531 1250 1584 praecedere
1272 1530 1542 1571 intellectum.
1570 1528 1667 1571 Non
1690 1529 1803 1571 enim
1826 1532 1975 1582 posset

239 1606 367 1646 homo
391 1605 598 1646 assentire
622 1603 833 1644 credendo
858 1602 1066 1656 aliquibus
1088 1602 1326 1655 propositis,
1359 1602 1439 1643 nisi
1470 1613 1523 1642 ea
1554 1601 1794 1654 aliqualiter
1820 1599 1974 1641 intelli-

238 1682 388 1729 geret.‘·
432 1674 489 1717 Cf.
513 1674 796 1716 Scheeben
818 1674 980 1715 Handb.
1004 1675 1025 1729 ξ
1047 1677 1115 1717 47.

355 1748 396 1790 3.
421 1747 614 1787 Rationis
647 1751 710 1786 est
740 1746 941 1786 veritates
964 1745 1174 1786 revelatas
1197 1749 1294 1797 apte
1318 1744 1543 1796 disponere
1566 1748 1694 1796 atque
1725 1743 1768 1783 in
1799 1742 1976 1783 concin-

237 1833 337 1860 num
361 1819 551 1870 redigere
574 1817 787 1864 ordinem;
819 1818 917 1858 hinc
947 1821 1054 1858 teste
1080 1817 1259 1858 historia
1281 1816 1518 1869 theologiae
1540 1816 1731 1857 literaria
1755 1827 1975 1868 nunquam

238 1890 406 1931 defuere
430 1890 507 1930 viri
538 1889 662 1930 docti.
695 1890 766 1941 qui
797 1888 889 1929 illas
920 1892 1017 1941 apte
1041 1888 1277 1939 digererent
1300 1892 1426 1940 atque
1449 1887 1503 1928 ad
1526 1887 1826 1928 harmonicum
1849 1898 1975 1927 revo-

238 1967 384 2002 carent
406 1966 602 2014 systema.
647 1959 703 2002 Cf.
736 1959 1004 2012 Kleutgen
1024 1958 1072 2001 V.
1095 1959 1132 1999 d.
1157 1962 1202 2007 5;
1235 1957 1530 1999 Gutberlet
1551 1958 1704 2000 Lehrb.
1728 1957 1761 1998 II
1783 1970 1814 1998 s.
1839 1961 1864 2001 3
1889 1958 1911 2012 ἓ
1936 1960 1976 2000 7.

356 2033 398 2075 4.
424 2032 647 2073 Rationem
663 2043 788 2083 posse
802 2031 1020 2083 multiplici
1034 2030 1231 2082 analogia
1247 2030 1310 2071 vel
1324 2030 1426 2082 ipsis
1447 2029 1658 2082 mysteriis
1678 2029 1818 2070 lucem
1840 2027 1976 2069 affun-

239 2105 337 2145 dere
361 2104 560 2145 discimus
583 2104 742 2156 pariter
773 2114 823 2143 ex
855 2102 1006 2143 eadem
1036 2102 1224 2142 historia.
1266 2101 1512 2142 Inductione
1536 2101 1650 2141 enim
1675 2104 1856 2149 constat,
1878 2099 1974 2140 nul-

236 2176 323 2217 lum
347 2187 439 2216 esse
463 2175 721 2227 mysterium.
754 2173 868 2226 quod
898 2178 1041 2226 patres
1073 2178 1114 2214 et
1144 2173 1329 2225 theologi
1351 2174 1495 2213 conati
1525 2184 1615 2213 non
1646 2175 1745 2212 sunt
1766 2170 1976 2223 analogiis

239 2247 438 2287 derivatis
461 2258 511 2286 ex
535 2246 741 2286 creaturis
763 2245 984 2294 illustrare,
1016 2244 1208 2296 adeoque
1240 2243 1368 2285 fuisse
1400 2255 1529 2296 saepe
1561 2243 1604 2283 in
1636 2243 1686 2283 iis
1708 2241 1975 2283 inveniendis

240 2317 391 2365 felices,
412 2323 457 2358 ut
480 2317 650 2357 occasio
672 2316 885 2357 nonnullis
908 2316 1143 2357 exstiterint
1165 2316 1333 2362 erroris,
1369 2315 1439 2368 qui
1461 2315 1759 2366 analogiarum
1781 2312 1877 2353 luce
1899 2312 1974 2353 de-

240 2389 349 2440 cepti
371 2388 449 2429 sibi
472 2388 769 2440 persuaserint.
803 2388 1004 2440 mysteria
1026 2388 1091 2428 vel
1113 2387 1398 2428 demonstrari
1420 2386 1486 2427 vel
1508 2384 1814 2438 comprehendi
1835 2395 1976 2437 posse.

239 2459 459 2507 „Humana
482 2460 602 2507 ratio,
634 2460 767 2511 inquit
798 2472 828 2502 s.
851 2458 1082 2499 Thomas
1103 2457 1126 2498 l.
1154 2463 1174 2501 1
1199 2462 1348 2498 contra
1371 2462 1479 2509 gent.
1503 2469 1537 2497 c.
1562 2460 1600 2501 S.
1634 2456 1689 2496 ad
1711 2467 1974 2507 cognoscen-

240 2531 338 2571 dam
362 2530 455 2571 fidei
487 2531 720 2578 veritatem,
753 2542 861 2582 quae
892 2530 1030 2571 solum
1051 2528 1290 2570 videntibus
1313 2528 1498 2569 divinam
1525 2527 1811 2569 substantiam
1834 2530 1976 2579 potest

241 2613 334 2642 esse
359 2602 591 2649 notissima,
623 2601 681 2641 ita
712 2613 756 2641 se
789 2600 929 2646 habet,
961 2600 1073 2653 quod
1100 2600 1154 2641 ad
1176 2612 1272 2641 eam
1294 2605 1434 2652 potest
1455 2599 1606 2652 aliquis
1627 2611 1752 2639 veras
1776 2597 1974 2638 similitu-

241 2672 360 2712 dInes
375 2671 591 2723 colligere:
616 2683 724 2724 quae
747 2678 890 2712 tamen
911 2684 999 2712 non
1018 2671 1230 2712 sufficiunt
1251 2671 1305 2712 ad
1326 2671 1420 2719 hoc,
1443 2670 1556 2723 quod
1578 2669 1797 2722 praedicta
1817 2669 1976 2710 veritas

240 2743 362 2796 quasi
384 2743 715 2783 demonstrative
741 2743 807 2783 vel
838 2755 913 2795 per
944 2754 988 2784 se
1019 2743 1232 2784 intellecta
1254 2741 1654 2794 comprehendatur.
1698 2739 1805 2781 Utile
1827 2743 1974 2780 tamen

241 2818 315 2862 est,
346 2818 391 2853 ut
422 2813 465 2853 in
494 2813 786 2868 hujusmodi1)
819 2813 1054 2855 rationibus
1085 2818 1461 2866 quantumcunque
1484 2811 1692 2853 debilibus
1715 2821 1762 2852 se
1783 2811 1976 2851 humana

388 2950 412 2995 ¹)
429 2948 482 2983 De
510 2949 531 2982 d
544 2959 562 2982 e
574 2961 609 2981 m
622 2959 640 2982 o
653 2960 677 2981 n
689 2960 703 2981 s
716 2950 731 2981 t
742 2960 758 2981 r
769 2950 814 2981 ai
829 2949 870 2981 io
882 2960 907 2981 n
919 2959 936 2981 e
966 2959 1050 2982 vero
1081 2948 1296 2994 dogmatum
1324 2959 1366 2982 ex
1392 2947 1535 2981 ratione
1561 2946 1615 2980 ita
1643 2945 1775 2980 statuit
1803 2944 1932 2986 Quodl.
1952 2947 1974 2978 3

242 3015 274 3037 a.
294 3007 336 3038 31
354 3017 360 3036 :
382 3003 469 3042 ,Est
487 3004 612 3036 antem
631 3001 737 3035 valde
757 3001 969 3035 cavendum.
996 3012 1042 3035 ne
1071 3002 1154 3045 quis
1171 3001 1218 3035 ad
1237 3012 1289 3041 ea,
1318 3012 1412 3044 quae
1431 3000 1515 3034 fidei
1535 3002 1633 3041 sunt,
1664 3000 1808 3043 aliquas
1827 2997 1974 3031 demon-

241 3058 436 3091 strationes
455 3056 635 3090 adducere
652 3059 864 3099 praesumat
883 3057 1034 3099 propter
1053 3056 1136 3088 duo.
1172 3054 1294 3089 Primo
1313 3054 1473 3098 quidem,
1493 3054 1581 3097 quia
1596 3053 1636 3087 in
1653 3053 1724 3087 hoc
1741 3052 1895 3097 derogat
1912 3061 1972 3085 ex-

241 3111 432 3144 cellentiae
450 3109 546 3149 fidei,
575 3108 675 3153 cujus
702 3110 849 3148 veritas,
868 3118 1010 3142 omnem
1044 3109 1224 3143 rationem
1253 3108 1451 3142 humanam
1484 3107 1628 3141 excedit
1654 3106 1854 3140 secundum
1879 3104 1975 3138 illud
