2175 3382
703 121 917 156 et’ficiendae
934 120 1089 154 unitatis
1108 119 1389 154 ecclesiasticae.
1828 121 1911 162 347

302 242 342 285 1.
374 242 410 282 si
430 246 596 282 tantum
618 240 693 281 fuit
715 239 827 292 apud
849 238 1061 280 Christum
1083 238 1255 278 unitatis
1277 237 1458 289 pretium
1481 242 1607 288 atque
1631 240 1911 283 momentum,

181 317 228 354 ut
248 312 429 353 voluerit
450 311 557 352 illius
580 311 755 352 tutelam
777 310 843 351 vel
865 311 907 350 in
929 307 1254 361 particularibus
1276 307 1465 348 ecclesiis
1488 307 1759 347 commissam
1784 317 1913 358 prae-

180 383 328 435 positis
358 381 652 434 singularibus,
683 392 943 434 quamquam
968 378 1227 431 impossibile
1262 390 1350 419 non
1381 378 1444 424 sit,
1476 378 1680 418 unitatem
1706 376 1914 418 ecclesiae

178 453 447 505 particularis
469 464 544 505 per
565 451 912 505 presbyterorum
934 455 1104 491 coetum
1126 460 1407 498 conservare,
1430 453 1589 500 quanto
1613 448 1747 499 magis
1770 447 1915 488 existi-

179 524 384 565 mandum
407 525 496 573 erit,
527 535 625 565 eum
646 523 897 571 decrevisse,
928 527 973 563 ut
1005 522 1216 562 catholica
1237 521 1391 567 unitas,
1424 531 1533 572 quae
1559 518 1692 568 magis
1716 517 1853 558 adhuc
1878 517 1916 557 ei

180 595 299 636 cordi
322 599 397 644 est,
419 594 647 635 universali
669 593 914 635 crederetur
936 593 1125 634 antistiti.
1168 591 1311 644 quue
1334 603 1470 642 magls

297 667 340 709 2.
362 665 476 719 quod
497 665 638 706 unitas
661 664 872 705 catholica
897 665 1008 717 Jugis
1040 662 1134 704 esse
1165 663 1292 703 debet
1323 667 1449 714 atque
1473 665 1698 713 perpetua;
1730 659 1910 710 ideoque

176 736 265 789 jugi
287 741 416 789 atque
437 740 641 789 perpetuo
663 736 869 776 instructa
900 736 954 776 sit
983 746 1158 776 11606556
1191 738 1255 775 651
1286 733 1425 773 medio
1449 731 1646 784 quodque
1670 742 1837 782 semper
1868 730 1910 768 in

180 811 380 860 promptu
402 808 464 848 sit.
501 807 628 860 Atqui
649 818 700 847 ex
722 807 899 847 historia
921 806 1050 859 liquet
1071 817 1290 858 nunquam
1313 804 1440 844 fuisse
1462 805 1762 855 permanentes
1785 811 1915 853 syno-

181 877 260 919 dos
281 878 555 925 universales,
579 882 706 930 atque
729 889 780 918 ex
802 889 945 918 rerum
964 876 1128 917 naturis
1141 880 1270 928 patet,
1293 886 1366 915 eas
1389 876 1689 926 permanentes
1712 882 1805 911 esse
1828 882 1917 910 non

180 960 327 1001 posse;
349 961 428 990 nec
450 948 571 989 facile
593 960 719 1000 posse
743 948 809 989 vel
828 947 1002 989 easdem
1017 947 1266 998 congregari
1288 945 1353 986 vel
1376 944 1526 985 saltem
1549 944 1593 983 in
1615 941 1917 983 controversiis

181 1020 345 1060 consuli
366 1024 535 1060 coetum
558 1019 855 1071 episcoporum
878 1030 953 1071 per
975 1018 1124 1059 orbem
1147 1018 1395 1069 dispersum.
1439 1014 1548 1066 Quid
1571 1026 1672 1055 vero

300 1090 340 1134 3.
362 1091 398 1131 si
419 1091 499 1143 ipsi
520 1091 629 1131 inter
651 1101 696 1131 se
719 1089 970 1130 dissentiant
991 1088 1189 1141 episcopi,
1213 1087 1327 1140 quod
1349 1098 1453 1127 sane
1477 1085 1566 1126 fieri
1589 1085 1759 1137 potest?
1787 1082 1916 1124 Care-

181 1159 241 1201 bit
263 1165 364 1202 tunc
386 1160 576 1202 Ecclesia
597 1161 770 1201 unitatis
792 1160 1010 1213 principio,
1034 1159 1204 1212 quando
1229 1171 1357 1212 quam
1379 1158 1565 1198 maxime
1588 1155 1658 1196 illo
1683 1160 1787 1206 eget.

299 1232 343 1275 4.
366 1231 556 1284 Denique
570 1233 660 1284 ipse
673 1237 893 1284 pastorum
908 1235 1067 1279 coetus,
1089 1235 1135 1271 ut
1156 1231 1209 1270 sit
1230 1242 1339 1270 unus
1363 1241 1413 1269 60
1435 1227 1612 1280 proinde
1636 1226 1689 1266 ad
1710 1226 1917 1266 unitatem

182 1301 448 1343 efficiendam
470 1315 558 1355 par,
585 1307 678 1354 eget
698 1303 872 1343 unitatis
895 1306 1041 1342 centro
1074 1306 1115 1342 et
1146 1301 1300 1342 radice.
1344 1299 1505 1352 Aliquis
1528 1298 1640 1339 enim
1664 1308 1758 1338 esse
1781 1295 1918 1337 debet,

183 1373 254 1425 qui
282 1373 379 1426 jure
415 1379 456 1414 et
490 1375 744 1414 auctoritate
778 1373 895 1414 illum
928 1384 1168 1413 convocare
1191 1372 1324 1424 possit
1347 1376 1388 1412 et
1411 1373 1629 1418 convocet,
1665 1367 1915 1421 praesertim

183 1455 280 1484 cum
303 1443 355 1484 de
376 1444 459 1485 hoc
489 1444 592 1485 nihil
623 1457 649 1485 a
671 1443 837 1485 Christo
861 1444 985 1484 fuerit
1005 1444 1339 1496 praescriptum:
1373 1442 1443 1495 qui
1474 1441 1531 1481 illi
1563 1439 1815 1492 praesideat.
1849 1439 1919 1490 qui

183 1515 354 1565 negotia
375 1514 612 1556 dirimenda
633 1520 858 1568 proponat,
883 1515 1153 1555 decretorum
1176 1514 1495 1554 exsecutionem
1519 1515 1667 1563 urgeat
1690 1514 1766 1550 etc.

304 1599 401 1641 335·
423 1598 590 1641 TheSiS
622 1598 817 1641 LXVII·
861 1613 1106 1655 Reliquum
1146 1613 1293 1653 mitur
1328 1614 1406 1651 est,
1440 1613 1491 1643 ut
1525 1610 1598 1648 ‘jus
1625 1607 1921 1649 officiumque

182 1672 437 1706 servandae
463 1674 752 1714 tuendaeque
787 1672 1040 1705 catholicae
1076 1672 1272 1705 *unitatis
1301 1671 1479 1711 factum
1509 1669 1732 1703 divinitus
1759 1666 1920 1699 ereda-

183 1733 264 1764 ίαν
288 1730 527 1772 sinyulam·
552 1731 739 1766 cuidam
763 1732 961 1773 pastori,
988 1731 1061 1764 cui
1087 1730 1225 1763 ceteri
1251 1738 1408 1763 omnes
1433 1728 1623 1761 obnoxii
1647 1727 1753 1760 sint.

304 1798 680 1842 Demonstrat-io.
722 1798 812 1840 Hoc
834 1799 1047 1840 corollarii
1070 1798 1197 1839 modo
1221 1798 1411 1850 sequitur
1433 1809 1485 1837 ex
1508 1795 1651 1835 dictis:
1675 1793 1921 1834 confirmari

183 1880 356 1921 insuper
376 1873 517 1921 potest
538 1870 793 1922 conjecturis
815 1874 856 1910 et
877 1869 1115 1910 rationibus
1139 1869 1254 1909 haud
1277 1867 1542 1920 spernendis.

304 1940 343 1983 l.
367 1937 593 1992 synagoga
615 1939 827 1981 Ecclesiae
859 1945 983 1993 typus
1014 1951 1275 1993 quamquam
1307 1939 1454 1979 codice
1486 1937 1675 1989 pleniore
1708 1935 1921 1983 utebatur,

184 2011 306 2052 novis
336 2011 380 2051 in
409 2010 499 2051 dies
531 2011 861 2052 revelationibus
884 2011 1153 2052 edocebatur.
1187 2009 1415 2062 regebatur
1437 2008 1649 2055 divinitus,
1677 2019 1762 2048 uno
1786 2018 1916 2058 regno

184 2081 412 2123 constabat
432 2094 603 2134 unoque
625 2082 795 2134 popuIO,
826 2081 914 2123 Deo
946 2082 1115 2123 volente
1147 2094 1233 2122 uno
1270 2091 1524 2132 summoque
1547 2078 1699 2120 visibili
1721 2076 1919 2130 pontifice

184 2165 272 2193 non
286 2153 431 2194 caruit.
454 2152 673 2205 Conjicere
688 2164 787 2204 ergo
802 2153 910 2202 licet,
925 2164 1063 2206 neque
1075 2152 1307 2193 Ecclesiam
1319 2162 1487 2192 summo
1500 2149 1725 2190 hierarcha
1738 2148 1921 2190 destitui.

303 2224 346 2267 2.
371 2222 560 2265 Christus
586 2222 819 2264 Ecclesiam
850 2225 1009 2276 passim
1040 2223 1204 2264 confert
1234 2222 1343 2270 ovili,
1375 2221 1555 2273 corpori,
1587 2231 1730 2271 regno,
1762 2218 1914 2271 quibus

184 2294 388 2347 symbolis
410 2293 689 2335 adumbratur
710 2295 908 2344 societas,
931 2295 999 2335 cui
1020 2307 1130 2335 unus
1152 2298 1322 2346 praeest
1344 2291 1624 2345 praepositus.

304 2367 346 2408 3.
381 2364 483 2405 Illud
516 2364 730 2406 Ecclesiae
762 2366 951 2416 regimen
985 2364 1199 2406 Christum
1232 2363 1483 2416 praetulisse
1518 2362 1668 2402 merito
1688 2365 1920 2408 censetur,

185 2436 299 2489 quod
319 2447 422 2488 prae
444 2436 596 2477 ceteris
618 2440 905 2489 opportunum
928 2441 1054 2489 atque
1077 2435 1225 2476 efficax
1259 2439 1322 2475 est
1344 2434 1398 2475 ad
1420 2434 1627 2474 unitatem
1650 2431 1915 2473 efficiendam

185 2507 620 2560 conservandamque.
662 2506 836 2548 Attenta
867 2511 1010 2548 autem
1040 2506 1258 2546 hominem
1290 2506 1534 2546 conditione
1570 2508 1611 2544 et
1641 2502 1781 2543 indole
1812 2513 1916 2554 prae

185 2577 337 2618 ceteris
358 2577 505 2618 formis
527 2582 673 2630 aptum
695 2581 759 2618 est
781 2581 906 2630 atque
929 2575 1077 2617 efficax
1099 2578 1286 2628 regimen
1310 2587 1533 2616 monarc
1547 2575 1740 2615 hicum.

304 2646 417 2689 Sane
447 2661 488 2692 a.
519 2649 601 2689 hoc
630 2660 718 2689 non
748 2647 886 2688 solum
916 2651 1070 2700 patreS,
1103 2646 1177 2687 sed
1209 2652 1250 2688 et
1281 2651 1448 2687 veteres
1480 2645 1721 2698 philosophi
1743 2644 1920 2685 docent:

184 2719 268 2759 hoc
289 2720 337 2762 b.
360 2718 635 2760 confirmatur
656 2719 910 2760 auctoritate
932 2717 1086 2766 divina,
1109 2729 1205 2758 cum
1228 2717 1328 2758 illud
1342 2717 1454 2758 Deus
1469 2716 1641 2768 elegerit
1655 2727 1732 2768 pro
1747 2714 1917 2755 familia.

185 2801 262 2842 pro
276 2801 493 2843 synagoga
514 2794 557 2830 et
577 2794 786 2842 quatenus
801 2793 893 2830 erat
906 2788 1088 2829 societas
1101 2787 1297 2840 religiosa
1319 2793 1361 2829 et
1382 2791 1592 2840 quatenus
1614 2791 1706 2828 erat
1727 2786 1909 2826 societas

186 2859 376 2912 politica3
406 2860 508 2901 illud
529 2860 652 2912 elegit
673 2860 802 2901 etiam
833 2860 876 2900 in
908 2858 1055 2900 ordine
1079 2858 1318 2906 mundano;
1351 2858 1464 2910 quod
1497 2858 1650 2898 mirum
1672 2856 1803 2897 videri
1827 2867 1913 2895 non

187 2930 324 2980 debet,
355 2942 452 2971 cum
483 2931 590 2972 haec
610 2931 824 2983 regiminis
846 2930 982 2971 forma
1004 2930 1244 2981 expressius
1267 2929 1493 2970 adumbret
1514 2939 1691 2981 regnum
1714 2927 1918 2967 divinum.

186 3001 277 3043 Hoc
299 3001 507 3054 colligitur
537 3014 578 3046 e.
612 3013 663 3042 ex
692 3001 948 3049 inductione,
979 3011 1076 3040 cum
1106 2999 1371 3052 respublicae
1394 3000 1477 3040 sint
1498 3010 1634 3047 rarae,
1665 2996 1914 3037 monarchia

186 3083 288 3113 vero
311 3071 398 3112 fere
419 3071 574 3124 ubique
587 3072 764 3124 viguerit
778 3072 1019 3123 vigeatque3
1043 3070 1156 3123 quod
1178 3070 1335 3111 factum
1360 3070 1509 3111 saltem
1534 3068 1695 3116 suadet,
1717 3067 1828 3107 hanc
1851 3077 1918 3106 re-
