2175 3382
209 162 294 201 503
646 154 764 187 'fruct
786 152 846 188 lV.
866 151 910 185 de
929 152 1010 186 fide.
1029 151 1171 196 Duplex
1191 150 1393 184 veritatum
1412 150 1511 186 ordo.

210 292 284 317 res.
310 289 407 325 quae
430 276 476 313 ad
500 276 613 312 tidem
637 275 851 323 pertinent,
876 276 1041 322 occupet
1073 275 1191 321 atque
1213 272 1432 321 perturbet,
1465 284 1552 309 cum
1585 271 1794 310 certissimi
1824 270 1950 309 omni-

210 338 365 385 busque
389 335 581 372 notissimi
603 334 683 371 sint
706 335 814 378 fines,
852 334 959 370 ultra
981 344 1080 381 quos
1103 332 1203 369 ratio
1226 344 1429 380 nunquam
1453 343 1524 368 suo
1541 331 1632 380 jure
1654 333 1716 368 est
1745 328 1953 380 progressa

212 397 273 433 vel
295 394 476 444 progredi
511 396 679 442 potest.‘
724 393 774 430 Et
804 392 933 430 citatis
965 391 1083 429 variis
1107 391 1330 440 Scripturas
1352 390 1476 427 effatis
1497 390 1770 439 prosequitur:
1806 389 1952 434 ‚Hisce

211 455 374 502 aliisque
410 454 488 490 fere
524 452 741 489 innumeris
775 451 922 488 divinis
957 450 1124 498 eloquiis
1159 450 1407 487 inhaerentes
1441 461 1489 487 ss.
1522 452 1652 498 patres
1686 449 1726 486 in
1761 448 1954 486 Ecclesiae

209 514 386 551 doctrina
408 512 597 549 tradenda
631 511 877 549 continenter
911 510 1156 559 distinguere
1191 510 1382 546 curarunt
1412 521 1542 546 rerum
1578 507 1802 545 divinarum
1825 507 1954 546 notio-

210 586 313 617 nem,
337 584 438 620 quae
460 571 652 608 naturalis
674 569 962 619 intelligentiae
985 569 1023 606 vi
1047 568 1230 606 omnibus
1253 570 1311 605 est
1333 567 1562 612 communis,
1587 567 1635 604 ab
1650 566 1809 604 illarum
1821 579 1954 604 rerum

210 631 364 674 notitia,
402 643 500 679 quae
522 623 592 679 pei·
615 629 806 678 Spiritum
829 631 1010 665 sanctum
1032 627 1106 664 fide
1129 627 1365 676 suscipitur:
1399 628 1438 663 et
1469 628 1692 664 constanter
1723 626 1953 672 docuerunt,

210 704 281 739 per
303 691 400 727 hanc
423 702 467 727 ea
488 689 601 726 nobis
624 689 664 725 in
689 688 838 725 Christo
853 686 1019 724 revelari
1035 686 1232 735 mysteria,
1257 698 1355 734 quae
1370 698 1448 723 non
1462 686 1589 723 solum
1603 685 1810 722 humanam
1825 684 1953 734 philo-

213 749 402 798 sophiam.
427 761 562 785 verum
586 748 704 784 etiam
728 747 941 795 angelicam
959 745 1184 783 naturalem
1198 745 1503 794 intelligentiam
1516 745 1812 790 transcendunt,
1835 756 1955 792 quae—

212 822 288 857 que
312 808 469 845 etiamsi
491 807 623 843 divina
646 806 884 844 revelatione
907 805 1156 842 innotuerint
1177 807 1217 841 et
1239 804 1327 853 ipsa
1350 804 1424 841 fide
1447 804 1596 841 fuerint
1609 805 1800 852 suscepta,
1822 805 1961 840 tamen

211 880 317 905 sacro
354 867 479 904 adhuc
502 865 625 914 ipsius
658 865 747 902 fidei
779 865 864 902 velo
896 866 1000 901 tecta
1031 866 1071 901 et
1102 864 1266 901 obscura
1297 863 1464 913 caligine
1496 863 1684 901 obvoluta
1711 864 1954 912 permanent,

208 927 401 975 quamdiu
424 926 464 962 111
488 926 557 962 hac
578 925 735 962 mortali
757 924 839 961 vita
860 924 1159 973 peregrinamur
1189 936 1210 960 a
1233 923 1408 960 Domino.
1451 922 1505 959 Ex
1538 922 1597 960 his
1619 921 1802 959 omnibus
1833 923 1953 971 patet,

210 986 378 1023 alienam
415 985 573 1021 omnino
609 996 693 1021 esse
728 997 749 1020 a
785 983 998 1020 catholicae
1020 982 1213 1019 Ecclesiae
1248 982 1426 1019 doctrina
1459 981 1706 1026 sententiam,
1741 993 1820 1029 qua
1851 981 1955 1018 idem

213 1044 531 1082 Frohschammer
543 1055 712 1080 asserere
724 1054 801 1079 non
813 1042 982 1086 dubitat,
996 1042 1125 1078 omnia
1147 1040 1493 1078 indiscriminatim
1508 1040 1742 1078 christianae
1755 1038 1957 1090 religionis

213 1104 398 1153 dogmata
420 1115 502 1140 esse
525 1103 721 1150 objectum
743 1101 936 1138 naturalis
960 1101 1143 1138 scientiae
1178 1113 1249 1138 seu
1269 1099 1550 1149 philosophiae,
1583 1102 1623 1137 et
1652 1100 1864 1136 humanam
1893 1111 1956 1136 ra-

212 1164 359 1200 tionem
383 1162 567 1199 historice
590 1164 748 1198 tantum
771 1161 976 1206 excultam,
1009 1160 1124 1197 modo
1146 1160 1239 1197 haec
1260 1160 1443 1208 dogmata
1474 1159 1549 1208 ipsi
1580 1159 1724 1197 rationi
1754 1160 1957 1207 tamquam

210 1222 410 1271 objectum
433 1221 636 1269 proposita
658 1219 823 1265 fuerint,
847 1232 960 1268 posse
982 1232 1026 1256 ex
1051 1221 1132 1256 suis
1154 1219 1404 1256 naturalibus
1435 1218 1587 1256 viribus
1618 1223 1658 1255 et
1680 1217 1887 1266 principiis
1908 1216 1957 1255 ad

212 1294 342 1318 veram
379 1280 424 1317 de
457 1280 638 1317 omnibus
671 1280 788 1316 etiam
825 1278 1155 1316 reconditioribus
1189 1278 1442 1328 dogmatibus
1474 1277 1680 1315 scientiam
1711 1277 1956 1326 pervenire.‘

211 1341 266 1377 Cf.
290 1341 375 1387 ejus
398 1340 555 1376 allocut.
583 1346 619 1378 9.
641 1339 729 1376 Dec.
758 1344 888 1382 1854;
923 1339 1047 1375 Breve
1070 1338 1117 1375 ad
1141 1338 1243 1374 card.
1266 1337 1525 1374 coloniensem
1555 1344 1616 1378 15.
1639 1337 1733 1374 Jun.
1761 1342 1882 1381 1857,
1915 1335 1958 1373 in

213 1412 291 1448 quo
314 1399 418 1436 hunc
440 1410 611 1435 errorem
647 1398 746 1435 dicit
778 1409 891 1446 saepe
922 1410 943 1434 a
974 1397 1062 1434 sede
1094 1397 1309 1446 apostolica
1339 1396 1589 1440 damnatum3
1622 1396 1680 1433 lit.
1712 1395 1759 1432 ad
1791 1395 1958 1444 archiep.

212 1470 361 1496 monac.
391 1463 454 1497 21.
479 1458 566 1494 Der.
597 1463 726 1501 18633
753 1468 856 1494 conc.
879 1456 1099 1493 coloniense
1122 1457 1184 1493 tit.
1214 1464 1226 1496 1
1256 1468 1336 1504 cap.
1363 1462 1407 1500 63
1431 1455 1691 1505 Kleutgen
1713 1455 1737 1492 l.
1753 1467 1783 1492 c.
1805 1454 1903 1503 disp.
1920 1461 1957 1495 5.

216 1516 297 1560 {6-
324 1524 343 1555 Τ
371 1519 410 1554 et
438 1524 500 1562 11,
524 1516 593 1553 ubi
614 1516 968 1565 Augustinum
991 1517 1031 1552 et
1050 1515 1358 1561 Anselmum‚
1390 1514 1438 1552 ad
1460 1527 1556 1563 quos
1578 1513 1794 1552 adversarii
1816 1525 1956 1562 provo-

215 1578 413 1620 caverant,
438 1575 605 1623 explicat
627 1577 665 1612 et
686 1577 835 1612 tuetur.

331 1647 429 1688 489.
451 1642 511 1683 Ex
533 1636 684 1696 quibus
715 1641 942 1683 manifesto
976 1642 1252 1694 consequitur
1283 1642 1567 1682 revelationem
1599 1641 1872 1682 christianam
1895 1642 1957 1682 ita

212 1715 420 1769 complecti
442 1715 653 1769 mysteria,
676 1718 719 1754 ut
742 1728 788 1755 ea
811 1725 899 1754 non
921 1713 1061 1753 solum
1084 1713 1202 1754 initio
1228 1713 1534 1765 superaverint,
1557 1724 1644 1753 non
1667 1711 1805 1763 solum
1827 1711 1956 1753 modo

213 1785 423 1827 excedant
444 1785 621 1825 rationis
644 1788 836 1837 captum:
873 1784 947 1824 sed
971 1785 1099 1824 etiam
1122 1784 1193 1833 ita,
1215 1788 1262 1824 ut
1284 1784 1399 1825 nulla
1424 1797 1607 1838 unquam
1630 1784 1809 1824 rationis
1831 1783 1959 1837 expli-

213 1857 559 1910 cationejuqe'que
582 1855 760 1909 cultura,
786 1855 989 1908 quamdiu
1012 1855 1054 1895 in
1077 1855 1202 1896 terris
1224 1854 1426 1907 degimus,
1450 1856 1842 1896 naturaliacmnine
1856 1855 1959 1905 dete<

209 1931 371 1981 901110)-
385 1926 635 1979 detectaque
651 1926 998 1967 demonstrentur
1019 1925 1087 1967 vel
1108 1925 1339 1966 intellectui
1353 1926 1499 1978 pervia
1515 1925 1760 1975 reddantur,
1782 1925 1960 1978 proinde

215 1999 418 2052 mysteria
441 1997 714 2047 absoluta,
737 2009 847 2050 quae
869 1997 1033 2038 tamdiu
1056 2002 1154 2038 sunt
1177 1997 1390 2050 mysteria,
1414 1996 1619 2050 quamdiu
1640 1996 1684 2036 in
1698 1996 1822 2037 terris
1844 1996 1961 2049 degi-

215 2082 321 2118 mus,
346 2068 549 2121 quamdiu
582 2068 694 2120 viget
724 2068 930 2109 revelatio
963 2068 1208 2118 christiana,
1239 2079 1433 2121 quaeque
1464 2072 1669 2120 superant
1699 2071 1872 2125 captum
1894 2056 1960 2108 1οέ

214 2140 407 2181 1011001115
430 2139 496 2180 vel
518 2138 707 2191 angelici,
730 2143 776 2179 ut
798 2139 911 2180 clare
934 2139 1158 2180 docentem
1181 2139 1311 2180 modo
1335 2139 1573 2180 audivimus
1596 2126 1833 2181 Pium'IX.

333 2214 431 2254 490.
455 2211 743 2254 Corollaria.
770 2209 1169 2264 chplex‘veritatum
1196 2211 1375 2251 01010.-
1391 2209 1447 2250 Ex
1467 2210 1532 2250 his
1554 2210 1761 2262 colligitur
1775 2211 1813 2254 1.
1826 2209 1962 2262 duplie

215 2294 309 2323 cem
333 2281 640 2322 admittendum
671 2293 765 2322 esse
796 2281 989 2322 ordinem
1012 2281 1251 2329 veritatum,
1286 2281 1467 2322 alterum
1499 2280 1783 2331 rationalium,
1814 2292 1963 2333 super-

216 2353 485 2393 rationalium
499 2351 676 2392 alterum
692 2366 701 2399 3
725 2351 935 2404 duplicem
948 2351 1214 2404 sapientiam,
1226 2352 1463 2404 principum
1475 2351 1600 2404 hujus
1612 2351 1759 2392 mundi
1770 2346 1961 2408 alteram,

215 2423 395 2464 alteram
419 2422 710 2475 spiritualium,
734 2423 804 2475 qui
826 2422 988 2463 habent
1009 2422 1204 2475 spiritum
1226 2427 1500 2476 mentemque
1523 2421 1699 2472 Christi3
1722 2434 1861 2476 neque
1883 2408 1961 2463 0οἑ

218 2506 345 2546 quam
369 2494 459 2534 sine
482 2493 638 2544 ingenti
660 2493 854 2534 idearum
876 2493 1198 2546 perturbatione
1221 2494 1347 2535 licere
1361 2507 1495 2534 unum
1510 2493 1703 2534 ordinem
1718 2505 1815 2534 cum
1827 2492 1962 2534 altero

217 2563 489 2606 contundere.
532 2563 654 2614 Quod
688 2564 874 2605 inculcat
900 2577 1018 2608 0000,
1050 2565 1366 2606 vaticanum
1398 2577 1500 2605 sess.
1523 2568 1548 2609 3
1573 2577 1663 2617 cap.
1685 2567 1713 2608 4
1745 2563 1797 2605 de
1818 2562 1899 2605 fide
1922 2567 1964 2605 et

218 2636 405 2677 ratione:
435 2634 548 2685 „Hoc
569 2646 737 2687 quoque
760 2640 989 2688 perpetuus
1011 2635 1225 2677 Ecclesiae
1248 2636 1486 2677 catholicae
1509 2647 1744 2676 consensus
1766 2635 1900 2675 tenuit
1921 2638 1965 2675 et

216 2710 344 2755 tenet,
368 2705 577 2758 duplicem
601 2717 695 2747 esse
718 2706 912 2747 ordinem
927 2706 1192 2758 cognitionis,
1215 2718 1302 2747 non
1317 2706 1454 2747 solum
1469 2706 1690 2758 principio,
1704 2705 1779 2747 sed
1795 2695 1963 2758 obJ'ecto

217 2778 349 2819 etiam
367 2776 626 2823 distinctum,
641 2777 847 2829 principio
864 2778 1046 2830 quidem,
1061 2778 1161 2830 quia
1174 2778 1218 2818 in
1232 2777 1367 2818 altero
1381 2776 1566 2818 naturali
1578 2777 1757 2826 ratione,
1771 2777 1815 2817 in
1828 2776 1963 2818 altero

218 2847 300 2889 fide
323 2847 465 2888 divina
487 2847 806 2899 cognoscimus:
841 2847 1008 2900 objecto
1032 2852 1189 2898 autem,
1211 2848 1312 2901 quia
1332 2852 1503 2900 praeter
1526 2859 1589 2897 00,
1622 2847 1677 2888 0(1
1707 2859 1817 2900 quae
1838 2851 1964 2888 natu-

219 2919 319 2960 ralis
340 2918 449 2959 ratio
473 2918 710 2970 pertingere
732 2922 886 2969 potest,
910 2919 1123 2960 credenda
1145 2919 1270 2960 nobis
1292 2923 1590 2972 proponuntur
1604 2918 1808 2971 mysteria
1821 2918 1866 2958 in
1875 2918 1964 2959 Deo

218 2989 483 3038 abscondita,
515 3000 636 3041 quae,
667 2989 749 3029 nisi
780 2989 969 3030 revelata
1003 2990 1214 3040 divinitus,
1237 2991 1506 3031 innotescere
1539 3002 1627 3030 non
1648 2993 1863 3042 possunt.“
1905 2986 1964 3032 Cf.

223 3059 509 3101 Scheeben
531 3059 759 3112 Mysterien
782 3060 803 3114 ξ
832 3063 914 3104 104
936 3060 1009 3100 ubi
1029 3065 1257 3114 utrumque
1280 3060 1475 3102 ordinem
1498 3061 1740 3101 accuratius
1761 3059 1962 3101 determi-

218 3142 324 3172 nare
347 3131 512 3179 nititur3
534 3130 824 3188 Hessttinger
845 3130 872 3170 Ι.
895 3130 993 3172 diss.
1016 3135 1053 3175 2.
