2175 3382
266 143 354 182 423
453 137 571 170 'l'rnct
593 136 652 170 Ill.
671 136 714 170 ile
734 136 906 181 primatu.
931 136 1060 171 Thesis
1079 135 1235 170 LXXIX.
1258 135 1508 170 Infallibilitas
1527 147 1616 171 rom.
1634 136 1818 181 pontificis

267 259 504 296 sententiam
527 271 616 296 cum
640 259 859 296 intentione
882 258 1102 308 obligandi;
1126 256 1168 299 d.
1191 271 1235 296 ex
1259 260 1368 307 parte
1390 258 1626 304 termini,
1659 261 1705 296 ut
1726 258 1904 307 quamvis
1925 271 2005 296 non

269 330 403 355 omnes
426 320 515 355 actu
551 318 789 366 alloquatur,
822 318 1000 366 quamvis
1023 317 1071 354 ad
1094 330 1218 354 unum
1239 320 1396 354 tantum
1419 317 1572 362 scribat,
1603 317 1753 359 aliquid
1775 316 1937 355 definiat
1957 316 2006 355 ab

268 377 527 417 omnibus,
561 377 608 413 al)
639 376 824 414 universa
844 376 1017 414 Ecclesia
1048 376 1275 414 tenendum.
1319 376 1358 413 Si
1391 375 1556 414 subinde
1588 376 1782 414 incertum
1808 377 1878 422 est,
1909 389 2005 414 num

267 436 400 483 aliqua
421 435 616 484 pontificis
641 436 837 473 sententia
859 436 1033 473 definitio
1056 436 1108 473 sit
1129 448 1149 472 e
1170 435 1361 480 cathedra,
1394 437 1565 480 notetur,
1597 448 1676 473 non
1697 435 1828 473 minus
1849 434 2007 473 difficile

267 507 453 543 persaepe
476 507 559 532 esse
581 497 766 539 statuere,
791 508 886 532 num
909 498 1013 532 certa
1038 494 1227 543 quaedam
1252 494 1468 532 concilii
1491 494 1728 532 oecumenici
1750 494 1870 532 verba
1891 506 2006 543 syno-

270 553 398 591 dalem
421 554 647 591 contineant
670 554 948 591 definitionem.
983 554 1092 591 Sicut
1113 565 1204 603 ergo
1227 554 1297 591 hoc
1320 553 1485 590 dubium
1504 553 1739 591 'conciliatur
1760 565 1847 590 cum
1869 552 1944 591 fide
1965 553 2008 590 in

267 613 523 650 conciliorum
555 613 890 650 oecumenicorum
913 612 1256 650 infallibilitatem:
1290 612 1346 649 ita
1368 613 1566 662 singulare
1590 612 1766 658 dubium,
1794 624 1887 650 num
1911 611 2007 660 quid

269 672 476 709 definitum
509 672 658 710 censeri
690 672 829 709 debeat
860 685 879 709 e
912 671 1106 716 cathedra,
1141 672 1312 721 dogmati
1339 672 1385 708 de
1407 671 1555 709 romani
1580 671 1773 720 pontificis
1793 670 2008 708 inerrantia

268 744 347 768 non
369 731 654 768 adversabitur.
699 731 912 768 Serventur
943 731 1066 780 igitur
1087 731 1204 768 etiam
1227 731 1289 768 hic
1310 731 1480 780 regulae,
1513 742 1610 779 quas
1633 730 1735 768 infra
1755 743 1793 771 n.
1818 737 1901 771 504
1925 731 2006 768 sta-

269 793 426 827 tuemus
457 790 503 827 ad
536 789 846 839 cognoscendum
878 803 972 827 num
1005 789 1101 837 quid
1124 790 1175 827 sit
1196 803 1217 826 a
1239 790 1401 827 concilio
1424 790 1651 834 definitu1n3
1684 791 1864 827 manente
1886 788 2007 827 dubio

270 849 468 898 prudent-i,
501 850 612 886 nulla
634 849 709 886 erit
731 849 905 886 definitio
929 861 948 885 e
971 848 1164 888 cathedra.
1207 849 1386 887 Ceterum
1410 849 1562 897 juverit
1582 850 1662 896 jam
1684 861 1706 886 a
1728 847 2008 897 disputationis

266 908 424 945 exordio
436 921 527 956 prae
539 908 661 945 oculis
673 908 824 953 habere,
838 908 1044 956 plerasque
1053 907 1308 945 difficultates
1317 908 1506 945 adversus
1518 908 1589 946 hoc
1597 908 1738 957 dogma
1745 909 1878 956 petere
1887 907 2007 945 etiam

270 967 527 1004 conciliorum
550 967 886 1004 oecumenicorum
911 966 1246 1008 infallibilitatem,
1271 979 1369 1016 quae
1391 967 1573 1004 omnibus
1595 967 1808 1016 diligenter
1828 966 2009 1015 expensis

271 1026 334 1063 vix
357 1026 509 1063 facilius
534 1026 760 1074 firmiusque
782 1026 940 1074 probari
960 1028 1099 1074 potest.
1123 1025 1175 1063 Cf.
1196 1026 1456 1075 Kleutgen
1479 1026 1576 1074 disp.
1592 1026 1708 1064 theol.
1722 1025 1769 1063 de
1790 1038 1886 1066 rom,
1901 1027 2009 1074 pont.

273 1097 457 1134 suprema
478 1087 674 1133 potestate
697 1085 870 1129 docendi,
893 1085 1058 1133 Neapoli
1085 1090 1192 1125 1870
1218 1083 1238 1128 ἓ
1266 1092 1298 1125 1.
1905 1087 1908 1092 ’

391 1142 432 1184 3.
457 1144 666 1189 Statuitur,
698 1156 903 1181 romanum
935 1143 1158 1192 pontificem
1191 1156 1278 1181 cum
1305 1157 1349 1182 ex
1373 1143 1556 1181 cathedra
1576 1144 1766 1192 loquitur,
1799 1156 1843 1181 ea
1863 1144 2010 1193 pollere

271 1204 568 1251 infallibilitate,
593 1216 670 1251 qua
690 1203 814 1252 pollet
834 1203 1026 1240 Ecclesia:
1051 1203 1217 1251 ideoque
1238 1203 1341 1240 idem
1364 1215 1449 1240 esse
1471 1203 1668 1252 objectum
1689 1205 1807 1251 atque
1826 1205 2010 1241 naturam

268 1263 565 1300 infallibilitatis
596 1261 817 1311 pontificiae
839 1264 956 1310 atque
979 1262 1278 1299 infallibilitatis
1301 1263 1514 1307 Ecclesiae3
1546 1274 1666 1311 quare
1686 1262 1859 1311 pontifex
1882 1274 2009 1310 neque

269 1335 315 1359 ex
348 1321 614 1370 inspiratione,
647 1333 774 1370 neque
807 1334 852 1358 ex
878 1333 979 1358 nova
1000 1321 1169 1370 quadam
1190 1321 1429 1359 revelatione
1452 1324 1512 1358 est
1533 1321 1767 1366 infallibilis,
1800 1321 1866 1358 sed
1887 1333 1958 1370 per
1979 1333 2009 1359 s.

271 1381 443 1429 Spiritus
465 1380 742 1425 assistentiam,
767 1391 846 1417 non
869 1381 1021 1418 seclusa
1043 1381 1311 1429 cooperatione
1333 1381 1502 1418 humana
1523 1377 1579 1433 (n.
1607 1377 1718 1433 284).

389 1437 431 1479 4.
454 1439 608 1477 Veritas
631 1440 723 1477 haec
745 1439 976 1488 practice
998 1439 1157 1488 quidem
1180 1442 1322 1490 negata
1343 1440 1420 1477 fuit
1439 1440 1487 1477 ab
1507 1440 1690 1477 omnibus
1705 1439 1921 1486 haereticis,
1944 1452 2010 1477 ex-

273 1499 407 1547 plicite
429 1511 520 1536 vero
543 1498 712 1547 primum
735 1499 859 1536 medio
892 1511 986 1537 aevo
1008 1512 1029 1536 a
1050 1499 1242 1548 theologis
1264 1499 1477 1537 factionum
1499 1498 1782 1536 haereticarum
1803 1499 1866 1536 vel
1889 1498 2010 1536 schis-

273 1558 524 1603 maticarum;
558 1558 754 1595 occasione
775 1558 993 1595 tristissimi
1017 1558 1236 1595 schismatis
1257 1558 1506 1596 occidentalis
1529 1571 1636 1595 error
1657 1557 1860 1607 oppositus
1880 1558 2010 1596 Eccle-

275 1618 369 1654 siam
391 1617 580 1662 turbavit,
605 1617 697 1654 dein
718 1617 911 1665 quandam
928 1617 1095 1666 speciem
1110 1617 1243 1654 induit
1257 1618 1517 1655 declaratione
1532 1617 1627 1654 cleri
1638 1617 1822 1680 gal-Qani
1835 1630 1866 1654 a.
1888 1623 2009 1662 1682,

275 1689 373 1724 quae
397 1680 528 1713 tamen
548 1677 638 1725 plus
660 1676 739 1713 fuit
761 1688 858 1725 opus
882 1676 1074 1724 politicae,
1099 1689 1216 1724 quam
1237 1677 1460 1714 traditionis
1483 1688 1635 1713 summa
1656 1677 1696 1713 et
1718 1676 1868 1714 fructus
1889 1675 2012 1714 studii

273 1735 364 1773 serii
396 1733 450 1786 (n.
480 1742 557 1775 149
576 1736 592 1760 3
623 1732 695 1788 a.):
728 1736 831 1772 unde
863 1748 949 1773 mox
985 1749 1006 1773 a
1028 1736 1108 1773 suis
1131 1735 1356 1773 auctoribus
1378 1737 1589 1773 retractata
1609 1735 1706 1780 fuit3
1740 1736 1788 1772 ab
1811 1748 1856 1773 eo
1878 1737 2011 1773 autem

271 1797 447 1843 tempore
469 1807 547 1831 non
582 1794 750 1840 defuere,
783 1794 853 1842 qui
874 1795 935 1831 illi
957 1795 1078 1832 errori
1103 1794 1356 1840 inhaeserint,
1389 1795 1511 1832 donec
1533 1794 1567 1832 is
1589 1796 1716 1832 aetate
1738 1796 1870 1832 nostra
1891 1794 2009 1832 auda—

272 1854 356 1890 cius
380 1856 495 1902 caput
518 1865 634 1891 suum
656 1853 852 1891 extulerit.

392 1935 490 1977 408.
513 1932 889 1976 Demonstratio.
911 1932 992 1973 Tot
1006 1932 1277 1985 suppeditant
1298 1945 1373 1985 pro
1397 1932 1690 1974 infallibilitate
1712 1933 1880 1974 romani
1900 1945 2010 1985 pon-

274 2002 394 2044 tificis
417 2007 679 2054 argumenta,
708 2008 755 2043 ut
787 2002 952 2044 difficile
975 2003 1028 2044 sit
1054 2004 1095 2043 in
1118 2004 1167 2044 iis
1190 2003 1450 2045 adducendis
1473 2015 1645 2045 servare
1668 2005 1854 2047 modum.
1897 2003 2008 2045 Con-

273 2074 463 2126 sequitur
484 2074 526 2114 in
548 2074 694 2126 primis
717 2074 929 2129 corollarii
954 2074 1082 2116 modo
1102 2087 1153 2116 ex
1167 2076 1295 2116 variis
1310 2075 1523 2116 Ecclesiae
1537 2074 1787 2116 universalis
1801 2074 2009 2116 definitio-

274 2144 398 2185 nibus
429 2145 495 2185 vel
513 2145 682 2197 judiciis
706 2145 980 2186 authenticis:
1012 2158 1144 2198 quare
1177 2147 1220 2186 in
1252 2146 1426 2187 dubium
1449 2146 1594 2187 vocari
1615 2147 1771 2199 nequit,
1805 2147 1906 2199 quin
1939 2145 2010 2187 illa

275 2221 482 2257 vocentur
504 2217 547 2256 in
570 2216 809 2257 discrimen.
851 2216 942 2257 Huc
965 2222 1130 2270 spectat

396 2287 435 2329 1.
460 2286 495 2326 Η
507 2299 531 2327 o
544 2300 564 2327 r
575 2288 672 2328 mis
685 2287 709 2327 d
722 2299 747 2328 a
759 2299 781 2328 e
805 2288 859 2343 (a.
875 2290 1126 2341 514—523)
1142 2286 1323 2328 formula
1338 2284 1521 2328 Orientis
1537 2287 1758 2375 episcopxis,
1782 2286 1854 2339 qui
1875 2286 2009 2327 schis-

275 2358 401 2398 matis
425 2358 618 2398 acaciani
639 2359 864 2411 participes
887 2357 1014 2407 fuere,
1048 2358 1312 2411 praescripta
1334 2359 1458 2415 hujus
1480 2358 1661 2399 tenoris:
1699 2357 1865 2408 „Prima
1895 2356 2010 2398 salus

275 2432 341 2468 est
362 2428 551 2479 regulam
573 2434 716 2470 rectae
739 2428 834 2471 fidei
857 2429 1071 2470 custodire
1094 2434 1136 2470 et
1168 2442 1194 2470 a
1223 2429 1462 2471 constitutis
1483 2433 1652 2482 patrum
1674 2428 1914 2469 nullatenus
1936 2427 2010 2469 de-

274 2498 403 2538 viare.
437 2498 486 2538 Et
508 2500 607 2551 quia
630 2512 716 2540 non
738 2505 880 2552 potest
902 2500 947 2543 D.
972 2499 1019 2540 N.
1042 2499 1077 2544 J.
1102 2500 1257 2541 Christi
1278 2501 1558 2553 praetermitti
1579 2500 1789 2541 sententia
1811 2498 2010 2539 dicentis:

283 2567 343 2609 Τιι
370 2583 410 2609 es
433 2569 594 2621 Petrus,
627 2576 663 2611 et
695 2584 820 2624 super
850 2570 957 2611 lianc
983 2576 1150 2624 petram
1182 2570 1406 2624 aedificabo
1428 2570 1653 2611 Ecclesiam
1684 2581 1817 2610 meam
1848 2567 2009 2623 (Matth.

278 2642 344 2689 16,
369 2641 451 2695 18),
482 2640 600 2689 haee,
635 2652 744 2693 quae
767 2641 880 2682 dicta
903 2646 1012 2691 sunt,
1038 2653 1181 2682 rerum
1204 2640 1440 2693 probantur
1462 2639 1692 2689 effectibus,
1725 2639 1823 2692 quia
1844 2639 1888 2679 in
1909 2637 2010 2680 sede

275 2710 515 2762 apostolica
540 2711 814 2752 immaculata
846 2716 910 2753 est
941 2723 1109 2764 semper
1131 2711 1342 2752 catholica
1363 2715 1582 2752 reservata
1610 2710 1755 2761 religio
1788 2713 1830 2750 et
1859 2712 2010 2750 sancta

277 2780 493 2822 celebrata
518 2781 713 2821 doctrina
734 2784 774 2837 1).
816 2782 882 2822 Ab
915 2782 1040 2834 hujus
1071 2793 1171 2833 ergo
1204 2781 1285 2822 fide
1317 2785 1358 2822 et
1388 2781 1582 2821 doctrina
1612 2780 1804 2833 separari
1836 2779 2009 2820 minime

425 2888 449 2931 ¹)
467 2885 567 2920 Haec
578 2886 691 2919 verba
703 2886 751 2926 ,et
763 2887 889 2920 sancta
901 2886 1088 2920 celebrata
1099 2887 1277 2920 doctrina*
1295 2897 1370 2920 non
1380 2884 1554 2930 leguntur
1570 2886 1609 2919 in
1626 2885 1786 2919 formula
1797 2884 1883 2919 fidei
1902 2883 1936 2918 H
1947 2894 1968 2918 o
1978 2895 2009 2917 1·-

277 2939 363 2973 mis
376 2939 397 2972 d
410 2950 431 2973 a
443 2950 471 2979 e,
489 2941 600 2983 prout
616 2939 776 2973 habetur
793 2939 832 2972 in
851 2950 906 2983 ep.
925 2941 946 2973 7
975 2950 1038 2973 seu
1064 2939 1226 2973 indiculo
1245 2938 1331 2973 dato
1352 2940 1424 2973 suis
1443 2937 1577 2984 legatis
1595 2939 1641 2972 ad
1654 2939 1892 2972 Anastasium
1909 2938 2011 2981 imp.,

276 3003 345 3026 nec
372 2992 410 3026 in
437 3003 491 3037 ep.
521 2995 565 3026 26
593 2991 701 3035 episc.
730 2991 832 3036 Hisp.
862 2992 917 3026 ed.
945 2991 1061 3026 Thie
1075 2993 1106 3031 l;
1135 2992 1310 3037 leguntur
1335 2992 1460 3025 tamen
1486 2993 1526 3025 in
1553 2990 1712 3026 formula
1739 2991 1946 3035 subscripta
1971 2991 2011 3024 in

279 3056 378 3079 conc.
398 3055 538 3079 cecum.
557 3044 644 3078 Vlll
663 3046 732 3078 act.
756 3049 783 3085 1,
803 3045 898 3079 unde
918 3055 998 3079 eam
1015 3045 1154 3090 recepit
1172 3055 1269 3079 conc.
1288 3045 1510 3081 vaticanum.
1546 3044 1602 3078 lta
1630 3045 1742 3078 etiam
1759 3043 1857 3077 infra
1873 3043 2012 3087 legitur

277 3109 387 3133 vera
405 3109 472 3143 pro
491 3108 646 3133 verax.
