2175 3382
994 15 1012 22 φ

561 143 656 177 quae
675 132 838 167 Ecclesia
856 132 893 166 in
913 134 1128 168 societatem
1148 134 1293 168 civilem
1311 135 1528 170 redundant.
1828 142 1912 185 *243

181 267 327 305 urgens
359 255 534 303 ejusdem
564 255 869 301 institutionem,
901 267 1000 303 quae
1030 254 1097 292 fini
1129 257 1416 304 supernaturali
1440 262 1641 307 congruat,
1675 260 1912 297 matrimonii

181 314 435 363 promulgans
455 314 649 351 unitatem
673 317 713 351 et
733 313 1125 351 indissolubilitatem
1145 311 1187 366 1).
1229 315 1429 352 Benefecit

300 382 340 413 (Β.
365 372 598 411 subditis
621 372 830 411 coercendo
852 372 1113 421 tyrannidem,
1147 385 1245 421 quae
1266 374 1336 411 ubi
1358 385 1435 410 non
1458 377 1517 411 est
1538 376 1687 425 religio,
1724 389 1766 414 eo
1790 390 1913 426 usque

181 432 367 481 procedit,
398 434 446 469 ut
475 431 562 480 ipsa
582 432 743 469 invadat
764 432 1039 469 conscientias:
1065 432 1219 481 jugiter
1240 433 1343 469 enim
1366 433 1556 470 inculcat:
1593 435 1749 472 Obedire
1770 442 1913 485 oportet

182 491 261 528 Deo
292 492 428 540 maqis,
461 503 576 540 quam
606 491 820 529 hominibus
841 491 927 528 Act.
961 497 997 536 5,
1034 496 1098 535 29,
1131 493 1169 528 et
1201 491 1388 528 inclamat
1421 492 1645 530 authentice
1667 495 1912 543 principibus

180 549 299 587 etiam
322 550 384 587 vel
414 550 562 598 injusta
592 549 921 599 praecipientibus
944 550 1005 586 vel
1039 549 1088 586 ob
1110 551 1346 598 potestatem
1368 551 1694 590 insolescentibus
1716 556 1756 590 et
1776 554 1914 592 illicita

181 609 284 646 malo
308 608 558 646 subditorum
580 609 755 658 exemplo
778 608 1119 657 perpetrantibus:
1154 609 1239 646 Non
1263 610 1345 646 licet
1368 608 1522 661 (Matth.
1551 617 1613 656 14,
1639 608 1695 663 4),
1717 613 1913 650 Benefecit

179 670 220 705 et
249 667 482 717 regibus,
515 668 584 716 qui
606 668 759 705 inuncti
793 680 902 705 sacro
925 668 1019 712 oleo,
1047 667 1131 716 jam
1153 670 1321 717 regnant
1341 668 1467 718 gratia
1488 669 1559 706 Dei
1581 682 1624 707 ac
1645 670 1747 708 vices
1770 675 1914 720 gerunt

180 727 250 764 Dei
273 726 398 779 (Rom.
427 732 488 766 13.
517 724 570 780 1),
593 727 926 775 rebellionemque
948 726 1086 763 timere
1108 739 1189 764 non
1211 727 1365 773 debent,
1389 728 1577 775 quamdiu
1594 729 1802 767 Ecclelsiae
1825 731 1913 768 doc-

179 785 284 823 trina
306 787 506 829 servatum
529 798 618 823 nam
642 798 718 834 quo
741 785 867 835 magis
891 797 997 823 sacra
1019 787 1080 823 est
1101 786 1312 824 auctoritas
1334 786 1502 834 publica,
1527 799 1570 824 eo
1594 787 1740 825 firmior
1761 792 1820 826 est
1841 802 1913 838 pax

182 844 336 882 socialis
353 842 398 895 2).

300 901 344 944 (l.
366 904 568 942 Benefecit
589 904 754 941 maxime
777 904 984 941 miseris
1017 904 1143 941 omnis
1165 905 1332 953 generis,
1365 905 1616 954 pauperibus,
1650 906 1766 952 orbis,
1800 919 1914 956 expo-

179 962 275 1008 sitis,
297 962 473 1009 infirmis,
496 963 671 1012 leprosis,
694 963 836 1008 viduis,
861 963 1034 1007 senibus,
1058 975 1209 1000 carcere
1232 964 1400 1001 detentis
1417 965 1462 1016 3),
1492 967 1622 1002 mente
1645 965 1788 1014 captis:
1825 978 1913 1003 nam

178 1022 464 1071 promulgando
496 1023 620 1072 legem
657 1023 920 1072 evangelicam
943 1022 1175 1067 dilectionis,
1207 1035 1284 1071 qua
1305 1026 1487 1060 tenemur
1508 1025 1729 1072 proximum
1752 1024 1914 1074 diligere
1940 1046 2114 1103 M
2128 1026 2175 1122 ὃ.

180 1081 282 1117 sicut
313 1093 383 1118 nos
413 1081 533 1130 ipsos,
566 1084 605 1118 et
636 1081 939 1119 demonstrando
972 1081 1013 1118 in
1034 1082 1276 1130 pauperibus
1298 1082 1427 1131 ipsum
1450 1083 1660 1129 Christum,
1688 1084 1751 1120 cui
1772 1083 1814 1120 in
1834 1084 1914 1121 illis

178 1139 452 1185 benefacimus,
493 1140 628 1178 fideles
659 1141 707 1178 ad
739 1152 852 1178 omne
888 1140 1167 1178 beneficentiae
1198 1153 1323 1190 genus
1355 1144 1550 1190 provocat.
1594 1142 1719 1187 Quare
1751 1142 1914 1180 historia

178 1198 372 1236 Ecclesiae
394 1199 472 1236 dici
493 1202 625 1248 potest
647 1200 809 1237 historia
829 1199 1109 1237 beneficentiae
1130 1200 1322 1249 publicae.
1363 1200 1565 1238 Benefecit

297 1267 336 1298 (3.
359 1258 586 1296 hominibus
609 1259 714 1296 omni
737 1258 833 1296 vitio
856 1262 896 1296 et
918 1259 1054 1296 sceleri
1078 1259 1233 1304 deditis,
1267 1271 1364 1308 quos
1386 1272 1408 1296 a
1429 1260 1574 1297 morbis
1597 1260 1719 1297 animi
1741 1261 1914 1306 sanavit,

178 1315 372 1354 benefecit
393 1318 580 1367 gentibus
602 1318 627 1355 b
640 1318 726 1355 arb
738 1331 757 1355 a
769 1318 812 1354 ri
825 1330 862 1362 S,
887 1330 983 1366 quas
1005 1317 1053 1354 ad
1071 1318 1227 1355 vivendi
1240 1318 1430 1355 rationem
1446 1319 1655 1356 humanam
1677 1323 1717 1357 et
1729 1321 1914 1357 moralem
2151 1333 2175 1370 ι,

176 1376 385 1422 revocavit,
408 1376 485 1414 imo
509 1377 557 1414 ad
577 1376 704 1414 vitam
726 1377 976 1414 innocentem
1004 1377 1266 1426 omnibusque
1289 1377 1506 1415 virtutibus
1529 1383 1705 1416 ornatam
1726 1382 1913 1427 provexit,
1931 1372 2175 1428 W

179 1437 298 1483 atque
319 1435 377 1472 ita
397 1436 594 1484 promovit
615 1437 765 1474 cultum
788 1439 905 1485 atque
928 1436 1223 1473 institutionem
1245 1436 1453 1485 publicam.
1496 1436 1696 1475 Benefecit

298 1491 335 1534 f.
359 1494 669 1544 disciplinis
703 1495 982 1544 superioribus,
1016 1495 1063 1532 ad
1094 1508 1262 1543 quarum
1294 1496 1468 1533 studium
1500 1497 1684 1534 excitavit
1709 1499 1748 1534 et
1770 1497 1914 1544 quibus

181 1551 222 1588 in
254 1565 364 1590 suam
397 1554 614 1592 utilitatem
647 1555 865 1603 plurimum
888 1557 946 1592 est
967 1567 1056 1599 usa3
1090 1555 1295 1591 artibus
1318 1554 1562 1600 liberalibus,
1587 1568 1683 1603 quas
1706 1556 1832 1593 cultui
1856 1556 1913 1593 di-

327 1656 350 1700 1)
371 1656 425 1690 Cf.
442 1656 599 1690 Weiss
618 1656 801 1701 Apologie
821 1656 844 1690 Ι.
866 1655 951 1690 diss.
975 1661 1010 1691 11
1029 1671 1034 1691 ;
1054 1656 1140 1690 diss.
1163 1658 1205 1689 13
1224 1660 1240 1697 ἓ
1260 1660 1304 1691 20
1323 1667 1388 1694 ss.;
1419 1656 1479 1690 ΠΙ.
1499 1657 1532 1691 d.
1557 1662 1573 1692 1
1593 1658 1609 1696 ἓ
1627 1663 1660 1697 4,
1690 1658 1755 1691 ubi
1773 1657 1914 1691 adrem

178 1707 360 1743 inculcat:
381 1708 462 1747 ,Sie
480 1709 604 1743 zahmt
621 1710 680 1744 die
701 1709 1003 1750 Unzufriedenen,
1023 1710 1074 1743 sie
1091 1710 1240 1743 mildert
1267 1709 1326 1743 die
1343 1709 1622 1755 Har-therzigen,
1641 1711 1693 1744 sie
1711 1711 1837 1744 macht
1855 1711 1914 1745 die

178 1761 391 1807 Machtigen
419 1762 546 1801 weich,
575 1762 634 1796 die
662 1762 884 1797 Schwachen
916 1763 1028 1803 stark,
1058 1762 1117 1797 die
1146 1766 1280 1796 Armen
1307 1766 1521 1807 geniigsam‚
1550 1764 1608 1797 die
1622 1763 1788 1797 Reichen
1815 1765 1915 1797 scho-

178 1815 377 1858 nungsvoll
395 1815 468 1849 und
489 1815 767 1850 mittheilsam.«

326 1868 351 1912 ²¹]
370 1867 423 1903 Cf.
443 1868 532 1902 Leo
545 1869 619 1902 nis
637 1868 733 1902 Xlll.
753 1869 807 1903 lit.
827 1869 962 1912 encycl.
986 1873 1038 1904 10.
1057 1869 1161 1903 Febr.
1184 1872 1283 1911 1880,
1301 1869 1340 1903 in
1360 1880 1432 1913 qua
1450 1869 1630 1903 disserens
1658 1870 1701 1903 de
1728 1872 1915 1914 praestan-

176 1921 335 1955 tissimis
353 1921 620 1956 incarnationis
639 1923 837 1964 beneficiis,
855 1923 1027 1968 subjicit:
1058 1922 1156 1964 ,Quo
1175 1934 1261 1957 vero
1279 1925 1357 1957 tam
1375 1922 1579 1967 singularia
1598 1923 1775 1957 beneficia
1791 1935 1916 1967 quam-

180 1974 243 2008 diu
270 1978 392 2009 essent
419 1975 595 2016 homines,
622 1975 765 2010 tamdiu
792 1976 831 2010 in
858 1977 965 2010 terris
993 1979 1263 2021 permanerent.
1290 1976 1491 2010 Ecclesiam
1520 1977 1715 2010 constituit
1742 1977 1912 2011 vicariam

181 2027 340 2061 muneris
359 2028 426 2067 sui,
444 2039 598 2071 eamque
611 2028 723 2072 jussit
742 2029 780 2062 in
797 2029 962 2063 futurum
982 2029 1220 2074 prospiciens,
1248 2029 1277 2063 si
1304 2029 1393 2072 quid
1421 2030 1515 2062 esset
1540 2029 1579 2062 in
1597 2028 1789 2063 hominum
1807 2029 1915 2063 socie-

179 2081 256 2114 tate
273 2081 544 2125 perturbatum,
566 2082 746 2122 ordinare,
765 2084 795 2116 si
813 2083 903 2126 quid
924 2083 1129 2128 collapsum
1147 2084 1342 2117 restituere
1361 2108 1368 2116 .
1388 2110 1396 2117 .
1417 2109 1423 2116 .
1443 2082 1619 2116 Societati
1639 2082 1863 2117 domesticae
1880 2086 1917 2117 et

179 2132 278 2167 civili
298 2133 433 2167 mirum
451 2135 518 2172 est,
537 2136 717 2178 quantum
735 2135 940 2180 dignitatis,
959 2136 1139 2179 quantum
1167 2135 1405 2170 firmitudinis
1433 2136 1470 2169 et
1496 2136 1700 2170 honestatis
1727 2136 1915 2170 accesserit

179 2192 254 2235 (per
270 2187 488 2231 religionem
508 2187 775 2230 christianam).
806 2189 968 2232 Aequior
986 2192 1021 2223 et
1040 2189 1200 2222 sanctior
1218 2188 1349 2222 effecta
1367 2189 1577 2232 principum
1597 2189 1815 2227 auctorita&
1834 2199 1916 2233 pro-

177 2239 328 2283 pensior
345 2242 383 2274 et
400 2240 545 2275 facilior
562 2242 786 2286 populorum
806 2242 1095 2286 obtemperatio;
1115 2243 1251 2276 arctior
1270 2243 1405 2276 civium
1424 2242 1654 2287 conjunctim
1673 2243 1813 2276 tutiora
1833 2243 1917 2287 jura

179 2292 344 2327 dominii.
365 2291 526 2328 Omnino
545 2294 653 2328 rebus
671 2294 853 2335 omnibus,
871 2305 965 2338 quae
984 2295 1023 2328 in
1041 2294 1194 2329 civitate
1213 2295 1399 2329 habentur
1416 2295 1538 2335 utiles
1564 2295 1694 2339 religio
1713 2296 1915 2329 christiana

183 2346 374 2380 consuluit
391 2347 428 2379 et
445 2347 627 2390 providit;
646 2347 700 2381 ita
717 2347 876 2391 quidem,
898 2349 940 2381 ut
957 2349 1104 2382 auctore
1125 2360 1150 2382 s.
1171 2350 1200 2381 A
1213 2360 1236 2381 u
1249 2359 1307 2391 gu
1319 2348 1419 2381 stin
1432 2359 1451 2382 o
1464 2375 1471 2388 ,
1499 2348 1581 2392 plus
1600 2348 1680 2392 ipsa
1697 2349 1824 2383 afferre
1843 2360 1915 2383 mo-

181 2399 296 2433 menti
315 2399 362 2433 ad
381 2399 473 2433 bene
490 2400 671 2444 beateque
688 2400 887 2435 vivendum
906 2411 979 2434 non
996 2401 1161 2444 potuisse
1176 2400 1353 2441 videatur,
1371 2401 1400 2435 si
1414 2401 1510 2434 esset
1522 2400 1698 2445 parandis
1714 2402 1769 2436 vel
1783 2413 1916 2447 augen-

181 2452 236 2486 dis
253 2453 420 2486 mortalis
440 2453 537 2487 vitae
556 2454 757 2488 commodis
777 2456 814 2488 et
832 2453 1057 2488 utilitatibus
1075 2455 1180 2488 unice
1197 2458 1319 2488 nata.‘
1353 2453 1491 2496 Quibus
1509 2455 1656 2499 gemina
1674 2455 1787 2490 habet
1803 2456 1842 2489 in
1860 2456 1916 2489 lit.

180 2505 315 2550 encycl.
337 2510 365 2543 1.
384 2506 479 2541 Nov.
502 2509 603 2541 1885.
638 2508 825 2552 Legantur
845 2520 870 2541 s.
890 2508 1161 2552 Augustini
1188 2508 1299 2542 verba
1325 2518 1433 2542 aurea
1461 2507 1505 2541 de
1524 2508 1686 2542 moribus
1709 2508 1801 2545 Eccl.
1820 2508 1914 2542 cath.

180 2572 208 2594 c.
228 2562 273 2595 30
288 2569 413 2604 opusc.
431 2560 582 2595 XXVII.
602 2562 637 2595 et
656 2571 750 2605 quae
769 2562 897 2595 scribit
915 2572 970 2606 ep.
990 2563 1058 2596 138
1086 2561 1131 2595 ad
1158 2561 1413 2595 Marcellinum
1440 2574 1475 2595 n.
1496 2564 1558 2595 15:
1596 2560 1686 2603 ,Qui
1713 2562 1915 2596 doctrinam

180 2612 316 2647 Christi
330 2613 520 2647 adversam
535 2614 664 2647 dicunt
676 2625 754 2648 esse
765 2614 1003 2658 reipublicae,
1017 2614 1105 2648 dent
1117 2614 1316 2648 exercitum
1328 2615 1452 2655 talem,
1464 2614 1589 2658 quales
1601 2614 1769 2649 doctrina
1780 2614 1916 2650 Christi

181 2676 256 2700 esse
275 2666 411 2700 milites
431 2667 555 2710 jussit;
575 2667 666 2701 dent
682 2667 775 2702 tales
795 2667 1050 2712 provinciales,
1068 2668 1162 2701 tales
1179 2668 1344 2709 maritos,
1363 2668 1456 2702 tales
1474 2668 1656 2712 conjuges
1674 2669 1768 2702 tales
1786 2679 1914 2712 paren·

179 2723 245 2762 tes,
262 2720 357 2753 tales
375 2719 483 2761 filios,
501 2720 592 2754 tales
614 2720 792 2754 domium.
822 2721 916 2755 tales
936 2731 1067 2761 servos,
1095 2721 1188 2755 tales
1205 2732 1319 2766 reges,
1347 2722 1440 2756 tales
1462 2722 1614 2766 judices,
1641 2720 1735 2755 tales
1762 2721 1916 2764 denique

181 2773 388 2808 debitorum
404 2774 522 2819 ipsius
537 2774 611 2808 fisci
623 2774 826 2809 redditores
838 2776 874 2809 et
886 2776 1083 2815 exactores,
1095 2775 1222 2818 quales
1235 2785 1310 2809 es.=e
1321 2776 1511 2820 praecepit
1523 2775 1691 2808 doctrina
1704 2775 1914 2809 christiana.

181 2828 217 2861 et
234 2827 395 2861 audeant
413 2838 491 2861 eam
512 2827 632 2862 dicere
650 2828 841 2862 adversam
860 2839 937 2862 esse
954 2827 1198 2871 reipublicae:
1225 2827 1299 2862 imo
1326 2839 1411 2862 vero
1438 2838 1512 2861 non
1539 2828 1711 2862 dubitent
1738 2839 1817 2862 eam
1835 2839 1915 2861 con·

180 2879 277 2914 fiteri
296 2890 479 2924 magnam,
497 2881 527 2913 si
546 2882 831 2925 obtemperetur,
852 2881 1006 2915 salutem
1028 2890 1106 2914 esse
1122 2880 1378 2925 reipublicae.‘

326 2936 352 2976 3)
371 2932 423 2967 Cf.
444 2933 569 2967 Krau
581 2945 597 2967 s
610 2945 625 2967 s
653 2934 719 2968 Die
737 2934 973 2979 Gefangenen
1002 2934 1077 2968 und
1103 2934 1162 2968 die
1181 2934 1407 2969 Verboecher
1429 2936 1539 2968 unter
1556 2935 1639 2968 dem
1657 2933 1833 2967 Einflusse
1853 2933 1914 2966 des

181 2986 489 3027 Christenthums,
508 2986 775 3032 Heidelbergae
797 2990 904 3026 1889;
936 2987 987 3021 im
1006 2987 1144 3021 Kerker
1162 2998 1226 3021 vor
1244 2987 1320 3021 und
1339 2986 1432 3021 nach
1450 2987 1625 3025 Christus,
1644 2986 1818 3021 Schatten
1838 2986 1912 3019 und

182 3039 291 3074 Licht
308 3051 373 3073 aus
391 3039 462 3073 den
478 3040 659 3084 profanen
677 3051 711 3073 u.
732 3040 862 3078 kirchL
877 3041 1019 3075 Cultus·
1039 3042 1114 3074 und
1129 3040 1412 3084 Rechtsquellen
1429 3050 1675 3084 vergangener
1688 3039 1820 3072 Zeiten.
1840 3038 1912 3071 Fri-

180 3093 288 3137 burgi
311 3094 412 3127 1895.

1636 3154 1675 3185 16
1687 3154 1698 3165 ⁶
