2175 3382
237 103 317 144 122
730 96 848 129 Timet.
872 95 913 129 ll.
931 94 984 129 De
1003 95 1213 130 traditione.
1233 94 1461 127 'l'raditionis

232 217 429 257 latrones.
474 215 650 268 Propter
682 215 794 268 quod
828 219 993 267 oportet
1030 213 1198 267 quidem
1222 213 1413 254 devitare
1436 213 1540 262 illos,
1571 224 1680 266 quae
1703 217 1845 254 autem
1867 217 1964 254 sunt

234 287 444 328 Ecclesiae
477 299 572 327 cum
605 297 773 326 summa
805 285 1016 337 diligentia
1050 284 1219 336 diligere
1251 289 1290 324 et
1324 284 1643 336 apprehendere
1666 283 1854 324 veritatis
1876 288 1962 325 tra-

232 359 468 400 ditionem.“
526 357 727 398 Doctrina
760 357 958 397 nimirum
981 367 1081 396 vera
1113 367 1208 395 cum
1241 367 1357 395 conc.
1382 354 1499 398 trid.
1523 366 1624 395 sess.
1647 359 1673 398 4
1706 355 1746 395 in
1779 354 1889 396 decr.
1911 354 1963 395 de

232 441 397 470 canone
421 443 451 473 s,
475 427 562 472 Scr.
586 429 751 470 statuit:

354 513 392 556 l.
424 511 679 562 „Veritatem
704 517 743 552 et
766 510 1030 562 disciplinam
1046 509 1234 564 (omnem
1259 514 1299 549 et
1319 509 1549 549 salutarem
1566 508 1736 564 Christi)
1760 508 1966 550 contineri

232 585 271 624 in
304 583 419 624 libris
450 583 617 635 scriptis
650 587 689 623 et
721 583 811 622 sine
835 581 991 632 scripto
1014 579 1323 629 traditionibus,
1355 591 1464 632 quae
1487 580 1618 632 ipsius
1639 577 1794 621 Christi
1817 591 1890 621 ore
1912 578 1966 620 ab

231 654 434 707 apostolis
467 659 668 706 acceptae
701 658 773 693 aut
805 652 858 693 ab
892 651 1094 704 apostolis
1117 648 1274 703 Spiritu
1306 663 1336 693 s.
1360 650 1545 691 dictante
1575 651 1696 703 quasi
1718 661 1792 702 per
1814 661 1966 691 manus

231 725 413 766 traditae
438 724 491 766 ad
515 737 593 765 nos
615 735 750 776 usque
773 727 1078 776 pervenerunt“

349 809 391 851 2.
417 819 624 858 organum
648 805 984 846 conservationis
1019 809 1145 857 atque
1167 804 1484 856 propagationis
1507 803 1674 845 divinae
1697 804 1966 845 revelationis

231 889 306 919 seu
329 877 566 918 traditionis
589 882 629 918 et
652 876 827 917 canonis
851 888 903 916 ss.
927 873 1243 927 Scripturarum
1265 886 1358 916 esse
1380 879 1630 927 perpetuam
1653 876 1966 916 successionem

231 949 509 1001 apostolicam
533 950 574 989 in
596 947 785 989 Ecclesia
807 947 1017 988 catholica
1040 959 1115 988 seu
1138 947 1429 999 magisterium
1451 946 1807 993 ecclesiasticum:

349 1032 390 1075 3.
415 1032 503 1072 veri
525 1043 675 1072 sensus
698 1029 1013 1083 Scripturarum
1040 1034 1166 1083 atque
1190 1030 1426 1071 traditionis
1449 1030 1696 1082 magistram
1720 1029 1964 1082 obortisque

231 1103 366 1145 dubiis
389 1103 455 1144 vel
477 1103 778 1144 controversiis
801 1103 1075 1154 interpretem
1108 1106 1149 1142 et
1175 1101 1361 1154 judicem
1395 1101 1684 1142 authenticum
1707 1112 1800 1142 esse
1821 1099 1967 1141 Eccle-

230 1176 348 1216 siam.
392 1173 659 1227 Quapropter
681 1173 894 1214 Ecclesiae
927 1173 1159 1214 auctoritas
1191 1173 1342 1213 dicitur
1374 1171 1469 1213 fidei
1490 1171 1635 1224 regula
1657 1172 1864 1224 proxim
1879 1183 1903 1212 a
1925 1175 1967 1212 et

230 1245 486 1295 immediata,
519 1243 737 1298 Scriptura
759 1256 860 1285 vero
894 1249 934 1285 et
965 1244 1135 1285 traditio
1158 1243 1302 1295 regula
1326 1242 1421 1284 fidei
1444 1243 1630 1284 mediata
1662 1254 1712 1283 ac
1743 1246 1964 1285 remota.

352 1343 445 1385 109.
477 1339 563 1380 Etsi
595 1345 738 1381 autem
770 1339 822 1380 de
853 1339 917 1380 his
953 1338 1086 1380 tribus
1129 1337 1388 1390 argumentis
1420 1337 1472 1377 de
1502 1336 1691 1378 Ecclesia
1722 1336 1820 1385 scil„
1852 1336 1903 1376 de
1934 1348 1968 1376 s.

230 1410 448 1464 Scriptura
472 1412 607 1464 deque
636 1411 863 1452 traditione
887 1410 1066 1452 seorsim
1089 1410 1158 1450 vix
1181 1409 1387 1461 disputari
1408 1412 1558 1461 potest,
1591 1408 1736 1448 intime
1759 1408 1871 1448 enim
1893 1418 1970 1447 co-

231 1484 408 1524 haerent
440 1488 481 1524 et
512 1495 537 1523 a
569 1495 614 1524 se
646 1482 827 1523 invicem
858 1481 1063 1534 pendent:
1097 1480 1306 1533 gradatim
1338 1484 1483 1520 tamen
1506 1490 1615 1531 quae
1639 1478 1691 1520 de
1713 1477 1884 1531 singulis
1905 1482 1968 1519 te-

231 1554 371 1595 nenda
394 1559 503 1603 sunt,
527 1553 783 1602 evoIvemus,
806 1552 1053 1604 incipientes
1077 1563 1101 1591 a
1124 1549 1268 1602 regula
1288 1549 1383 1590 fidei
1397 1555 1574 1598 remota,
1599 1553 1640 1590 et
1654 1548 1823 1602 quidem
1846 1552 1968 1589 atra-

232 1626 389 1667 ditione
411 1626 565 1674 divina,
588 1637 684 1665 cum
706 1624 814 1665 haec
836 1624 951 1676 prior
973 1624 1027 1664 sit
1048 1636 1078 1665 s,
1094 1621 1324 1674 Scriptura,
1347 1622 1472 1662 latius
1493 1625 1648 1674 pateat,
1671 1624 1712 1661 et
1733 1620 1812 1673 ipsi
1827 1618 1968 1672 Scrip-

232 1702 351 1738 turae
375 1697 674 1738 auctoritatem
697 1695 903 1736 conciliet.

956 1860 1161 1913 Sectio
1200 1862 1240 1911 Ι.

929 1962 995 1995 De
1018 1960 1276 1995 traditione.

356 2070 447 2110 ΠΟ,
477 2064 515 2104 T
514 2064 740 2105 raclitionis
773 2064 893 2106 notio.
916 2089 974 2094 —-
996 2062 1182 2104 Traditio
1212 2062 1398 2114 quaevis,
1432 2073 1514 2114 qua
1538 2060 1679 2113 aliqua
1701 2059 1895 2100 doctrina
1917 2058 1971 2099 ad

233 2137 339 2177 alios
370 2140 629 2188 propagatur
661 2140 787 2188 atque
818 2135 1127 2183 transmittitur,
1159 2145 1258 2185 ergo
1291 2133 1421 2173 etiam
1450 2131 1634 2178 traditio,
1664 2142 1749 2183 qua
1781 2129 1834 2170 ad
1866 2129 1971 2171 alios

233 2208 416 2249 derivari
438 2207 684 2259 religionem
708 2206 984 2246 christianam
999 2204 1189 2253 dicimus,
1213 2203 1474 2244 considerari
1488 2206 1628 2254 potest
1643 2206 1732 2242 tum
1746 2200 1968 2254 objective‚

232 2285 323 2319 tum
346 2278 492 2320 active.
515 2282 605 2318 tum
629 2277 859 2329 complexe.
902 2275 1090 2316 Traditio
1127 2275 1310 2316 active
1342 2278 1534 2326 spectata
1556 2277 1619 2314 est
1640 2273 1729 2325 ipse
1753 2276 1873 2313 actus
1894 2283 1971 2313 seu

233 2354 404 2390 actuum
436 2350 579 2397 series,
613 2360 696 2400 qua
718 2348 911 2388 doctrina
934 2359 1008 2388 seu
1041 2346 1246 2387 institutio
1270 2345 1411 2398 aliqua
1434 2344 1488 2385 ad
1510 2343 1757 2395 religionem
1779 2343 1971 2399 christia-

233 2433 334 2461 nam
357 2425 554 2473 spectans
587 2419 640 2460 ad
664 2419 771 2459 alios
802 2422 1061 2471 propagatur
1093 2422 1134 2458 et
1155 2416 1356 2464 traditur3
1380 2415 1657 2468 obJ'ective
1689 2418 1881 2467 spectata
1909 2418 1971 2455 est

234 2492 414 2544 idipsum
439 2490 552 2544 quod
574 2490 755 2531 traditur
778 2494 819 2531 et
841 2489 895 2530 ad
918 2489 1024 2530 alios
1047 2488 1263 2529 derivatur
1277 2487 1544 2539 praecisione
1558 2484 1671 2526 facta
1685 2485 1865 2534 amodo,
1887 2496 1969 2537 quo

234 2562 424 2603 traditur.
468 2561 655 2602 Traditio
689 2560 971 2612 complexe
1003 2564 1173 2612 sumpta
1206 2563 1270 2599 est
1300 2559 1439 2610 ipsum
1471 2557 1686 2608 objectum
1717 2568 1813 2597 cum
1844 2555 1971 2597 modo

235 2633 472 2674 traditionis
495 2632 623 2673 veluti
646 2632 827 2672 materia
849 2643 945 2672 cum
969 2643 1047 2671 sua
1068 2630 1216 2671 forma.

361 2738 451 2770 111.
481 2731 716 2768 Traditiom‘s
739 2731 985 2778 partitiones.
1010 2751 1067 2755 ——
1091 2728 1197 2766 Solet-
1227 2727 1388 2765 traditio
1420 2727 1466 2763 de
1497 2739 1575 2775 qua
1604 2724 1758 2775 agimus
1780 2724 1974 2774 distingui

357 2800 397 2841 1.
422 2802 574 2839 ratione
597 2802 728 2838 modi
750 2814 827 2850 quo
848 2803 1102 2850 propagatur,
1126 2801 1166 2837 in
1199 2799 1466 2848 scriptam,
1499 2798 1687 2835 oralem
1717 2797 1756 2832 et
1785 2795 1975 2844 practi-

235 2874 252 2899 c
266 2875 356 2905 am;
388 2863 521 2909 potest.
553 2861 655 2897 enim
687 2861 818 2909 aliqua
852 2860 1030 2898 doctrina
1051 2860 1131 2896 sive
1166 2858 1371 2907 disciplina
1393 2857 1537 2906 scripto
1560 2856 1608 2893 ad
1629 2856 1724 2893 alios
1746 2853 1972 2900 transmitti,

234 2921 297 2957 vel
319 2932 384 2957 ore
406 2919 614 2969 propagari
637 2920 698 2956 vel
721 2920 805 2968 ipsa
827 2919 939 2968 praxi
962 2919 1008 2956 de
1030 2918 1209 2967 patribus
1229 2918 1271 2954 in
1293 2917 1391 2954 filios
1413 2915 1593 2953 derivari.

354 3001 398 3043 2.
420 3003 583 3040 Ratione
615 3015 635 3038 r
647 3002 726 3039 ela
737 3002 810 3039 tio
821 3002 899 3038 nis
931 3001 1157 3038 traditionis
1188 3000 1302 3038 oralis
1334 2999 1381 3036 ad
1404 2999 1590 3047 scriptam
1613 2994 1699 3049 (seu
1722 3009 1750 3034 s.
1774 2996 1975 3045 Scriptura

236 3060 476 3114 contentam)
510 3061 814 3110 distinguuntur
844 3059 1078 3097 traditiones
1110 3060 1151 3096 in
1183 3071 1201 3096 c
1213 3072 1234 3096 o
1245 3072 1272 3096 n
1283 3071 1300 3096 s
1312 3059 1380 3096 tit
1390 3071 1418 3095 u
1429 3060 1445 3095 t
1456 3057 1470 3094 i
1481 3070 1504 3094 v
1516 3070 1537 3094 a
1548 3069 1564 3094 s
1597 3060 1636 3093 et
1666 3056 1717 3092 in
1728 3056 1753 3093 h
1764 3069 1786 3093 a
1796 3068 1816 3092 e
1827 3055 1901 3092 siv
1912 3067 1933 3091 a
1945 3066 1972 3094 S.
