2175 3382
246 149 331 190 454
581 144 702 177 Trai-t.
723 143 781 176 lll.
803 142 847 176 de
866 142 1040 186 primatu.
1059 141 1243 176 Honorius
1263 152 1336 176 non
1355 142 1492 176 erravit
1510 141 1547 175 in
1567 141 1645 176 fide.

245 267 363 311 strat,
387 274 441 303 an
464 263 502 311 ii,
535 261 994 315 qui-Constantinopoli
1016 261 1256 314 loquuntur,
1290 260 1403 313 quod
1428 261 1469 301 in
1493 265 1677 301 mentem
1703 261 1868 301 venit?“
1899 260 1982 302 Re-

246 333 426 386 spondet
448 332 707 385 Pyrrhus:
744 332 846 384 „Qui
868 333 979 374 hanc
1003 332 1275 384 composuit.“
1332 331 1392 382 „Is
1424 332 1547 384 igitur
1578 332 1679 384 ipse,
1711 333 1983 385 prosequitur

246 404 529 453 Maximus,
563 416 659 445 cum
695 404 748 445 ad
780 409 974 445 sanctum
1007 402 1303 444 Constantium
1340 403 1436 455 imp.
1472 414 1521 443 ex
1557 413 1741 454 persona
1774 415 1920 443 rursus
1951 416 1981 446 S.

245 475 421 516 Joannis
444 487 581 528 papae
604 475 655 516 de
678 475 758 516 hac
782 475 959 527 epistola
983 473 1199 521 scriberet,
1221 473 1346 514 dixit:
1370 472 1506 514 Unam
1523 473 1784 514 voluntatem
1802 473 1983 514 diximus

246 547 288 586 in
302 546 496 595 Domino,
518 559 604 587 non
620 546 849 586 divinitatis
872 545 961 597 ejus
984 550 1025 585 et
1046 544 1335 592 humanitatis,
1359 544 1433 585 sed
1456 544 1733 585 humanitatis
1748 544 1981 587 dumtaxat.

245 615 352 658 Cum
384 617 494 658 enim
529 615 698 668 Sergius
730 616 977 668 scripsisset,
1011 615 1123 668 quod
1155 615 1326 668 quidam
1355 615 1461 656 duas
1484 615 1725 656 voluntates
1748 615 1790 656 in
1813 615 1982 656 Christo

247 688 484 729 contrarias
499 687 700 736 dicerent,
716 686 953 739 respondit:
980 686 1114 728 Unam
1132 687 1408 736 voluntatem,
1430 686 1625 737 diximus,
1648 686 1872 736 Christum,
1896 698 1982 726 non

246 759 352 800 duas
374 759 611 800 contrarias
636 758 874 798 voluntates
896 757 1108 807 habuisse,
1133 758 1274 799 carnis
1296 758 1383 799 scil.
1408 762 1449 798 et
1471 758 1653 810 spiritus,
1676 758 1784 798 sicut
1805 769 1884 798 nos
1906 757 1983 798 ha-

246 830 396 871 bemus
419 835 515 882 post
536 833 771 881 peccatum,
807 828 881 870 sed
904 841 1033 870 unam
1056 833 1233 878 tantum,
1265 840 1375 881 quae
1399 815 1649 870 naturaliter
1672 829 1761 881 eJus
1785 828 1983 869 humani-

246 905 377 941 tatem
399 900 618 952 insigniret
639 899 766 956 (Mig.
789 905 894 952 patr.
918 913 975 953 gr.
999 904 1066 950 91,
1090 900 1236 955 327)“.

364 984 409 1027 b.
440 983 637 1024 Testatur
667 982 908 1024 Joannes
929 982 1008 1036 IV,
1043 983 1113 1035 qui
1145 981 1386 1036 apologiam
1416 983 1584 1035 scripsit
1606 995 1682 1035 pro
1705 982 1908 1031 Honorio,
1940 982 1983 1023 in

247 1066 330 1106 qua
352 1054 460 1095 inter
483 1053 564 1094 alia
587 1053 785 1107 legimus:
817 1053 1053 1105 „Quantum
1077 1054 1189 1094 enim
1213 1065 1264 1094 ex
1287 1053 1464 1094 diversis
1489 1053 1840 1105 suggestionibus,
1873 1065 1984 1106 quae

247 1125 300 1165 ad
322 1137 401 1165 nos
424 1125 674 1166 catervatim
697 1131 916 1175 venerunt,
938 1125 1125 1178 quinimo
1150 1129 1191 1166 et
1213 1137 1263 1166 ex
1286 1125 1378 1177 ipso
1401 1137 1571 1178 quoque
1586 1124 1731 1165 auditu
1746 1125 1983 1173 didicimus,

248 1208 396 1237 omnes
419 1196 705 1237 occidentales
729 1202 871 1249 partes
895 1196 1208 1237 scandalizatae
1230 1196 1469 1245 turbantur,
1498 1196 1625 1236 fratre
1648 1200 1795 1236 nostro
1819 1194 1983 1248 Pyrrho

246 1267 490 1319 patriarcha
512 1279 587 1320 per
608 1267 752 1309 literas
775 1280 874 1309 suas
897 1268 979 1309 huc
1007 1272 1133 1321 atque
1156 1267 1253 1308 illuc
1274 1267 1550 1308 transmissas
1572 1278 1686 1308 nova
1707 1266 1919 1320 quaedam
1943 1270 1985 1307 et

246 1343 417 1390 praeter
438 1339 627 1391 regulam
650 1338 747 1380 fidei
769 1339 1042 1392 praedicante
1074 1343 1115 1380 et
1147 1338 1201 1379 ad
1227 1338 1444 1391 proprium
1469 1350 1641 1379 sensum
1665 1338 1785 1391 quasi
1807 1342 1984 1378 sanctae

247 1409 479 1450 memoriae
502 1409 738 1450 Honorium
771 1421 926 1462 papam
960 1409 1230 1450 decessorem
1265 1414 1456 1449 nostrum
1496 1409 1711 1450 attrahere
1746 1407 1984 1458 festinante,

247 1479 360 1532 quod
392 1492 417 1520 a
448 1484 590 1521 mente
618 1480 817 1521 catholici
838 1480 970 1532 patris
993 1486 1085 1520 erat
1107 1481 1273 1532 penitus
1297 1480 1518 1521 alienum.“
1567 1479 1757 1532 Explicat
1779 1480 1876 1520 dein
1898 1492 1984 1532 quo

248 1562 375 1592 sensu
397 1550 610 1592 Honorius
633 1551 740 1592 duas
761 1551 956 1592 videatur
977 1563 1133 1604 negare
1164 1552 1207 1592 in
1230 1549 1396 1592 Christo
1424 1551 1677 1599 voluntates,
1709 1551 1828 1603 cujus
1847 1550 1984 1604 'expli-

248 1622 427 1663 cationis
451 1622 557 1663 haec
580 1627 644 1664 est
666 1634 852 1663 summa:
884 1622 1154 1673 „Praedictus
1169 1634 1268 1674 ergo
1285 1622 1486 1663 decessor
1500 1634 1620 1663 meus
1635 1622 1793 1662 docens
1817 1621 1868 1662 de
1892 1622 1984 1675 my-

247 1693 375 1734 sterio
399 1694 704 1735 incarnationis
728 1693 881 1735 Christi
904 1693 1083 1744 dicebat,
1105 1707 1191 1735 non
1215 1693 1342 1734 fuisse
1375 1694 1417 1734 in
1449 1705 1513 1742 eo,
1544 1694 1653 1734 sicut
1674 1693 1716 1734 in
1738 1693 1862 1734 nobis
1885 1705 1984 1746 pec-

248 1764 464 1805 catoribus
496 1767 649 1806 mentis
684 1771 726 1806 et
759 1766 899 1806 carnis
931 1765 1249 1806 contrarias
1282 1765 1541 1805 voluntates:
1578 1764 1691 1817 quod
1726 1764 1893 1817 quidem
1930 1765 1985 1806 ad

247 1836 464 1888 proprium
487 1848 659 1877 sensum
675 1841 984 1885 convertentes,
1006 1836 1236 1877 divinitatis
1261 1836 1351 1888 ejus
1374 1841 1416 1876 et
1437 1836 1713 1876 humanitatis
1734 1848 1863 1877 unam
1888 1847 1984 1877 eum

247 1906 510 1947 voluntatem
533 1906 730 1948 docuisse
752 1908 954 1960 suspicati
976 1913 1084 1957 sunt,
1116 1907 1229 1961 quod
1251 1907 1423 1948 veritati
1446 1907 1704 1947 omnimodis
1727 1911 1791 1947 est
1812 1911 1984 1947 contra-

247 1977 390 2020 rium.“
440 1976 575 2028 Quem
598 1978 640 2018 in
663 1986 835 2018 sensum
1070 1987 1072 1990 ’

366 2061 405 2092 c.
428 2048 663 2090 Honorium
685 2048 888 2089 intellexit
909 2062 940 2089 s.
963 2048 1155 2089 Maxim
1169 2061 1225 2089 us
1248 2048 1422 2101 insignis
1447 2053 1548 2089 tunc
1569 2047 1664 2089 fidei
1682 2052 1986 2101 propugnator,

248 2119 317 2171 qui
348 2118 556 2172 Pyrrhum
588 2119 738 2172 adegit,
769 2124 815 2160 ut
846 2118 1047 2160 fateretur
1070 2119 1140 2175 (ib.
1164 2133 1200 2172 p.
1225 2122 1349 2172 330):
1387 2119 1527 2170 „Meus
1550 2119 1750 2160 decessor
1773 2118 1978 2176 (Sergius)

248 2191 363 2231 vocis
386 2202 531 2232 errore
563 2191 777 2243 deceptus,
809 2192 892 2232 hoc
924 2191 1055 2246 (quod
1077 2190 1289 2231 Honorius
1316 2191 1500 2246 scripsit)
1524 2191 1755 2243 simplicius
1778 2191 1976 2242 accepit.“

367 2275 411 2317 (l.
434 2271 626 2315 Eundem
640 2275 682 2315 in
698 2286 870 2315 sensum
886 2273 1119 2315 Honorium
1133 2274 1390 2315 intellexisse
1405 2273 1608 2314 dicendus
1623 2277 1740 2314 estet
1757 2277 1788 2313 A
1801 2285 1826 2325 g
1838 2272 1928 2313 ath
1940 2284 1964 2313 o
1975 2304 1984 2320 ,

249 2344 435 2397 alioquin
448 2358 543 2385 >non
566 2346 691 2386 toties
715 2346 1043 2398 solemniterque
1076 2346 1120 2386 in
1151 2357 1229 2386 sua
1261 2344 1317 2385 ad
1339 2345 1663 2387 Constantinum
1687 2344 1783 2396 imp.
1807 2343 1986 2396 epistola

248 2415 491 2463 inculcaret,
514 2428 740 2457 romanam
756 2417 980 2457 ecclesiam
1002 2429 1165 2469 „nunq
1179 2429 1204 2456 u
1218 2428 1297 2456 arn
1322 2427 1348 2456 a
1370 2416 1438 2456 via
1460 2415 1648 2456 veritatis
1670 2416 1713 2455 in
1735 2413 1986 2467 qualibet

250 2486 404 2526 erroris
426 2490 546 2539 parte
569 2486 777 2528 deflexam
800 2500 894 2528 esse
916 2486 982 2543 (cf.
1005 2500 1044 2532 n.
1066 2490 1178 2533 4081
1200 2488 1279 2542 a.)“

366 2581 405 2612 θ.
427 2572 533 2609 Idem
556 2576 664 2621 patet
686 2586 731 2610 ex
753 2574 850 2622 ipsis
873 2574 1036 2611 Honorii
1057 2574 1192 2611 literis.
1236 2573 1337 2610 Satis
1369 2573 1470 2610 clare
1492 2572 1599 2610 enim
1619 2572 1804 2621 proponit
1835 2571 1979 2608 doctri-

248 2643 337 2667 nam
359 2631 599 2677 catholicam,
623 2645 711 2669 cum
735 2633 874 2670 scribit
895 2646 953 2682 ep.
979 2639 1023 2672 2:
1049 2633 1151 2677 »Pro
1174 2645 1263 2677 una,
1287 2645 1404 2680 quam
1419 2632 1578 2680 quidam
1593 2631 1728 2668 dicunt
1742 2630 1984 2679 operatione,

249 2691 403 2738 oportet
423 2703 492 2727 nos
514 2704 635 2727 unum
659 2694 901 2740 operatorem
924 2691 1122 2729 Christum
1147 2691 1357 2729 Dominum
1379 2691 1420 2728 in
1441 2691 1621 2739 utrisque
1642 2690 1795 2727 naturis
1812 2689 1982 2727 veridice

249 2748 443 2786 confiteri:
480 2751 518 2785 et
541 2762 609 2798 pro
633 2751 785 2788 duabus
809 2751 1104 2799 operationibus
1126 2750 1255 2788 ablato
1278 2750 1455 2800 geminae
1478 2749 1717 2798 operationis
1741 2749 1929 2787 vocabulo
1949 2745 1981 2800 1)

350 2893 356 2902 ’
395 2901 417 2939 ¹)
436 2897 532 2942 Ergo
552 2898 581 2932 si
600 2898 632 2932 H
645 2910 664 2933 o
677 2912 700 2933 n
713 2911 732 2933 o
744 2900 818 2933 riu
831 2913 845 2933 s
873 2901 1019 2941 erravit,
1039 2911 1112 2934 non
1129 2900 1266 2934 erravit
1284 2899 1380 2933 circa
1396 2910 1414 2932 r
1425 2910 1442 2933 e
1455 2910 1501 2938 m,
1520 2897 1705 2943 dogmatis
1723 2897 1984 2938 substantiam,

250 2951 312 2985 sed
331 2952 425 2985 circa
443 2954 595 2985 modum
614 2952 656 2985 lo
669 2964 691 2995 q
703 2964 726 2985 u
738 2963 757 2986 e
767 2965 792 2986 n
804 2954 825 2986 d
837 2954 860 2994 i,
881 2952 980 2996 quod
998 2953 1134 2987 timens
1154 2953 1198 2987 de
1214 2965 1237 2987 v
1247 2963 1267 2985 o
1281 2964 1298 2986 c
1309 2964 1330 2986 a
1340 2952 1363 2985 b
1375 2951 1470 2986 ulis
1493 2951 1781 2991 altercationem,
1799 2949 1984 2989 maluerit,

234 3017 238 3021 ·
254 3006 295 3038 ut
313 3004 562 3038 abstineretur
579 3015 600 3038 a
618 3005 804 3039 vocabulis
816 3005 924 3038 unius
936 3006 993 3039 vel
1012 3005 1168 3050 duplicis
1187 3005 1423 3050 operationis,
1442 3006 1635 3038 contentus
1653 3014 1695 3037 ea
1712 3002 1797 3037 fidei
1813 3001 1984 3043 formula,

248 3068 321 3101 qua
338 3057 475 3092 virtute
492 3057 703 3092 continetur
728 3058 885 3102 duplicis
910 3059 1137 3103 operationis
1156 3058 1332 3093 confessio
1352 3068 1519 3103 quaeque
1537 3060 1600 3092 vix
1618 3057 1742 3091 differt
1760 3068 1780 3090 a
1800 3056 1882 3090 fidei
1902 3065 1983 3100 pro-

249 3111 419 3151 fessione,
438 3122 547 3155 quam
566 3111 646 3155 ipse
673 3110 699 3144 L
713 3121 763 3145 co
780 3112 818 3145 Ἰ.
845 3112 882 3145 in
910 3111 1045 3146 celebri
1073 3113 1119 3146 ad
1138 3111 1351 3147 Flavianum
1374 3123 1430 3156 ep.
1449 3112 1501 3145 ita
1526 3112 1718 3145 enunciat:
1758 3109 1867 3154 ,Agit
1885 3109 1984 3145 enim
