2175 3382
875 120 1041 164 Mysterii
1059 122 1172 155 notio.
1833 132 1883 173 13

154 253 223 289 per
244 252 314 278 nos
335 241 398 277 vel
420 240 649 277 nullatenus
671 241 734 278 vel
756 252 834 278 non
854 241 931 278 nisi
953 254 1092 291 magno
1117 255 1204 280 cum
1239 244 1368 281 labore
1391 248 1430 282 et
1452 246 1583 284 studio
1609 249 1762 297 assequi
1793 261 1884 298 pos-

154 312 298 337 sumus.
341 299 465 347 Atqui
486 299 631 336 veritas
652 299 784 348 aliqua
805 299 1053 349 quadruplici
1075 301 1188 339 modo
1211 302 1332 339 lutere
1354 315 1424 341 nos
1447 307 1597 352 potest:

275 355 313 399 l.
335 357 438 395 Fieri
458 359 599 406 potest,
631 360 679 395 ut
699 358 782 406 ipsa
802 358 948 396 veritas
976 371 1046 407 per
1067 372 1106 397 se
1137 360 1247 397 facile
1276 362 1403 409 possit
1435 362 1616 412 intelligi,
1649 377 1719 402 nos
1751 369 1880 404 tamen

152 418 273 455 lateat
294 429 340 455 ex
362 416 517 454 defectu
537 417 813 465 propositionis
837 429 907 455 seu
927 418 1279 456 manifestationis:
1316 432 1415 468 quae
1438 421 1595 469 quidem
1619 424 1882 462 manifestatio

151 476 254 514 vires
276 478 440 513 naturae
461 488 539 512 non
562 477 731 523 superat,
769 488 858 513 cum
879 479 948 513 aut
969 477 1099 514 verbis
1123 479 1192 514 aut
1212 479 1445 516 removendo
1467 481 1791 520 manifestationis
1814 484 1880 520 ob-

151 536 300 573 stacula
321 535 404 572 fieri
425 535 554 583 queat.
596 535 657 571 Ita
678 534 835 572 consilia
868 536 1203 585 cogitationesque
1233 539 1389 574 nostrae
1420 551 1495 576 non
1528 540 1756 578 manifestae
1788 547 1879 579 sunt

151 594 238 631 aliis
258 594 465 643 mysteria3
488 593 558 630 hoe
580 605 697 630 sensu
719 595 847 630 terrae
868 595 932 631 vel
953 595 1071 632 maris
1093 594 1201 632 sinus
1222 596 1348 633 multa
1368 597 1544 634 recondit
1565 600 1762 647 mysteria.

268 651 311 693 2.
337 652 569 701 Contingere
590 653 734 700 potest,
766 654 814 690 ut
836 653 982 690 veritas
1005 654 1057 690 sit
1078 653 1227 691 ordinis
1247 655 1448 701 naturalis,
1481 668 1595 704 quam
1620 658 1736 694 etiam
1768 659 1880 696 facile

149 712 396 760 assequimur
417 711 542 760 quoad
567 711 650 760 ejus
673 711 933 759 existentiam,
958 712 1023 749 sed
1046 712 1253 759 modum,
1277 724 1353 761 quo
1375 726 1435 751 res
1457 715 1509 752 sit
1529 715 1592 752 vel
1606 715 1660 761 fit,
1684 729 1762 754 non
1775 729 1879 754 asse-

153 771 331 819 quimur3
354 783 432 818 quo
452 782 570 807 sensu
592 770 655 807 vel
676 770 762 818 ipsa
783 773 925 808 natura
946 772 1064 819 plena
1085 773 1145 808 est
1166 772 1375 820 mysteriis,

266 826 308 871 3.
334 830 436 867 Sunt
454 829 654 876 veritates,
677 829 724 866 ad
747 842 912 878 quarum
936 830 1200 880 cognitionem
1230 831 1453 880 indigemus
1474 833 1709 871 revelatione
1736 834 1877 875 divina,

147 901 224 938 qua
255 890 388 926 tamen
419 888 518 926 facta
553 900 618 925 eae
651 888 762 925 facile
795 887 1080 938 intelliguntur
1111 886 1313 941 (veritates
1336 892 1542 938 praeter
1571 890 1801 945 rationem);
1834 896 1877 930 ut

146 947 353 985 Ecclesiam
375 947 587 997 regendam
609 959 691 985 esse
714 960 759 984 ex
780 948 985 985 voluntate
1008 948 1150 985 Christi
1173 949 1220 986 ab
1242 961 1321 986 uno
1343 949 1563 998 praeposito
1587 963 1777 999 supremo.

263 1003 304 1047 4.
326 1006 398 1044 Vel
420 1006 589 1054 denique
610 1006 756 1044 veritas
778 1007 834 1044 ita
855 1007 1006 1044 excedit
1027 1007 1229 1053 rationem,
1265 1010 1312 1045 ut
1333 1018 1373 1048 a.
1396 1021 1522 1057 neque
1545 1010 1629 1058 ejus
1652 1011 1876 1048 exsistentia

146 1065 231 1103 sine
251 1065 490 1104 revelatione
513 1065 703 1114 cognosci,
725 1078 854 1115 neque
867 1064 912 1106 b.
928 1066 1024 1115 ipsa,
1049 1066 1148 1103 sacta
1162 1066 1337 1115 ejusdem
1352 1067 1601 1114 revelatione,
1626 1069 1878 1118 conceptibus

144 1124 312 1174 propriis
334 1124 584 1173 apprehendi,
608 1137 736 1173 neque
759 1134 798 1166 (3.
820 1124 960 1162 modus
983 1138 1059 1173 quo
1075 1137 1114 1163 se
1130 1126 1270 1163 habeat
1282 1126 1462 1175 perspici,
1486 1139 1612 1175 neque
1635 1125 1680 1169 (l.
1705 1140 1749 1165 ex
1766 1129 1876 1176 prin-

143 1183 255 1232 cipiis
277 1183 471 1221 humanae
492 1183 634 1220 rationi
656 1184 827 1233 propriis
850 1184 1119 1230 demonstrari,
1153 1196 1234 1228 seu,
1268 1197 1337 1222 cur
1369 1185 1424 1222 ita
1455 1186 1516 1231 sit,
1549 1187 1720 1236 intelligi
1752 1188 1874 1235 possit

146 1239 306 1294 (veritas
330 1254 485 1292 super
505 1241 726 1294 rationem).
770 1243 974 1291 Ejusmodi
1006 1243 1193 1280 veritates
1216 1243 1258 1280 in
1278 1243 1416 1292 primis
1448 1245 1634 1282 dicuntur
1667 1247 1875 1295 mysteria:

143 1314 243 1350 quae
264 1314 369 1342 conc.
390 1301 612 1351 vaticanum
634 1312 724 1339 sess
749 1308 770 1342 3
796 1314 876 1351 cap.
902 1308 924 1341 4
947 1302 1004 1339 ita
1026 1302 1230 1340 describit:
1256 1328 1272 1346 »
1286 1303 1423 1340 Divina
1444 1304 1631 1352 mysteria
1652 1308 1790 1354 suapte
1804 1319 1875 1342 na-

141 1364 232 1398 tura
251 1361 498 1398 intellectum
521 1362 695 1398 creatum
719 1361 774 1398 sic
795 1361 1000 1404 excedunt,
1024 1363 1071 1398 ut
1092 1362 1210 1399 etiam
1231 1362 1469 1400 revelatione
1491 1363 1637 1400 tradita
1659 1366 1698 1400 et
1718 1364 1792 1401 fide
1808 1377 1873 1402 su-

143 1422 285 1468 scepta,
308 1419 432 1468 ipsius
453 1421 585 1457 tamen
606 1419 697 1457 fidei
717 1420 908 1457 velamine
931 1422 1107 1458 contecta
1129 1422 1169 1458 et
1191 1421 1357 1469 quadam
1380 1422 1490 1469 quasi
1512 1422 1676 1471 caligine
1690 1423 1874 1461 obvoluta

141 1480 336 1524 maneant,
372 1479 561 1527 quamdiu
583 1479 624 1516 in
645 1479 717 1516 hac
738 1479 894 1516 mortali
917 1480 999 1517 vita
1029 1479 1324 1529 peregrinamur
1355 1493 1376 1517 a
1398 1481 1600 1518 Domina«
1645 1481 1769 1526 Quare
1801 1482 1873 1526 >,in

140 1538 350 1587 mysteriis,
382 1537 519 1586 inquit
540 1551 612 1576 em.
635 1538 733 1577 card.
756 1538 1030 1576 Franzelin
1052 1540 1102 1575 tr.
1125 1539 1172 1575 de
1195 1539 1274 1576 Deo
1296 1539 1401 1575 trino
1431 1540 1487 1576 th.
1525 1547 1587 1585 17,
1621 1542 1701 1577 tam
1732 1542 1871 1579 notitia

142 1597 581 1646 apprehensionis
615 1610 733 1645 quam
755 1597 929 1646 cognitio
963 1598 1325 1635 consensionis
1361 1610 1429 1635 seu
1452 1601 1531 1636 tam
1565 1599 1651 1636 idea
1673 1600 1872 1647 quiddi-

139 1656 279 1702 tatis,
304 1669 422 1704 quam
436 1656 634 1705 judicium
655 1656 910 1694 veritatis
941 1659 999 1694 est-
1021 1669 1139 1705 supra
1160 1657 1262 1694 vires
1285 1657 1486 1695 rationis.«
1530 1657 1639 1694 Unde
1669 1658 1780 1696 facile
1810 1660 1872 1697 in—

140 1715 380 1765 telliguntur
399 1715 528 1753 variae
551 1715 827 1764 mysteriorum
851 1716 1185 1764 partitiones,
1212 1712 1250 1756 l.
1273 1716 1353 1753 scil.
1368 1716 1410 1752 in
1431 1716 1650 1754 relativa
1672 1729 1769 1765 quae
1784 1720 1871 1755 tan-

138 1776 226 1811 tum
246 1775 368 1812 relate
389 1775 436 1811 ad
459 1777 610 1812 certum
634 1775 828 1822 quendam
849 1775 1094 1811 intellectum
1117 1787 1161 1811 ex
1183 1787 1239 1824 gr.
1262 1775 1477 1812 humanum
1494 1778 1587 1812 sunt
1600 1777 1807 1824 mysteria;
1831 1781 1869 1815 et

138 1833 390 1878 absoluta,
415 1846 515 1882 quae
537 1833 726 1882 mysteria
748 1835 842 1870 sunt
864 1834 1028 1870 cuilibet
1049 1833 1271 1871 intellectui
1294 1836 1441 1880 creat03
1464 1832 1507 1874 2.
1531 1834 1574 1871 in
1595 1837 1869 1874 naturalia.

137 1892 170 1929 si
192 1892 379 1930 veritates
401 1893 528 1930 latent
549 1892 676 1941 primo
698 1893 761 1930 vel
784 1893 952 1930 secundo
974 1892 1110 1937 mod0;
1134 1895 1173 1929 et
1195 1893 1632 1941 supernaturalia,
1656 1906 1754 1941 quae
1782 1897 1870 1943 qui-

137 1951 225 1988 dem
247 1949 288 1991 3.
311 1952 499 1989 dicuntur
519 1951 674 2000 primi
697 1951 855 1996 ordinis,
881 1952 913 1988 si
934 1952 1061 1988 latent
1082 1954 1222 1999 quarto
1245 1951 1377 1995 mod03
1412 1952 1625 1989 secundi
1655 1954 1813 1997 ordinis,
1838 1956 1869 1992 si

136 2011 262 2048 latent
281 2012 438 2048 tantum
459 2011 579 2048 tertio
600 2010 728 2048 modo.
770 2011 956 2059 Mysteria
978 2010 1139 2048 secundi
1161 2010 1309 2048 ordinis
1331 2011 1408 2048 dici
1430 2013 1598 2060 possunt
1620 2024 1734 2060 supra
1749 2014 1870 2050 ratio-

135 2082 225 2106 nem
246 2070 413 2107 veritate
435 2069 703 2115 exsistentiae3
727 2070 914 2118 mysteria
934 2070 1053 2118 primi
1076 2069 1222 2107 ordinis
1244 2082 1362 2118 supra
1382 2070 1574 2108 rationem
1595 2071 1680 2107 tum
1703 2073 1869 2109 veritate

136 2128 385 2166 exsistentiae
406 2131 491 2165 tum
515 2128 706 2166 essentiae
725 2128 766 2177 1).

255 2186 366 2231 Quod
388 2189 534 2225 statum
559 2188 797 2235 quaestionis
829 2188 870 2224 in
902 2188 970 2225 hac
1001 2188 1106 2225 thesi
1137 2187 1291 2233 attinet,
1323 2189 1506 2225 notamus
1529 2198 1568 2228 a.
1590 2190 1866 2237 mysteriorum

136 2246 288 2294 primi
309 2246 459 2284 ordinis
482 2246 749 2284 exsistentiam
772 2247 919 2295 plene
941 2247 1198 2284 demonstrari
1224 2259 1268 2284 ex
1284 2247 1367 2295 ipsa
1382 2247 1619 2284 revelatione
1634 2249 1867 2286 christiana:

135 2317 214 2353 qua
234 2305 569 2343 demonstratione
591 2305 705 2342 modo
727 2306 903 2342 nondum
924 2306 985 2342 uti
1006 2306 1215 2354 possimus.
1258 2303 1304 2346 b.
1328 2306 1491 2343 lllorum
1514 2318 1583 2354 pro
1606 2308 1784 2354 quovis
1806 2308 1868 2344 in-

134 2364 296 2401 tellectu
309 2365 479 2402 naturali
494 2364 762 2402 exsistentiam
786 2365 893 2402 solo
915 2365 1078 2402 rationis
1101 2365 1199 2401 lum
1213 2364 1264 2401 in
1278 2376 1297 2401 e
1321 2377 1391 2401 seu
1412 2378 1433 2401 a
1454 2364 1573 2412 priori
1588 2367 1764 2413 probare,
1787 2380 1865 2403 non

135 2434 265 2460 carere
286 2423 519 2461 difficultate
535 2422 580 2476 2).
623 2423 745 2461 Nobis
767 2433 809 2464 (3.
832 2423 991 2461 interim
1015 2423 1201 2468 sufficere,
1235 2435 1312 2471 quo
1336 2424 1437 2461 viam
1463 2426 1683 2462 sternamus
1706 2426 1865 2462 demon—

135 2481 319 2520 strationi
349 2483 395 2519 ‹le
417 2482 668 2520 revelationis
690 2482 919 2520 necessitate
941 2483 1003 2519 vel
1026 2482 1309 2528 convenientia,
1349 2484 1394 2519 ut
1415 2482 1624 2531 probemus
1648 2497 1729 2522 esse
1760 2484 1863 2521 veri-

133 2542 244 2586 tates,
260 2553 359 2589 quae
371 2542 534 2579 rationis
547 2544 702 2579 nostrae
722 2541 764 2578 in
785 2541 856 2578 hac
877 2541 958 2578 vita
980 2541 1136 2579 mortali
1158 2543 1312 2590 captum
1335 2541 1530 2585 excedant,
1555 2555 1730 2591 quaeque
1752 2543 1865 2580 nobis

135 2600 216 2637 sint
236 2601 435 2649 mysteria.
477 2600 559 2638 Hoc
581 2600 782 2638 evidenter
804 2600 969 2649 probant
994 2603 1236 2650 argumenta,
1261 2612 1359 2648 quae
1382 2600 1631 2638 adducemus.

253 2682 292 2723 4.
313 2679 693 2724 Demonstratio.
719 2680 761 2723 1.
777 2679 953 2721 Utemur
967 2685 1216 2732 argumento
1240 2693 1266 2721 a
1287 2679 1461 2723 fortiori.
1485 2680 1729 2721 Inductione
1751 2680 1860 2720 enim

137 2753 179 2790 et
199 2750 447 2802 quotidiana
471 2751 730 2803 experientia
754 2754 932 2799 constat,
964 2752 1007 2791 in
1037 2763 1179 2792 rerum
1212 2755 1364 2792 natura
1386 2751 1619 2799 visibili,
1653 2755 1861 2791 creata.

134 2819 317 2870 finita,
340 2833 552 2874 quamque
566 2821 764 2862 manibus
785 2821 1018 2874 palpamus,
1040 2822 1222 2874 plurima
1244 2834 1349 2871 esse,
1371 2834 1479 2875 quae
1502 2834 1580 2862 nos
1603 2822 1761 2861 lateant
1783 2833 1859 2860 ns>-

277 2975 302 3015 1)
316 2972 366 3006 Cf.
387 2972 617 3008 Scheeben
635 2974 835 3017 Mysterien
855 2973 917 3007 des
935 2973 1232 3008 Chi-istenthums
1247 2978 1264 3015 ξ
1281 2978 1317 3010 2;
1338 2973 1559 3018 Kleutgen
1578 2971 1777 3014 Theologic
1797 2971 1859 3003 (lffl'

133 3024 289 3065 Vorzeit,
308 3025 398 3060 tom.
416 3026 484 3059 ult.
501 3038 536 3060 n.
555 3028 625 3061 403
642 3038 707 3065 ss:
727 3026 839 3061 falsas
856 3028 1025 3061 notiones
1045 3028 1089 3061 cf.
1109 3027 1206 3071 apud
1224 3027 1254 3060 D
1266 3038 1284 3060 e
1296 3039 1319 3060 n
1331 3027 1369 3060 zi
1383 3040 1404 3060 n
1417 3039 1441 3071 g
1453 3037 1470 3059 e
1482 3038 1497 3058 r
1517 3028 1548 3064 2,
1566 3028 1621 3059 80.

278 3082 302 3119 2)
321 3079 373 3112 cf.
392 3079 516 3114 Gran
528 3081 710 3122 derath,
726 3080 933 3115 Zeitschrift
950 3079 1008 3113 fi'u·
1026 3080 1127 3116 kath.
1147 3080 1271 3114 Theol.
1297 3081 1383 3113 1886
1402 3091 1435 3123 p.
1451 3080 1644 3113 497-—5211
1661 3077 1856 3111 595-603.
