2175 3382
208 155 294 196 3230
494 149 612 182 'si-act.
634 148 692 182 111.
713 149 757 183 de
777 149 952 183 Ecclesia.
971 149 1100 183 'l'hesis
1124 148 1177 183 121.
1196 148 1240 183 de
1261 149 1484 183 auctoritate
1503 149 1655 184 docendi

208 268 443 309 docendi
466 269 506 324 ¹),
539 279 648 321 quae
682 268 834 321 triplici
868 280 1043 310 munere
1067 269 1310 309 continetur
1325 268 1379 323 ·-’);
1407 273 1471 308 est
1493 268 1605 308 enim
1628 268 1814 310 Ecclesia
1836 270 1945 310 veri-

209 340 306 380 tatis
329 338 541 381 revelatae
564 339 748 388 testis,
772 340 1057 392 magistra,
1082 344 1123 380 et
1148 339 1312 380 obortis
1333 339 1634 380 controversiis
1651 339 1836 392 judex,
1859 351 1946 381 non

209 410 525 464 qualiscunque,
547 410 622 451 sed
645 410 770 463 plane
794 411 1050 460 authentica,
1080 411 1200 463 cujus
1223 410 1479 458 testimonio,
1504 410 1760 462 magisterio,
1786 410 1945 464 judicio
1984 454 1985 457 ,

208 486 273 522 est
293 494 469 534 prorsus
492 481 703 522 standum.
739 481 836 523 Ideo
860 486 1003 522 autem
1027 487 1091 522 est
1113 481 1238 534 plane
1255 481 1501 522 authentica
1526 481 1699 533 ejusque
1721 480 1862 522 verbis
1883 486 1948 522 est

207 552 417 601 standum,
453 552 566 605 quod
601 553 643 594 in
677 552 759 593 hoc
794 552 944 605 triplici
979 563 1155 593 munere
1195 551 1395 593 obeundo
1437 550 1585 592 fruitur
1620 550 1701 591 inf
1712 551 1947 593 allibili-

208 628 341 672 tate,
364 623 416 665 de
439 635 523 676 qua
546 629 728 676 quatuor
751 634 1027 675 quaeremus:
1053 622 1276 671 factum,
1300 622 1625 674 subjectum,
1649 621 1948 674 obJ'ectum,

208 699 471 736 naturam.

675 823 723 863 A.
756 823 1044 863 Ecclesiae
1077 821 1479 863 infallibilitas.

327 921 423 962 256.
446 918 614 961 Thesis
639 917 717 960 LI·
783 931 1103 965 fllinisterium
1155 931 1513 966 ecclesiasticum
1558 934 1831 974 praeditum
1883 934 1948 966 est

207 993 482 1026 ‹ructon-itate
509 993 716 1026 docendi.

325 1073 707 1117 Demonstratio.
732 1071 881 1112 Thesis
895 1076 991 1124 post
1014 1082 1077 1118 ea,
1102 1081 1211 1123 quae
1228 1070 1448 1122 hucusque
1464 1070 1657 1120 diximus,
1679 1070 1949 1112 demonstra-

210 1145 325 1185 tione
347 1144 417 1184 vix
438 1143 606 1196 indiget.
650 1142 866 1184 Ecclesiae
890 1143 1004 1183 enim
1027 1153 1103 1182 seu
1125 1141 1216 1194 ejus
1241 1127 1746 1194 ministerio‘competere
1769 1141 1951 1183 docendi

204 1216 273 1268 jus
296 1219 338 1256 et
360 1214 543 1255 osticium
567 1218 607 1255 et
629 1214 800 1267 quidem
824 1214 1128 1263 authenticum,
1162 1225 1246 1266 quo
1279 1213 1452 1253 nomine
1474 1212 1549 1254 Dei
1576 1225 1672 1254 cum
1696 1213 1949 1254 auctoritate

208 1286 429 1327 veritatem
452 1285 650 1326 divinitus
672 1285 905 1326 revelatam
929 1284 1201 1338 promulgare
1224 1284 1368 1336 possit,
1401 1284 1508 1325 adeo
1541 1288 1588 1325 ut
1622 1295 1772 1325 omnes
1803 1283 1950 1325 audire

209 1357 308 1398 illud
331 1357 452 1409 eique
476 1355 664 1405 obedire,
687 1357 768 1397 nisi
790 1356 928 1409 perire
950 1356 1093 1404 velint,
1117 1360 1356 1403 teneantur,

330 1439 369 1483 1.
394 1439 626 1481 clarissime
650 1438 858 1492 colligitur
881 1450 932 1479 ex
955 1439 1005 1479 iis
1029 1437 1238 1487 omnibus,
1272 1449 1380 1490 quae
1404 1437 1712 1490 disputavimus
1735 1437 1787 1479 de
1809 1436 1949 1478 medio

208 1511 406 1552 divinitus
429 1510 562 1551 electo
595 1509 649 1550 ad
672 1508 995 1562 propagandam
1018 1509 1260 1550 doctrinam
1282 1508 1516 1549 revelatam
1539 1507 1737 1549 omnibus
1759 1508 1814 1550 ad
1837 1508 1950 1549 salu-

208 1587 292 1623 tem
315 1581 604 1623 necessariam
627 1581 683 1622 th.
708 1585 775 1630 23,
799 1581 935 1634 deque
961 1580 1176 1621 Ecclesiae
1199 1579 1281 1621 fine
1305 1593 1343 1620 n.
1369 1582 1467 1624 204.
1511 1578 1727 1631 Colligitur

326 1666 370 1708 2.
395 1676 447 1705 ex
469 1663 620 1716 agendi
642 1663 810 1704 ratione
833 1663 1139 1715 apostolorum,
1171 1663 1242 1715 qui
1274 1662 1431 1715 ubique
1462 1663 1505 1702 in
1537 1662 1731 1703 docendo
1765 1667 1808 1703 et
1827 1673 1953 1714 prae-

209 1735 401 1788 cipiendo
427 1735 726 1776 auctoritatem
750 1734 830 1775 sibi
851 1734 1070 1775 vindicant
1092 1734 1332 1786 legatorum
1349 1732 1523 1774 Christi:
1546 1733 1643 1774 Non
1664 1734 1786 1787 enim,
1809 1732 1955 1774 scribit

210 1806 365 1848 Paulus
393 1811 426 1850 1.
451 1805 545 1847 Cor.
566 1810 599 1855 1,
620 1808 686 1861 17,
711 1807 823 1846 misit
848 1820 908 1846 me
932 1805 1122 1846 Christus
1145 1805 1378 1859 baptisare,
1401 1805 1470 1845 secl
1491 1804 1803 1858 evanyelizare;
1823 1803 1954 1845 mira-

209 1877 314 1918 culis
335 1876 461 1918 fidem
484 1877 564 1917 sibi
587 1876 818 1917 conciliant
831 1875 958 1917 Marc.
979 1879 1042 1925 16,
1065 1880 1144 1925 2ος
1171 1879 1206 1918 1.
1223 1875 1319 1918 Cor.
1336 1880 1375 1925 2,
1397 1879 1445 1923 43
1469 1879 1507 1919 2.
1527 1873 1622 1916 Cor.
1641 1879 1707 1925 12,
1731 1879 1806 1923 12;
1827 1873 1955 1916 fidem

210 1953 336 2001 atque
352 1948 639 2020 obedienQi
655 1948 777 1999 exigu
810 1952 846 1988 t:
995 1949 1241 2002 accepimus,
1264 1947 1399 2000 inquit
1411 1946 1525 1987 idem
1542 1945 1761 1999 apostolus
1775 1945 1896 1987 Rom.
1915 1949 1950 1995 1,

211 2022 249 2068 5,
269 1993 512 2073 gyratiamss‘.
537 1960 1035 2074 aposlssffifflam
1059 2029 1136 2058 seu
1160 2030 1315 2058 munus
1338 2018 1569 2070 gratuitum
1592 2016 1875 2072 apostolatus)
1899 2016 1956 2057 ad

212 2090 475 2131 obediendum
496 2090 595 2143 fidei
619 2090 658 2129 in
684 2088 871 2130 omnibus
888 2089 1077 2142 qeovtibus
1099 2090 1186 2144 (cui
1209 2089 1376 2130 muneri
1389 2088 1596 2130 incumbit
1609 2098 1772 2137 curare,
1794 2091 1841 2127 ut
1862 2098 1954 2127 om·
2010 2108 2016 2110 e

211 2172 287 2202 nes
309 2165 454 2213 gentes
478 2160 681 2202 obediant
711 2158 807 2199 fidei
840 2171 915 2200 seu
937 2158 1165 2211 Evangelio
1199 2171 1224 2200 a
1256 2158 1380 2199 nobis
1405 2158 1670 2214 praedicato)
1688 2171 1771 2212 pro
1793 2157 1956 2197 nomine

211 2233 297 2283 ejus
320 2233 414 2284 (pro
437 2231 572 2284 gloria
593 2230 778 2272 nominis
801 2230 920 2285 ejus).
961 2229 1012 2270 Et
1042 2230 1194 2271 iterum
1219 2232 1255 2271 2.
1279 2228 1373 2271 Cor.
1402 2233 1466 2279 10,
1489 2234 1516 2273 4
1539 2242 1591 2273 s:
1624 2230 1761 2269 Arma
1783 2227 1957 2268 militiae

355 2374 380 2419 ¹)
402 2375 442 2408 In
461 2375 587 2407 annot.
610 2375 651 2407 18
671 2372 715 2406 ad
735 2381 812 2416 cap.
836 2374 877 2405 10
905 2370 1103 2404 schematis
1133 2371 1193 2404 cit.
1224 2371 1384 2410 notatur,
1412 2370 1450 2404 in
1478 2370 1594 2414 priori
1623 2369 1821 2404 schematis
1838 2368 1958 2402 forma

211 2425 376 2460 additam
390 2427 504 2460 fuisse
519 2426 817 2465 declarationem,
837 2434 932 2468 quae
951 2423 1126 2468 deinceps
1144 2425 1276 2468 utpote
1294 2433 1368 2457 non
1382 2423 1587 2457 necessaria
1603 2423 1737 2457 omissa
1751 2423 1817 2462 est,
1832 2422 1871 2456 et
1883 2431 1957 2465 qua

213 2479 258 2514 de
272 2480 400 2514 eadem
412 2480 597 2523 potestate
616 2479 869 2513 statuebatur:
892 2477 1095 2516 ,Docemus
1114 2487 1193 2511 eam
1214 2477 1278 2522 (1.)
1296 2488 1380 2522 sup
1392 2486 1439 2510 re
1451 2487 1567 2510 mam
1585 2487 1661 2511 esse
1679 2477 1716 2510 et
1731 2475 1789 2509 illi
1807 2474 1876 2510 soli
1894 2474 1956 2509 ob-

211 2534 370 2571 noxiam,
390 2534 453 2577 qui
471 2535 590 2578 ipsam
608 2533 741 2567 tribuit
759 2532 891 2566 Matth.
912 2534 968 2572 ⁶28,
992 2534 1032 2565 18
1052 2530 1196 2565 dicens:
1221 2532 1318 2565 Data
1342 2537 1389 2565 est
1411 2532 1499 2565 mihi
1517 2532 1630 2565 omnis
1645 2535 1799 2574 potestas
1818 2531 1855 2563 in
1869 2530 1957 2563 coelo

212 2593 243 2621 et
260 2590 297 2621 in
315 2592 411 2621 terra
423 2601 437 2629 ,·
456 2592 573 2620 euntes
591 2598 670 2629 erqo
688 2587 800 2621 docete
818 2596 935 2620 onmes
957 2590 1074 2628 flentes
1097 2586 1317 2628 baptizantes
1339 2596 1419 2627 eus;
1437 2583 1664 2628 eandemque
1682 2583 1745 2629 (2.)
1764 2593 1841 2617 esse
1859 2594 1919 2616 un
1931 2582 1958 2616 i-

211 2651 319 2674 vers
331 2640 405 2674 ale
418 2652 453 2673 tn
473 2651 514 2674 ac
530 2638 643 2673 nullis
662 2639 977 2683 circumscriptam
1004 2637 1200 2680 limitibus,
1219 2638 1292 2672 nisi
1311 2649 1402 2682 quos
1420 2638 1502 2672 finis
1532 2637 1703 2672 salutaris
1726 2636 1867 2670 ordinis
1885 2635 1957 2670 exi-

212 2693 279 2738 git,
301 2704 383 2726 cum
400 2692 579 2726 Dominus
597 2692 710 2725 talem
724 2691 829 2725 illam
843 2691 1052 2732 contulerit,
1067 2693 1111 2725 ut
1124 2691 1258 2727 Matth.
1277 2693 1330 2732 18,
1349 2693 1392 2725 18
1407 2700 1651 2734 quaecunque
1664 2700 1731 2733 per
1745 2699 1826 2723 eam
1838 2687 1958 2734 ligata

213 2748 279 2780 aut
296 2746 417 2780 soluta
434 2745 575 2780 fuerint
593 2755 701 2789 super
718 2748 868 2786 terram,
886 2744 1007 2789 ligata
1026 2746 1064 2778 et
1081 2744 1204 2779 soluta
1233 2744 1308 2778 sint
1334 2744 1373 2778 in
1401 2743 1521 2777 coelo:
1550 2744 1587 2777 et
1612 2742 1708 2776 hanc
1733 2743 1957 2786 potestatem

213 2809 291 2834 esse
307 2800 372 2844 (3.)
390 2799 501 2844 plane
519 2812 543 2833 n
554 2810 573 2833 e
585 2810 604 2833 c
616 2810 635 2832 e
646 2811 662 2833 s
673 2810 688 2832 s
700 2810 721 2832 a
732 2811 749 2832 r
760 2800 772 2831 i
785 2809 806 2832 a
818 2811 865 2839 m,
885 2799 977 2832 adeo
998 2800 1040 2832 ut
1057 2798 1203 2832 subsint
1221 2798 1253 2831 ei
1273 2807 1411 2838 omnes,
1431 2796 1495 2840 qui
1514 2795 1628 2830 semel
1645 2807 1711 2841 per
1727 2795 1957 2840 baptismum

214 2852 395 2887 Ecclesiae
414 2852 592 2896 adscripti
610 2852 772 2885 fuerunt.
791 2851 829 2886 Si
851 2852 950 2885 enim
977 2853 1171 2885 Ecclesiam
1198 2862 1269 2884 non
1296 2851 1462 2892 audierit,
1489 2853 1533 2883 sit
1559 2850 1624 2883 tibi
1648 2852 1737 2883 sicut
1753 2850 1912 2883 ethnicus
1927 2854 1958 2883 et

211 2908 422 2950 publicanus
439 2905 585 2947 (Matth.
607 2907 662 2947 18,
684 2905 774 2950 17.)«
812 2904 936 2938 Asseri
955 2906 1079 2938 autem
1097 2904 1234 2938 debent
1252 2904 1322 2937 hae
1338 2902 1535 2947 potestatis
1563 2901 1834 2937 ecclesiasticae
1852 2901 1957 2937 dotes

214 2959 387 2992 adversus
404 2960 666 3003 protestantes,
697 2958 762 3002 qui
778 2957 837 2991 vel
858 2968 935 2991 eam
955 2958 1186 3002 principibus
1213 2957 1444 2992 secularibus
1471 2957 1670 2991 obnoxiam
1687 2955 1868 2996 statuunt,
1899 2955 1958 2990 vel

213 3012 319 3056 plura
339 3012 459 3046 eidem
478 3011 703 3046 subtrahunt
724 3012 761 3045 et
781 3022 861 3045 eam
882 3012 928 3045 ad
946 3022 1004 3046 res
1023 3023 1120 3046 mere
1139 3012 1306 3046 internas
1321 3011 1522 3051 coarctant,
1541 3010 1596 3044 vel
1616 3008 1820 3055 generatim
1839 3008 1873 3042 ei
1891 3008 1956 3042 im-

214 3066 372 3110 perandi
383 3065 446 3110 jus
465 3067 578 3109 atque
596 3064 770 3099 fidelibus
787 3065 942 3109 parendi
961 3065 1124 3099 officium
1144 3065 1341 3110 denegant.

357 3120 382 3164 2)
401 3119 454 3152 De
471 3119 541 3153 hoc
559 3118 698 3163 triplici
721 3128 871 3152 munere
890 3118 935 3151 cf.
956 3117 977 3151 S
991 3118 1045 3152 ch
1057 3129 1075 3152 e
1087 3119 1141 3152 eb
1155 3128 1209 3152 en
1227 3122 1264 3160 ἓξ
1282 3120 1316 3151 8.
1334 3119 1367 3152 9.
1389 3119 1441 3151 10.
