2175 3382
814 109 849 142 et
868 108 1062 142 authentia
1081 108 1374 151 Eva-ngeliorum.
1903 115 1957 156 39

228 229 381 269 siones.
415 226 583 278 Quanto
607 227 740 279 magis
763 238 862 278 ergo
885 226 1009 267 nobis
1031 226 1105 267 tali
1125 230 1326 279 tantaque
1349 227 1427 267 sibi
1449 228 1763 269 succedentium
1787 230 1957 271 testium

228 298 538 340 contestatione
561 297 774 346 continua,
798 297 992 337 codicum
1008 296 1285 345 multitudine,
1308 298 1551 338 versionum
1575 299 1818 342 celebritate
1840 300 1956 342 fretis

227 371 512 424 pronunciare
534 370 641 419 licet,
664 370 882 422 evangelia
906 381 1000 410 esse
1023 370 1206 422 genuina
1221 370 1285 425 3)?
1328 370 1449 421 Quod
1482 372 1515 411 si
1547 376 1711 412 tantum
1733 372 1958 424 parvipen-

228 441 353 482 datur
373 441 675 490 testimonium,
699 452 849 481 omnes
872 452 1005 481 sanae
1027 441 1129 481 artis
1153 441 1323 480 criticae
1347 440 1516 492 regulae
1540 442 1843 483 conculcantur
1865 443 1958 483 uni-

227 513 486 565 versalisque
506 512 717 553 inducitur
739 512 1041 564 scepticismus.

345 595 388 640 4.
411 594 736 646 Evangeliorum
751 594 987 646 genuinitas
1009 594 1075 635 vel
1098 594 1249 635 saltem
1273 594 1389 646 origo
1406 594 1570 634 Christo
1593 594 1834 646 synchrona
1856 606 1957 634 con-

226 665 418 707 firmatur
449 665 709 718 argumentis
740 676 908 718 quoque
940 666 1191 706 internis.
1233 664 1500 706 Narrationis
1532 665 1643 705 enim
1676 664 1875 716 adjuncta
1902 665 1959 704 ita

226 736 342 786 locis,
375 736 575 785 moribus,
608 736 790 789 tempori
813 735 966 776 Christi
990 735 1261 788 respondent,
1294 739 1340 775 ut
1371 736 1551 787 scriptor
1583 735 1720 775 nullus
1752 735 1959 787 posterior

227 806 334 848 adeo
358 811 558 848 accurate
581 807 725 847 omnia
747 806 932 858 potuerit
963 805 1225 847 describere:
1257 806 1507 857 praesertim
1540 817 1649 858 quae
1681 809 1876 857 spectant
1907 805 1959 844 ad

226 877 551 930 topographiam
575 881 616 918 et
638 888 728 918 rem
750 877 1108 917 numismaticam.
1139 876 1394 917 Referuntur
1416 876 1566 917 deinde
1589 876 1789 917 vaticinia
1810 875 1861 916 de
1884 875 1958 915 de-

226 948 352 989 lenda
373 947 477 989 urbe
510 952 551 988 et
581 948 752 1000 templo,
784 947 886 987 nihil
907 959 1009 988 vero
1039 948 1091 988 de
1114 958 1262 988 eorum
1287 951 1451 996 eventu,
1485 952 1526 988 et
1557 946 1788 999 praedictio
1812 946 1864 986 de
1887 957 1958 986 ex-

228 1019 336 1060 cidio
359 1019 475 1060 urbis
498 1018 607 1059 adeo
631 1023 695 1059 est
716 1030 828 1059 nexa
850 1030 947 1059 cum
978 1018 1268 1070 praedictione
1300 1018 1393 1058 finis
1425 1017 1582 1067 mundi,
1614 1022 1659 1058 ut
1689 1015 1958 1057 manifestum

227 1090 292 1140 sit,
314 1102 408 1131 eam
433 1093 530 1130 ante
552 1088 652 1130 illud
675 1088 885 1129 excidium
907 1088 1035 1130 fuisse
1058 1089 1271 1141 scriptam,
1303 1089 1491 1141 alioquin
1514 1088 1750 1129 distinctius
1773 1098 1882 1140 quae
1906 1086 1959 1126 ad

226 1162 308 1202 hoc
331 1171 524 1214 quaeque
547 1160 600 1201 ad
624 1159 769 1200 mundi
790 1159 917 1200 finem
940 1160 1161 1212 pertinent,
1180 1159 1464 1211 evangelistae
1487 1162 1743 1201 narrassent.

346 1247 412 1288 33.
436 1243 798 1286 Demonstratio
824 1257 872 1298 p.
895 1243 961 1286 ΙΙ.
1005 1242 1328 1294 Evangeliorum
1360 1242 1579 1282 authentia
1609 1241 1722 1282 clare
1753 1239 1957 1292 probatur

348 1314 386 1358 1.
410 1325 461 1354 ex
484 1317 703 1366 comperta
726 1314 1037 1354 veracitate
1060 1314 1327 1365 scriptorum,
1351 1313 1421 1365 qui
1435 1324 1583 1353 verum
1597 1313 1704 1352 scire
1720 1313 1958 1363 potuerunt,

227 1389 272 1426 ut
293 1397 368 1437 per
389 1397 435 1426 se
458 1388 585 1437 patet,
618 1396 715 1424 cum
746 1383 933 1425 referant
955 1384 1067 1424 facta
1090 1384 1337 1436 plerumque
1359 1383 1542 1436 publica,
1574 1395 1683 1436 quae
1706 1382 1748 1422 in
1771 1380 1959 1421 omnium

227 1457 360 1497 0011115
381 1460 480 1497 sunt
502 1460 620 1508 gesta
651 1460 693 1496 et
723 1456 776 1497 ad
809 1467 917 1508 quae
949 1455 1164 1496 narranda
1185 1456 1459 1508 requiruntur
1480 1458 1644 1495 tantum
1668 1452 1790 1501 oculi,
1822 1462 1958 1498 aures,

225 1528 453 1575 memoria3
474 1527 586 1579 iique
608 1538 755 1567 verum
779 1527 906 1567 etiam
929 1526 1069 1567 dicere
1092 1526 1326 1568 voluerunt.
1360 1525 1479 1566 Hanc
1501 1525 1776 1565 veracitatem
1797 1525 1959 1563 testan-

226 1603 295 1639 tur
316 1612 358 1641 a.
383 1598 514 1639 animi
535 1597 761 1647 candor,
793 1598 863 1650 qui
895 1609 945 1638 ex
978 1598 1093 1637 omni
1125 1597 1284 1637 relucet
1306 1596 1572 1643 narratione3
1608 1596 1652 1638 b.
1685 1594 1822 1646 ipsum
1854 1593 1959 1632 scri-

225 1669 353 1710 bendi
374 1681 542 1721 genus
565 1669 619 1710 ab
642 1670 757 1710 omni
780 1670 889 1719 fuco,
921 1669 1155 1717 affectione,
1188 1668 1458 1721 phantastica
1481 1666 1806 1719 exaggeratione
1830 1676 1957 1717 quam

226 1741 411 1781 maxime
433 1745 666 1789 remotum;
700 1745 878 1781 narrant
904 1740 1110 1780 miracula
1132 1740 1319 1780 maxima
1342 1739 1433 1780 sine
1456 1743 1640 1790 stupore,
1672 1736 1957 1789 iniquissimas

220 1812 263 1852 in
285 1810 498 1852 Christum
530 1811 718 1864 prolatas
746 1811 996 1860 calumnias,
1029 1812 1129 1863 quin
1161 1822 1259 1851 eum
1289 1809 1514 1858 vindicent,
1545 1808 1719 1861 injurias
1752 1807 1790 1847 ei
1821 1806 1957 1847 illatas

221 1883 311 1923 sine
334 1883 464 1923 animi
487 1883 691 1923 commoti
706 1881 1012 1934 significatione
1037 1886 1136 1930 ete.;
1160 1894 1200 1925 0.
1226 1881 1549 1929 sinceritas,
1573 1891 1656 1932 qua
1680 1882 1721 1919 et
1742 1877 1957 1930 propriam

220 1953 345 1994 vilem
368 1953 667 2001 conditionem,
699 1965 800 1993 suos
823 1951 1011 1993 defectus
1039 1951 1148 1992 tardi
1171 1952 1338 2003 ingenii,
1369 1950 1616 1999 timiditatis,
1649 1947 1958 1995 aemulationis,

220 2024 573 2076 reprehensiones
596 2023 676 2065 sibi
699 2036 724 2064 a
739 2022 905 2064 Christo
930 2023 1065 2072 datas,
1089 2027 1165 2063 etc.
1182 2022 1381 2072 referunt,
1404 2033 1483 2062 nec
1507 2033 1557 2062 ea
1579 2032 1689 2073 quae
1711 2020 1753 2060 in
1775 2018 1958 2059 dedecus

220 2096 286 2136 sui
307 2096 496 2148 magistri
517 2107 694 2148 vergere
716 2099 930 2148 poterant,
955 2095 1123 2135 silentio
1147 2099 1354 2146 premunt.
1406 2093 1556 2143 „iidem
1580 2091 1670 2144 ipsi,
1703 2091 1761 2131 ait
1793 2089 1846 2130 ad
1868 2100 1958 2129 rem

221 2164 720 2223 chrysostomus1),
753 2166 824 2219 qui
855 2169 1085 2206 narrarunt
1118 2164 1365 2205 crucifixum
1396 2168 1437 2204 et
1468 2162 1657 2215 colaphis
1689 2172 1873 2208 caesum,
1904 2158 1960 2198 illi

221 2238 350 2278 etiam
371 2238 479 2279 haec
502 2237 747 2294 (miracula)
772 2237 979 2279 dixerunt.
1023 2234 1107 2276 Cur
1141 2247 1240 2288 ergo
1273 2234 1353 2275 fide
1386 2234 1534 2286 dignos
1566 2234 1608 2273 in
1638 2232 1717 2272 illis
1748 2234 1883 2283 putas,
1918 2229 1959 2268 in

219 2308 310 2349 istis
331 2320 432 2350 vero
456 2308 730 2361 reprehendis
752 2308 873 2360 quasi
895 2312 1014 2360 gesta
1035 2319 1122 2347 non
1145 2307 1258 2348 sint?
1282 2306 1412 2358 Atqui
1435 2306 1469 2345 si
1493 2304 1546 2345 ad
1568 2303 1757 2355 magistri
1779 2301 1958 2353 gratiam

220 2379 328 2419 haec
359 2380 620 2431 scripserunt
653 2391 704 2419 ac
736 2383 896 2419 temere
930 2377 1169 2430 frustraque
1197 2377 1457 2429 J'actitarunt,
1491 2387 1542 2415 ea
1574 2373 1816 2421 tacuissent,
1849 2382 1956 2423 quae

369 2538 394 2581 ¹)
412 2535 511 2577 Quae
530 2538 586 2571 est
599 2536 872 2581 argumentatio
887 2547 913 2569 s.
927 2536 956 2569 A
969 2547 991 2568 u
1004 2549 1027 2579 g
1038 2548 1061 2569 u
1074 2537 1112 2568 st
1124 2535 1134 2568 i
1148 2534 1193 2568 111
1213 2534 1235 2569 l.
1256 2545 1365 2577 supra
1384 2544 1412 2567 c.
1429 2534 1482 2566 Ita
1497 2533 1594 2566 0111111
1610 2533 1736 2566 habet:
1759 2528 1955 2569 „Platonis

219 2590 444 2632 Aristotelis,
460 2590 655 2631 Ciceronis,
676 2590 847 2624 Varronis
866 2590 1096 2632 aliorumque
1114 2587 1293 2633 ejusmodi
1311 2588 1503 2621 auctorum
1523 2586 1636 2620 libros
1654 2585 1749 2618 unde
1768 2585 1955 2617 noverunt.

219 2642 397 2685 homines,
425 2643 524 2686 quod
542 2643 706 2688 ipsorum
725 2643 809 2683 sint,
837 2642 908 2676 uisi
928 2641 1057 2676 eadem
1074 2643 1283 2685 temporum
1308 2641 1379 2674 sibi
1398 2639 1672 2674 succedentiam
1692 2637 1956 2671 contestatione

221 2695 419 2730 continua?
442 2695 541 2729 Unde
559 2696 703 2730 constat
722 2697 809 2739 quid
831 2696 1011 2740 cujusque
1030 2695 1090 2734 sit,
1115 2695 1187 2728 nisi
1205 2694 1292 2737 quia
1309 2694 1365 2727 his
1383 2693 1620 2737 temporibus,
1649 2692 1781 2734 quibus
1800 2699 1839 2723 ea
1860 2689 1956 2731 quis-

221 2759 292 2793 que
309 2749 466 2793 scripsit,
485 2750 620 2792 quibus
638 2749 773 2792 potuit,
791 2749 995 2782 insinuavit
1013 2749 1126 2791 atque
1145 2747 1272 2787 edidit,
1303 2747 1340 2780 et
1365 2745 1450 2779 inde
1468 2746 1507 2778 111
1526 2745 1617 2779 alios
1638 2746 1747 2787 atque
1766 2743 1857 2775 alios
1877 2752 1955 2773 con-

219 2800 367 2834 tinuata
383 2801 520 2835 notitia
536 2799 724 2844 latiusque
743 2801 890 2834 firmata
908 2800 952 2833 ad
971 2803 1136 2844 posteros
1155 2799 1267 2833 etiam
1286 2808 1401 2841 usque
1420 2796 1467 2830 ad
1485 2797 1610 2830 nostra
1637 2798 1803 2838 tempora
1831 2802 1953 2836 perve-

220 2856 366 2897 nerunt,
382 2854 437 2888 ita
454 2855 496 2888 ut
512 2854 744 2899 interrogati,
766 2854 869 2898 cujus
888 2854 1043 2897 quisque
1063 2852 1156 2886 liber
1175 2851 1242 2892 sit,
1271 2862 1343 2885 non
1362 2851 1595 2887 haesitemus,
1624 2848 1712 2892 quid
1738 2845 1955 2889 1051101111οΝ-

221 2908 454 2942 debeamus.‘<
476 2908 528 2943 Cf.
546 2908 574 2942 P
586 2908 781 2942 awlicki
798 2907 869 2941 Der
887 2907 1082 2951 Ursprung·
1099 2907 1161 2940 des
1180 2905 1402 2940 Chi-istenth.
1421 2916 1455 2948 p.
1477 2906 1520 2938 57
1539 2915 1603 2938 55.;
1633 2902 1709 2935 Tis
1722 2915 1738 2929 ‹-
1751 2901 1774 2933 h
1786 2910 1803 2932 e
1816 2912 1838 2931 11
1850 2899 1871 2930 <l
1885 2909 1903 2930 o
1916 2896 1956 2929 rt

220 2961 344 2994 VVann
362 2961 512 2995 wurden
530 2971 659 2995 unsere
678 2960 818 3004 Evang.
836 2959 1016 2993 verfasst?
1034 2959 1181 3004 Lipsiae
1203 2961 1301 2993 1865.

368 3014 393 3059 2)
411 3012 517 3054 Quod
537 3014 700 3048 Christus
720 3014 767 3047 sit
781 3013 877 3048 Deus
896 3025 930 3047 n.
954 3014 994 3046 17
1014 3022 1136 3057 opusc.
1154 3013 1180 3048 t,
1198 3011 1284 3048 XV:
1310 3010 1354 3044 cf.
1373 3011 1469 3044 hom.
1492 3012 1507 3041 1
1528 3009 1566 3041 in
1584 3008 1715 3040 Mattli.
1736 3018 1768 3038 11.
1789 3009 1827 3038 4:
1858 3005 1951 3036 110111.

221 3071 264 3102 :30
284 3067 330 3102 al.
349 3070 391 3101 31
412 3079 446 3101 n.
469 3072 484 3102 1
502 3082 508 3103 :
528 3066 830 3100 Storchenau
849 3061 1085 3109 Philosophie
1104 3065 1169 3099 dei·
1187 3064 1360 3106 Religion
1380 3063 1440 3096 IV.
1463 3064 1529 3095 225>
1555 3062 1657 3094 77:377.
