2175 3382
72 0 387 118 ww
549 13 747 44 mm
789 0 1072 104 ww

648 113 858 147 infallibilis
877 112 1068 157 injudicio
1088 112 1132 145 de
1150 111 1313 146 textibus
1333 111 1564 157 dogmaticis,
1887 115 1973 158 305

239 234 282 274 in
304 237 504 274 concreto
529 231 816 272 authenticum
840 231 879 271 ei
900 230 1046 271 liceret
1070 230 1258 282 proferre
1276 228 1494 281 judicium:
1538 231 1621 271 imo
1650 234 1795 283 posset
1816 230 1972 272 doctri-

239 315 339 344 nam
362 303 487 355 plane
509 301 794 343 orthodoxam
816 301 1034 349 damnare,
1060 300 1210 340 falsam
1234 300 1486 352 approbare.

357 386 400 429 3.
424 383 468 426 Si
490 385 603 438 quod
625 383 888 425 defendimus
885 387 1097 450 gegetur,
1131 395 1162 424 n
1204 382 1268 423 lus
1291 383 1369 423 er‘t
1391 384 1779 453 controgersiatrum
1801 384 1906 434 finis,
1928 391 1982 427 ut
2001 402 2172 456 W

238 457 370 510 liquet
391 456 458 498 vel
479 468 530 497 ex
552 453 887 508 jansenismi
914 429 1101 496 hi‘ffiii‘i‘ss.
1145 381 1323 505 Sffimzier
1346 453 1458 494 enim
1481 454 1643 505 patebit
1664 428 1890 497 hffesseticis
1913 450 2175 523 eflm

239 527 408 580 fugium,
440 538 629 568 errorem
661 525 806 566 nescio
839 535 963 576 quem
996 523 1124 564 fuisse
1157 524 1420 574 damnatum,
1463 536 1550 565 non
1581 524 1819 566 doctrinam
1850 527 1973 579 hujus

239 598 436 645 auctoris,
459 596 582 649 hujus
604 595 699 636 libri
721 599 811 644 etc,
833 606 884 636 eo
908 594 1022 647 quod
1044 593 1233 635 Ecclesia
1255 606 1351 636 eam
1373 607 1460 635 non
1483 595 1586 636 satis
1610 596 1871 638 intellexerit.
1899 598 1973 639 At-

238 669 308 721 qui
341 667 531 709 Christus
564 666 720 707 idcirco
751 666 932 706 instituit
958 666 1248 717 magisterium
1273 666 1567 706 authenticum
1600 671 1640 707 et
1672 666 1897 717 infallibile,
1929 674 1975 709 ut

237 751 324 779 non
346 738 483 789 solum
513 736 659 790 fideles
680 748 829 791 veram
850 735 1112 793 edoceantur
1143 735 1280 784 fidem,
1311 736 1386 777 sed
1419 737 1547 777 etiam
1579 741 1625 778 ut
1657 739 1974 780 controversiae

239 809 335 850 fidei
359 810 564 850 unitatem
588 808 882 849 subvertentes
905 807 1157 848 dirimantur
1180 812 1221 849 et
1242 808 1442 849 haereses
1467 809 1762 860 exstirpentur.
1888 851 1893 856 ,

93 936 144 955 -·.
347 909 361 921 -·
386 925 397 936 ‚
421 890 479 931 Ex
529 890 792 932 eclesiastica
813 890 991 931 historia
1013 895 1130 942 patet
1141 904 1196 963 Ξῖ
1220 854 2175 958 Efffil'ffs‘ffi‘ffiffifflfflfflss‘ew

0 939 106 998 (ἶν’
237 963 265 1002 h
296 902 879 1018 erese'sssssg‘tivAetiakdaffa'ere
900 973 1011 1002 icos·
1044 965 1170 1014 atque
1197 973 1272 1002 eos
1294 961 1523 1002 damnasse
1546 963 1590 1005 b.
1612 938 1975 1002 innixaffiorum

51 1026 57 1030 ’
140 1018 262 1073 ’ψν
342 1047 376 1074 is
408 1044 481 1073 ore
513 1010 687 1085 prolatis
710 1037 783 1073 aut
805 1002 971 1084 sffiitis
994 1005 1266 1085 cons'i'gria‘ti's,
1298 1033 1505 1086 simulque
1528 1033 1757 1074 damnasse
1779 1033 1820 1074 id
1843 1045 1975 1086 genus

237 1104 395 1156 scripta
415 1103 653 1151 haeretica3
685 1108 727 1143 et
758 1102 926 1155 quidem
960 1115 1000 1146 c.
1034 1103 1104 1151 ita,
1136 1110 1182 1143 ut
1214 1103 1385 1155 plenam
1409 1103 1591 1144 decretis
1614 1104 1921 1145 adhaesionem
1944 1105 1973 1160 1)

237 1175 423 1227 exigeret
445 1179 487 1215 et
508 1186 594 1223 eos,
617 1175 686 1227 qui
708 1174 869 1215 nollent
891 1174 1127 1214 sententiae
1148 1174 1261 1214 latae
1285 1175 1569 1227 acquiescere,
1602 1174 1782 1216 haberet
1802 1179 1848 1216 ut
1868 1175 1973 1216 hae-

236 1257 379 1286 resum
402 1244 588 1287 fautores
611 1256 769 1297 eosque
792 1245 1194 1288 excommunicaret.
1239 1243 1327 1285 Sibi
1358 1257 1456 1297 ergo
1490 1246 1720 1287 vindicavit
1736 1246 1805 1298 jus
1827 1246 1973 1287 decer-

237 1316 365 1357 nendi
395 1316 447 1357 de
478 1316 759 1357 heterodoxia
789 1315 855 1356 vel
887 1316 1144 1357 orthodoxia
1176 1321 1366 1357 textuum
1399 1316 1738 1368 dogmaticorum
1760 1317 1975 1359 humanae

237 1388 420 1439 originis.
465 1387 591 1440 Atqui
613 1392 726 1428 esset
748 1386 980 1428 admodum
1003 1387 1202 1439 injustum
1227 1388 1439 1428 sententia
1462 1388 1875 1429 irretractabili
1898 1388 1974 1429 ali-

237 1470 362 1510 quem
379 1458 598 1499 declarare
613 1458 887 1506 haereticum,
903 1458 1192 1499 declaratione
1208 1458 1262 1498 ab
1278 1458 1476 1499 omnibus
1494 1458 1686 1500 fidelibus
1702 1459 1975 1510 admittenda,

237 1533 410 1581 propter
431 1528 539 1569 illius
562 1528 695 1569 verba
717 1534 791 1569 aut
812 1529 981 1581 scripta,
1013 1530 1047 1569 si
1077 1528 1267 1570 Ecclesia
1299 1530 1342 1569 in
1373 1530 1438 1570 his
1471 1530 1801 1583 interpretandis
1831 1534 1978 1583 posset

237 1611 392 1641 errare.
435 1598 576 1650 Quare
594 1599 799 1652 judicium
822 1599 1036 1640 Ecclesiae
1059 1600 1100 1640 in
1123 1600 1239 1640 hisce
1263 1601 1428 1641 censeri
1451 1600 1578 1642 debet
1599 1600 1825 1644 infallibile.

355 1696 452 1772 285.
475 1692 596 1772 Quo}
620 1693 853 1745 pleniorem
878 1693 1194 1756 infcrzllibilitatis
1216 1696 1417 1736 notionem
1433 1698 1487 1749 (n.
1503 1696 1606 1752 255)
1622 1696 1782 1745 attinet,
1804 1700 1975 1737 notetur

357 1776 397 1818 l.
421 1786 472 1815 ea
539 1787 623 1886 noq
648 1758 910 1885 (Ertvarihe‘x
928 1740 1450 1847 {Qnto‘wvahfe‘velati
1480 1788 1533 1817 ne
1556 1777 1622 1818 vel
1654 1791 1684 1819 s.
1709 1776 1887 1831 Spiritus
1910 1779 1974 1819 in-

234 1846 479 1897 spiratione,
510 1857 555 1886 se
633 1859 687 1886 un
721 1858 783 1886 ari
814 1859 856 1886 m
889 1819 1077 1898 eJTf‘sTi‘e'ni
1102 1847 1356 1895 assistentia,
1388 1859 1473 1900 qua
1496 1860 1583 1888 non
1605 1849 1810 1900 permittit
1831 1848 1975 1891 Eccle-

234 1916 343 1956 siam
366 1928 511 1957 errare
533 1917 622 1957 sive
646 1917 687 1957 in
710 1930 789 1957 usu
884 1917 1050 1958 diorum
1074 1917 1128 1958 ad
1149 1918 1372 1959 veritatem
1387 1918 1621 1960 revelatam
1636 1919 1975 1972 investigandam

234 1986 322 2027 sive
345 1987 387 2027 in
411 1987 561 2028 eadem
584 1929 1072 2040 proponenffiffeqffe
1096 1989 1223 2038 enim,
1245 1993 1291 2029 ut
1312 1989 1422 2030 bene
1444 1994 1566 2030 notat
1589 2002 1706 2034 conc,
1730 1991 1972 2032 vaticanum
1980 1978 2175 2062 Lm

234 2069 336 2100 sess
358 2062 386 2100 4
419 2069 508 2110 cap.
532 2063 573 2107 4,
604 2057 717 2099 Petri
747 2058 1067 2099 successoribus
1100 2058 1229 2114 (idem
1262 2060 1376 2101 valet
1409 2060 1460 2101 de
1492 2060 1698 2117 Ecclesia)
1732 2060 1910 2114 Spiritus
1941 2075 1972 2102 s.
1991 2056 2175 2106 „Qu-‹j›-

234 2128 468 2179 promissus
500 2134 575 2178 est,
607 2134 651 2169 ut
684 2141 735 2170 eo
767 2129 983 2170 revelante
1006 2142 1163 2170 novam
1199 2130 1438 2171 doctrinam
1475 2131 1777 2183 patefacerent,
1810 2131 1884 2173 sed
1914 2119 2175 2182 ut,‘²*²’⁰‘“⁴“

233 2209 286 2238 eo
318 2199 556 2242 assistente.
589 2199 789 2241 traditam
821 2212 896 2252 per
927 2201 1146 2253 apostolos
1168 2201 1474 2242 revelationem
1508 2213 1583 2243 seu
1615 2202 1710 2243 fidei
1732 2202 1971 2255 depositum

377 2385 402 2423 ¹)
423 2380 475 2416 Cf.
494 2392 548 2415 ex.
567 2393 622 2426 gr.
641 2381 944 2416 constitutionem
964 2382 990 2417 C
1003 2382 1157 2417 lemen
1171 2383 1237 2418 tis
1256 2384 1327 2417 Xl..
1347 2384 1516 2423 ,Vineam
1530 2384 1760 2420 Domini‘l4.
1777 2386 1851 2420 Jul.
1869 2389 1968 2429 1705,

231 2435 268 2468 in
289 2445 361 2478 qua
379 2434 530 2468 statuit:
562 2435 632 2474 ,Ut
655 2435 806 2478 quaevis
830 2437 868 2469 in
892 2438 1081 2480 posterum
1109 2437 1239 2470 erroris
1268 2436 1407 2470 occasio
1427 2437 1575 2482 penitus
1593 2439 1838 2483 praecidatur,
1859 2442 1971 2485 atque

232 2497 357 2521 omnes
375 2488 576 2522 catholicae
595 2488 777 2522 Ecclesiae
795 2488 861 2522 filii
880 2489 1080 2523 Ecclesiam
1108 2490 1226 2534 ipsam
1255 2490 1381 2524 audire
1408 2502 1483 2525 non
1501 2492 1657 2526 tacendo
1677 2493 1796 2527 solum
1816 2499 1915 2535 (nam
1934 2497 1971 2528 et

229 2539 336 2584 impii
353 2541 392 2574 in
410 2540 571 2575 tenebris
586 2540 858 2587 conticescunt).
879 2542 940 2575 sed
960 2545 996 2576 et
1014 2544 1168 2576 interius
1188 2543 1435 2587 obsequendo,
1464 2555 1559 2588 quae
1588 2555 1672 2579 vera
1699 2546 1755 2579 est
1772 2546 1968 2581 orthodoxi

230 2593 390 2627 hominis
408 2595 629 2634 obedientia,
650 2595 878 2634 condiscant,
894 2596 961 2629 hac
980 2597 1106 2629 nostra
1122 2597 1302 2640 perpetuo
1321 2596 1483 2631 valitura
1502 2598 1780 2641 constitutione,
1799 2600 1968 2634 obedien-

229 2647 317 2687 tiae,
336 2658 430 2691 quae
448 2648 685 2692 praeinsertis
706 2649 1033 2682 constitutionibus
1048 2649 1261 2692 apostolicis
1289 2649 1455 2690 debetur,
1485 2652 1702 2696 obsequioso
1728 2651 1793 2687 illo
1821 2653 1968 2687 silentio

230 2701 382 2735 minime
401 2702 490 2735 satis
507 2700 604 2737 fieri:
634 2701 695 2735 sed
723 2701 941 2735 damnatum
968 2702 1006 2735 in
1033 2702 1210 2746 praefatis
1228 2703 1391 2747 quinque
1419 2705 1736 2748 propositionibus
1757 2706 1968 2750 jansenimi

231 2754 318 2787 libri
337 2764 480 2788 sensum
497 2784 503 2790 .
520 2780 528 2789 .
543 2779 551 2787 .
571 2758 612 2788 ut
630 2754 856 2789 haereticum
876 2765 950 2788 non
969 2765 1029 2788 ore
1049 2756 1180 2795 solum,
1198 2756 1259 2789 sed
1279 2757 1317 2790 et
1335 2757 1443 2791 corde
1467 2757 1569 2802 rejici
1583 2770 1624 2792 ac
1639 2758 1806 2793 damnari
1825 2759 1966 2800 debere,

233 2817 299 2840 nec
316 2806 391 2840 alia
409 2810 541 2848 mente,
561 2807 685 2841 anima
703 2808 768 2841 aut
786 2808 1004 2842 credulitate
1018 2808 1249 2852 supradictae
1264 2811 1443 2844 formulae
1454 2812 1668 2855 (Alexandri
1682 2812 1769 2852 VIL,
1784 2824 1855 2856 qua
1868 2814 1966 2846 dam-

229 2861 340 2894 natae
357 2860 503 2894 fuerant
520 2863 555 2894 et
575 2871 668 2904 quae
687 2860 950 2894 subscribenda
968 2861 1056 2901 erat)
1077 2862 1255 2896 subscribi
1284 2863 1383 2897 licite
1408 2874 1524 2907 posse,
1552 2864 1606 2898 ita
1633 2867 1675 2898 ut
1701 2866 1765 2909 qui
1783 2876 1883 2899 secus
1903 2867 1965 2899 aut

230 2914 359 2946 contra
377 2913 497 2956 quoad
515 2914 603 2947 haec
623 2913 748 2947 omnia
766 2918 802 2947 et
820 2914 967 2957 singula
994 2914 1182 2955 senserint,
1210 2915 1409 2956 tenuerint,
1436 2917 1740 2961 praedicaverint.
1768 2919 1878 2952 verbo
1907 2918 1965 2951 vel

230 2967 368 3011 scripto
387 2967 579 3000 docuerint
596 2969 661 3001 aut
679 2967 910 3009 asseruerint,
930 2970 1120 3011 tamquam
1148 2968 1397 3013 praefatarum
1424 2971 1708 3014 apostolicarum
1737 2972 1964 3005 constitutio-

232 3031 320 3053 num
338 3022 623 3063 transgressores
641 3020 811 3054 omnibus
830 3022 866 3053 et
893 3020 1048 3065 singulis
1078 3020 1225 3055 illarum
1256 3024 1415 3056 censuris
1447 3027 1483 3057 et
1513 3025 1642 3068 poenis
1669 3026 1817 3058 omnino
1845 3024 1963 3068 subja-

230 3073 349 3112 ceant,
369 3072 492 3106 eadem
504 3073 725 3108 auctoritate
735 3073 940 3118 apostolica
952 3073 1194 3109 decernimus.
1207 3075 1447 3116 declaramus,
1460 3077 1657 3110 statuimus
1671 3079 1706 3110 et
1719 3077 1961 3111 ordinamus«

373 3132 532 3162 Hurter,
554 3132 702 3164 Compend.
723 3133 875 3165 theologiae
899 3133 919 3160 l,
943 3133 985 3158 10.
1008 3133 1052 3159 ed.
1708 3139 1751 3170 20
