2175 3382
170 154 253 194 253
310 135 324 146 ’
447 145 567 178 Tract.
589 144 645 180 111.
666 143 716 178 De
737 141 912 177 Ecclesia.
932 141 1063 175 'l'hesis
1082 141 1207 176 XLIV.
1227 141 1278 174 Dc
1300 141 1481 176 Ecclesiae
1501 142 1635 176 anima.

170 266 314 307 omnia
336 267 507 311 nutant;
539 266 661 303 nutat
692 263 784 315 ipsa
806 260 1037 314 Scriptura,
1070 260 1162 312 ipsa
1189 264 1310 301 nutat
1335 259 1552 309 revelatio,
1585 272 1693 310 cum,
1724 260 1824 314 quid
1856 260 1908 302 de

169 340 347 388 utraque
370 333 637 375 sentiendum
669 333 733 382 sit,
766 331 820 373 ab
853 331 1039 373 Ecclesia
1076 330 1219 372 doceri
1242 330 1486 372 debeamus.
1530 330 1635 371 Cum
1657 343 1759 384 ergo
1781 342 1908 384 prae-

170 406 369 447 destinati
391 416 528 458 neque
552 404 605 445 ad
628 416 784 456 corpus
806 414 944 455 neque
976 401 1030 442 ad
1057 402 1244 443 animam
1271 401 1483 443 Ecclesiae
1505 401 1749 443 immediate
1772 406 1813 443 et
1834 413 1910 454 per

171 488 265 518 sese
288 480 491 528 spectent,
514 486 617 516 vera
639 478 703 515 est
724 473 856 514 thesis
879 476 1048 513 statuta.

291 568 386 603 228.
409 561 608 609 Principia
632 561 683 597 ad
711 560 906 597 solvendas
937 559 1187 606 difficultates.
1212 580 1268 585 —
1292 558 1342 595 Ut
1373 561 1504 596 autem
1533 558 1780 608 explicentur
1812 569 1910 596 non-

170 623 282 660 nulla
303 621 430 666 effata,
454 632 553 669 quae
575 619 803 668 praesertim
826 631 870 655 ex
894 617 1190 667 Augustino
1222 617 1409 654 adversus
1430 617 1574 654 thesim
1607 617 1738 654 afferri
1770 617 1909 663 solent,

170 683 342 726 notetur,
365 680 472 717 aliud
497 691 592 723 esse,
616 681 791 727 spectare
813 677 861 714 ad
883 676 1092 714 Ecclesiam
1109 676 1325 714 secundum
1347 679 1674 725 praesentem
1696 676 1912 724 justitiam:

172 740 291 786 aliud,
314 739 514 789 pertinere
536 738 583 775 ad
606 736 817 774 Ecclesiam
841 735 1058 773 secundum
1083 735 1152 772 Dei
1184 704 1609 790 pTa‘eQTe‘iit'ffim;
1641 736 1705 774 vel
1735 735 1841 784 quod
1871 735 1913 772 in

171 800 274 837 idem
297 800 376 836 fere
399 797 550 842 recidit,
575 796 683 833 aliud
706 807 802 841 esse,
827 794 874 832 ad
900 792 1113 832 Ecclesiam
1135 797 1308 843 spectare
1332 796 1460 840 actu,
1493 794 1724 840 formaliter,
1748 794 1914 832 veritate

173 858 384 896 essentiae:
409 855 517 893 aliud
539 855 788 892 finaliter
811 856 851 891 et
872 854 1039 891 veritate
1053 853 1380 902 perseverantiae.
1416 854 1500 891 Etsi
1515 854 1590 891 dici
1606 854 1757 902 nequit,
1780 865 1914 892 omnes

172 917 480 967 praedestinatos
505 917 595 952 actu
617 913 834 951 secundum
856 915 1099 961 praesentem
1119 912 1330 961 justitiam,
1369 925 1445 961 qua
1479 925 1590 962 saepe
1625 913 1750 951 adhuc
1771 914 1914 959 carent,

171 989 255 1015 esse
277 977 317 1013 in
339 975 529 1012 Ecclesia:
553 973 629 1011 dici
652 975 785 1010 tamen
805 975 972 1021 possunt
985 972 1182 1020 pertinere
1199 972 1246 1009 ad
1261 972 1369 1009 illam
1385 972 1599 1010 secundum
1621 985 1678 1021 pr
1691 985 1772 1010 aes
1785 972 1914 1010 cien-

171 1036 296 1074 tiam
318 1034 506 1079 divinam,
540 1045 617 1081 qua
639 1033 742 1069 Deus
771 1031 977 1081 praevidet
1009 1043 1073 1068 eos
1105 1031 1302 1080 quondam
1325 1031 1522 1069 Ecclesiae
1554 1043 1593 1068 se
1628 1031 1842 1078 dedituros,
1877 1033 1917 1068 et

171 1095 323 1132 ratione
344 1091 792 1142 perseverantiae,
825 1090 918 1139 quia
949 1090 1026 1139 ipsi
1059 1090 1132 1127 soli
1165 1089 1212 1127 ad
1234 1090 1350 1127 finem
1381 1102 1508 1139 usque
1539 1091 1846 1140 perseverabunt
1875 1090 1917 1127 in

169 1153 349 1203 justitia;
383 1152 549 1200 ideoque
587 1163 631 1187 ex
667 1149 764 1199 ipsis
800 1149 892 1186 solis
927 1148 1124 1187 constabit
1157 1149 1332 1186 Ecclesia
1366 1149 1626 1198 triumphans.
1681 1150 1763 1187 Hoc
1798 1161 1918 1187 sensu

172 1212 423 1262 Augustinus
441 1224 496 1248 ex.
520 1223 577 1260 gr.
600 1211 649 1249 tr.
676 1216 727 1249 45
753 1209 794 1245 in
816 1209 927 1247 Joan.
950 1222 986 1245 n.
1016 1214 1088 1249 12:
1115 1208 1366 1253 „Secundum
1380 1208 1508 1254 istam,
1532 1209 1676 1257 inquit,
1699 1208 1918 1258 praescien-

172 1272 269 1310 tiam
290 1271 361 1308 Dei
384 1274 423 1308 et
444 1268 850 1319 praedestinationem,
874 1280 993 1316 quam
1015 1267 1162 1305 multae
1189 1280 1279 1305 oves
1294 1267 1401 1313 foris,
1426 1281 1542 1317 quam
1557 1268 1674 1305 multi
1688 1268 1774 1317 lupi
1788 1268 1918 1313 intus;

174 1333 213 1369 et
235 1343 354 1380 quam
375 1330 524 1367 multae
548 1341 638 1366 oves
661 1327 769 1364 intus
792 1329 831 1364 et
854 1340 971 1376 quam
994 1327 1110 1364 multi
1133 1327 1218 1376 lupi
1240 1327 1374 1364 foris«

293 1425 390 1466 229.
413 1421 581 1464 Thesis
605 1419 774 1463 XLIV.
813 1433 887 1468 Ad
913 1434 1127 1467 animam
1160 1433 1388 1467 Ecclesiae
1408 1435 1568 1476 primo
1594 1443 1649 1468 ac
1662 1435 1919 1476 praecipue

174 1497 385 1536 spectant
401 1494 524 1537 Justi
536 1504 551 1535 ‚·
576 1493 724 1526 altero
750 1495 907 1526 autem
926 1492 1068 1526 veluti
1091 1493 1245 1533 {lv-adu
1267 1501 1424 1526 omnes
1441 1493 1493 1534 ii,
1520 1493 1602 1535 qui
1620 1493 1779 1536 aliquo
1798 1494 1919 1528 dono

174 1555 360 1597 mattae
385 1555 576 1596 yratum
597 1553 817 1594 facientis
838 1553 1102 1593 potiuntur.

295 1633 679 1677 Demonstratio.
724 1631 879 1672 Anima
901 1631 1114 1673 Ecclesiae
1137 1644 1224 1672 non
1246 1631 1513 1704 diStinfflissff
1544 1644 1570 1672 a
1591 1632 1678 1673 vita
1699 1631 1916 1685 spirituali,

177 1705 356 1753 interna,
390 1703 706 1757 supernaturali
730 1702 786 1758 (n.
811 1705 897 1746 224
914 1703 960 1758 2),
992 1702 1174 1756 ideoque
1197 1702 1347 1743 iisdem
1370 1673 1918 1755 inchoammovetur

176 1780 219 1817 et
241 1775 486 1825 absolvitur,
519 1775 671 1829 quibus
694 1775 931 1824 inchoatur,
964 1779 1240 1827 promovetur
1262 1779 1303 1815 et
1325 1774 1559 1816 absolvitur
1581 1775 1917 1828 supernaturalis

176 1847 353 1888 interior
375 1848 482 1888 vita:
507 1859 607 1888 nam
629 1850 718 1887 tam
740 1846 824 1887 late
847 1850 964 1898 patet
979 1846 1123 1887 anima
1138 1858 1267 1898 quam
1289 1846 1376 1887 vita
1399 1850 1440 1887 et
1461 1846 1658 1889 vicissim.
1690 1845 1817 1900 Atqui
1831 1846 1918 1888 vita

175 1917 513 1970 supernaturalis
528 1918 754 1959 inchoatur
777 1917 975 1958 omnibus
997 1917 1058 1966 iis,
1083 1929 1193 1969 quae
1217 1917 1270 1958 ad
1288 1916 1636 1970 justificationem
1658 1930 1734 1959 seu
1755 1917 1917 1970 gratiae

175 1993 220 2030 et
242 1989 431 2030 caritatis
453 1988 707 2030 infusionem
725 1989 953 2040 disponunt
971 1992 1098 2041 atque
1120 1992 1390 2040 praeparant,
1413 2000 1607 2042 quaeque
1622 1988 1918 2030 describuntur

174 2072 296 2103 cone.
328 2059 626 2101 tridentini
659 2072 760 2101 sess.
786 2063 810 2104 6
835 2072 925 2112 cap.
949 2063 996 2108 ὃς
1030 2060 1171 2112 quoad
1203 2060 1434 2101 essentiam
1465 2072 1567 2102 vero
1590 2060 1805 2113 perficitur
1828 2061 1918 2113 'psa

173 2129 479 2183 justificatione
504 2130 573 2186 (ib.
598 2143 688 2183 cap.
714 2131 769 2186 7),
802 2142 853 2171 ac
874 2142 951 2183 per
973 2130 1223 2182 multiplices
1246 2131 1402 2183 gradus
1425 2132 1588 2179 crescit,
1620 2132 1691 2185 qui
1721 2074 2000 2173 ᾶθέἷξῧῖῑῗιμ

178 2201 221 2241 in
266 2201 476 2242 visionem
507 2202 897 2254 sempiternamque
929 2201 1247 2245 beatitudinem.
1298 2202 1406 2255 Ergo
1435 2202 1537 2255 justi
1568 2203 1640 2256 qui
1669 2204 1801 2244 vitam
1828 2203 1919 2256 jam

180 2272 327 2312 vivunt
358 2273 739 2324 supernaturalem,
774 2273 1032 2322 immediate,
1074 2285 1148 2325 per
1179 2285 1273 2314 sese
1305 2277 1346 2314 et
1376 2273 1609 2315 formaliter
1639 2278 1834 2326 spectant
1863 2274 1918 2315 ad

179 2342 396 2384 Ecclesiae
412 2344 621 2393 animam3
648 2344 836 2385 secundo
851 2344 979 2385 veluti
993 2344 1126 2397 gradu
1149 2348 1191 2385 et
1212 2344 1454 2386 inchoative
1479 2357 1627 2386 omnes
1648 2345 1716 2395 illi,
1740 2346 1810 2398 qui
1827 2345 1918 2398 jam

181 2414 323 2466 aliquo
346 2414 560 2456 interioris
582 2415 744 2467 gratiae
767 2414 879 2456 dono
903 2415 1132 2468 potiuntur,
1165 2427 1249 2468 quo
1281 2415 1562 2468 disponuntur
1593 2416 1647 2457 ad
1669 2416 1800 2457 vitam
1822 2428 1919 2468 gra-

180 2484 264 2525 tiae
286 2484 560 2528 habitualem.
797 2483 800 2485 ’

302 2576 396 2611 230.
432 2567 756 2612 corollarium
779 2569 818 2612 I.
854 2572 911 2609 De
933 2573 1217 2609 catechumenis.
1241 2572 1447 2628 —ffiQuare
1469 2573 1750 2618 catechumeni,
1781 2585 1918 2621 quarn-

180 2628 241 2665 vis
264 2629 311 2665 ad
333 2641 474 2678 corpus
496 2630 690 2668 Ecclesiae
713 2631 889 2668 nondum
911 2632 1146 2680 pertineant,
1170 2631 1219 2668 ad
1241 2631 1411 2669 animam
1425 2632 1618 2670 Ecclesiae
1641 2635 1816 2680 spectare
1829 2644 1919 2681 pos-

182 2689 287 2726 sunt.
328 2688 423 2725 Illos
445 2689 493 2726 ad
514 2689 707 2727 Ecclesiae
730 2685 912 2739 corpus
934 2703 1013 2727 non
1036 2692 1223 2738 spectare,
1259 2691 1351 2728 licet
1375 2691 1458 2740 jam
1489 2691 1694 2729 christiani
1725 2691 1918 2738 dieantur,

58 2765 99 2810 ᾖ
181 2748 291 2795 patet
327 2744 367 2787 l.
404 2760 448 2784 ex
480 2748 698 2798 Eugenii
720 2749 783 2786 IV.
820 2749 974 2787 decreto
1006 2762 1077 2798 pro
1112 2749 1299 2787 armenis:
1336 2776 1353 2794 »
1364 2751 1439 2787 Per
1470 2750 1713 2798 baptismum
1745 2750 1920 2788 membra

0 2791 328 2879 Whrssffi
350 2818 395 2843 ac
417 2806 464 2843 de
486 2819 645 2855 corpore
667 2807 857 2845 efficimur
881 2808 1122 2853 Ecclesiae3«
1145 2810 1185 2846 et
1205 2821 1249 2845 ex
1272 2821 1375 2846 conc.
1398 2809 1489 2848 trid.
1513 2821 1605 2846 sess.
1635 2815 1683 2850 13
1709 2821 1787 2858 cap.
1813 2815 1858 2855 23
1920 2809 2027 2890 ἑῇ

0 2871 221 2938 W
300 2862 341 2905 ⁶2.
364 2877 408 2902 ex
430 2866 611 2913 precibus
632 2867 823 2904 Ecclesiae
844 2879 914 2916 pro
937 2867 1247 2911 catechumenis3
1278 2870 1362 2905 orat
1393 2867 1498 2905 enim
1521 2868 1646 2905 Deum
1667 2881 1738 2916 pro
1759 2867 1850 2913 illis,
1873 2870 1920 2905 ut

182 2933 246 2960 eos
269 2923 345 2960 sibi
367 2936 578 2974 aggregare
599 2925 707 2971 velit,
729 2927 777 2963 ut-
798 2925 894 2963 fiant
914 2927 1098 2972 membra,
1123 2938 1214 2964 oves
1236 2927 1368 2976 gregis
1390 2926 1514 2964 sancti
1536 2928 1625 2972 etc.;
1644 2914 1703 2952 *⁶2
1719 2918 1863 2979 θ’θ’-’*Ιί
1866 2904 2079 2979 &ww

0 2988 22 3017 ἢ
52 2979 343 3040 ww&
365 2995 409 3020 ex
432 2983 597 3031 antiqua
617 2984 809 3022 Ecclesiae
833 2985 1052 3033 disciplina,
1077 2986 1295 3022 secundum
1316 2998 1433 3033 quam
1456 2986 1724 3023 catechumeni
1757 2999 1779 3023 a
1800 2985 1920 3023 missa

0 3019 124 3056 “⁴⁴⁰³
183 3040 359 3078 fidelium
382 3041 628 3087 arcebantur,
662 3043 718 3080 fas
739 3056 819 3081 non
841 3050 925 3081 erat
946 3056 1073 3081 coram
1095 3044 1175 3081 illis
1207 3046 1447 3095 sacramenta
1477 3045 1674 3090 conficere,
1705 3057 1755 3082 ne
1785 3046 1918 3093 aperte

0 3099 342 3176 ψῃ]
367 3101 477 3149 loqui
500 3101 546 3138 de
569 3101 816 3147 eucharistia,
850 3115 928 3139 non
951 3102 1187 3140 offerebatur
1209 3115 1278 3151 pro
1310 3103 1407 3152 ipsis
1439 3103 1579 3141 missae
1610 3103 1852 3150 sacrificium,
1885 3103 1919 3140 si

0 3173 975 3281 mad-wega&
1010 3208 1592 3256 ουιμωωμὲιιωλ-υ...
