2175 3382
949 105 1130 150 provehit.
1819 110 1904 151 515

170 226 360 272 ficatio;⁸
396 230 436 266 et
459 225 501 265 in
524 224 589 265 Ps.
613 228 668 268 36
692 235 806 267 enar.
831 228 856 268 2
879 237 917 264 n.
941 228 987 268 2:
1026 222 1144 274 „Non
1167 235 1300 275 parva
1323 236 1422 275 pars
1444 226 1647 266 scientiae
1671 231 1734 267 est
1756 227 1905 268 scienti

170 296 380 348 conjungi.
413 295 484 336 Ille
506 294 637 336 habet
657 295 804 336 oculos
819 295 1084 347 cognitionis,
1106 299 1151 334 tu
1174 294 1330 334 habeto
1347 295 1617 339 credulitatis,
1649 296 1769 347 Quod
1793 298 1906 339 videt

170 367 293 415 Deus,
318 367 443 408 crede
466 372 544 409 tu.“
596 366 652 409 Cf.
675 378 804 418 supra
826 379 865 406 n.
887 369 975 409 454
991 368 1019 414 ⁵,
1052 370 1093 406 et
1125 364 1293 418 Chrys
1310 371 1554 408 ostomus
1581 368 1632 408 de
1657 368 1751 409 [idei
1774 369 1905 410 oculis

171 438 383 479 disserens
405 438 448 478 in
471 438 629 478 dictum
653 437 728 489 Ap.
752 441 789 480 2.
813 436 915 477 Tim.
943 441 963 479 1
988 449 1026 476 n.
1052 439 1073 479 1
1100 436 1227 492 (Mig.
1252 440 1318 485 56,
1342 440 1455 493 271).

289 510 331 551 3.
364 512 409 548 Id
444 512 598 561 egregie
635 511 812 548 illustrat
847 523 876 547 s.
911 510 1121 547 Thomas
1144 523 1172 551 c,
1207 515 1343 560 gentes
1375 512 1444 558 ΙΙΙ,
1486 520 1585 554 152:
1623 516 1695 557 ‚In
1731 517 1907 563 quolibet

170 572 426 621 cognoscente
461 570 600 608 modus
635 569 870 619 cognitionis
903 569 1158 618 consequitur
1187 571 1347 607 modum
1379 573 1557 620 propriae
1589 576 1770 617 naturae3
1804 576 1907 612 unde

169 630 270 669 alius
292 630 434 667 modus
459 629 695 678 cognitionis
718 631 778 665 est
800 628 940 677 angeli,
965 628 1134 665 hominis
1157 631 1197 666 et
1218 630 1327 667 bruti
1349 630 1539 676 animalis,
1564 633 1779 669 secundum
1803 635 1907 681 quod

170 702 304 728 eorum
327 691 490 726 naturae
513 688 686 725 diversae
710 689 826 724 sunt.
843 718 872 726 ..
908 687 981 724 Sed
1004 687 1153 724 homini
1175 688 1223 725 ad
1245 691 1560 738 consequendum
1582 692 1766 728 ultimum
1790 693 1906 730 finem

170 748 328 786 additur
350 749 482 797 aliqua
501 747 688 796 perfectio
711 758 827 794 super
847 746 1046 795 propriam
1071 750 1251 784 naturam
1283 748 1366 786 scil.
1398 750 1534 798 gratia.
1579 751 1741 799 Oportet
1771 752 1906 801 igitur,

170 807 275 856 quod
298 807 413 844 etiam
437 819 556 855 super
577 805 840 855 cognitionem
861 807 1083 843 naturalem
1107 807 1277 844 hominis
1310 808 1478 846 addatur
1508 810 1548 847 in
1581 822 1624 846 eo
1656 810 1786 858 aliqua
1817 824 1906 860 cog-

169 867 281 912 nitio,
306 879 404 914 quae
426 866 616 903 rationem
639 865 858 902 naturalem
879 865 1040 902 excedat
1074 868 1113 903 et
1144 866 1237 903 haec
1268 869 1326 904 est
1357 869 1529 917 cognitio
1561 869 1691 906 fidei.«
1736 869 1845 913 Quod
1878 871 1909 907 si

171 926 376 974 quaeritur
410 926 451 961 in
483 935 560 973 quo
592 925 684 961 haec
719 923 892 973 cognitio
927 925 1086 962 excedat
1116 925 1309 962 rat-ionem
1341 929 1573 973 naturalem,
1610 929 1777 977 explicat
1808 930 1907 966 illud

171 985 306 1022 doctor
328 984 527 1033 angelicus
560 996 677 1032 super
698 984 806 1020 Boet.
839 983 886 1019 de
909 983 1014 1022 Trin.
1038 997 1072 1031 q.
1100 991 1121 1024 2
1147 997 1179 1021 a.
1207 990 1249 1023 2:
1286 986 1367 1029 „De
1400 987 1543 1024 divinis
1574 988 1716 1036 duplex
1749 988 1910 1025 scientia

171 1044 350 1082 habetur.
393 1044 477 1080 Una
499 1043 713 1080 secundum
736 1042 895 1079 modum
918 1045 1108 1088 nostrum,
1144 1056 1243 1091 quae
1266 1045 1515 1083 sensibilium
1546 1048 1738 1095 principia
1769 1048 1911 1096 accipit

171 1103 218 1140 ad
241 1102 523 1140 notificandum
561 1102 703 1146 divina,
740 1103 780 1138 et
814 1101 869 1138 sic
903 1102 948 1138 de
982 1102 1127 1139 divinis
1160 1103 1378 1152 philosophi
1414 1106 1614 1143 scientiam
1648 1106 1908 1152 tradiderunt,

171 1161 463 1210 philosophiam
496 1162 664 1210 primam
699 1160 869 1198 divinam
903 1161 1102 1199 scientiam
1137 1161 1324 1201 dicentes.
1374 1165 1464 1202 Alia
1497 1166 1711 1203 secundum
1754 1166 1909 1204 modum

172 1221 349 1270 ipsorum
373 1220 609 1265 divinorum,
645 1222 691 1256 ut
712 1220 797 1268 ipsa
818 1219 953 1256 divina
975 1221 1189 1258 secundum
1214 1233 1253 1258 se
1275 1222 1359 1270 ipsa
1380 1225 1596 1272 capiantur,
1630 1238 1729 1273 quae
1752 1226 1911 1274 quidem

171 1279 342 1329 perfecte
363 1280 476 1317 nobis
497 1280 539 1316 in
561 1281 667 1316 statu
689 1279 773 1316 viae
796 1280 855 1316 est
876 1279 1142 1327 impossibilis,
1176 1280 1242 1317 sed
1274 1281 1318 1318 fit
1340 1283 1452 1321 nobis
1483 1284 1523 1320 in
1547 1287 1654 1322 statu
1676 1285 1761 1322 viae
1793 1298 1910 1334 quae-

172 1340 259 1376 dam
281 1339 390 1376 illius
412 1339 645 1388 cognitionis
666 1338 914 1386 participatio
949 1340 989 1375 et
1022 1339 1248 1377 assimilatio
1280 1341 1326 1378 ad
1359 1343 1621 1391 cognitionem
1654 1344 1836 1389 divinant,
1869 1345 1910 1381 in

172 1400 365 1446 quantum
398 1398 601 1447 perfidem
633 1397 744 1434 nobis
775 1397 947 1434 infusam
978 1398 1225 1436 inhaeremus
1262 1401 1337 1448 ipsi
1371 1402 1520 1450 primae
1555 1403 1716 1440 veritati
1749 1406 1910 1452 propter

172 1457 352 1506 seipsam.
393 1458 443 1494 Et
465 1457 567 1494 sicut
590 1457 691 1494 Deus
723 1469 768 1493 ex
790 1456 860 1493 hoc
890 1456 985 1505 ipso,
1018 1458 1123 1506 quod
1154 1460 1353 1508 cognoscit
1383 1473 1432 1505 se,
1466 1462 1662 1511 cognoscit
1694 1464 1807 1500 modo
1840 1474 1909 1500 suo

173 1516 198 1554 i.
221 1529 251 1553 e.
267 1516 438 1564 simplici
453 1516 605 1553 intuitu
619 1528 698 1553 non
713 1516 982 1553 discurrendo:
1006 1517 1061 1554 ita
1086 1529 1156 1555 nos
1180 1530 1225 1555 ex
1249 1518 1319 1564 his,
1343 1532 1442 1567 quae
1466 1521 1541 1557 fide
1565 1521 1739 1570 capimus
1761 1522 1908 1571 primae

172 1575 331 1613 veritati
353 1575 602 1619 inhaerendo,
635 1575 814 1612 venimus
834 1575 891 1612 ⁴in
914 1576 1176 1625 cognitionem
1207 1577 1373 1616 aliorum
1407 1580 1621 1618 secundum
1652 1581 1811 1618 modum
1842 1595 1910 1619 no-

175 1636 312 1680 strum,
338 1635 418 1671 scil.
442 1634 694 1672 discurrendo
718 1634 764 1671 de
787 1634 988 1682 principiis
1020 1635 1066 1672 ad
1098 1637 1376 1675 conclusiones.
1389 1644 1407 1662 «
1452 1639 1550 1676 Sane
1582 1640 1657 1677 fide
1689 1653 1798 1689 mens
1831 1654 1911 1679 cre-

175 1693 302 1730 dentis
332 1694 607 1743 agglutinatur
638 1693 797 1730 veritati
830 1693 1034 1739 increatae,
1067 1695 1150 1743 ejus
1180 1696 1306 1734 veluti
1338 1699 1448 1735 oculo
1479 1699 1678 1736 infallibili
1713 1701 1913 1749 cognoscit

175 1753 350 1790 omnium
373 1750 411 1791 A
436 1754 475 1789 et
499 1751 542 1798 Ω,
567 1752 742 1789 omnium
767 1752 1018 1801 principium,
1042 1758 1220 1792 centrum
1244 1757 1283 1792 et
1305 1756 1433 1801 finem,
1457 1758 1609 1806 reliqua
1631 1759 1761 1796 omnia
1782 1759 1822 1796 in
1844 1772 1913 1797 sua

174 1811 413 1849 connexione
443 1814 482 1848 et
512 1812 702 1849 relatione
734 1811 781 1848 ad
802 1811 942 1860 ipsam,
974 1814 1014 1850 et
1043 1813 1085 1850 in
1120 1814 1188 1851 hac
1219 1816 1375 1863 specula
1407 1817 1570 1854 sublimi
1601 1818 1790 1855 collocata
1823 1821 1912 1856 tuto

174 1871 221 1908 de
243 1870 361 1908 rebus
382 1871 548 1908 terrenis
564 1871 718 1919 judicat
741 1883 877 1908 serena
897 1871 1030 1909 fruens
1052 1874 1343 1921 tranquillitate
1368 1873 1422 1927 (n.
1449 1877 1583 1925 4543).
1627 1903 1644 1921 »
1655 1878 1778 1914 Probe
1803 1891 1911 1915 nam-

175 1942 251 1978 que
272 1930 395 1975 novit,
419 1930 557 1966 scribit
578 1930 625 1966 ad
647 1942 729 1966 rem
752 1930 1033 1979 Dionysius
1067 1934 1186 1982 vulgo
1211 1934 1450 1984 Areopagita
1473 1935 1602 1973 dictus
1623 1936 1670 1973 de
1701 1937 1778 1974 div.
1810 1950 1911 1974 nom.

176 2001 205 2026 c.
231 1996 251 2029 7
277 1989 299 2038 ξ
324 1995 360 2034 4,
384 1989 564 2038 quisquis
587 1988 725 2026 unitus
747 1991 806 2026 est
827 1990 983 2027 veritati
1006 1990 1180 2042 (divinae
1200 2005 1272 2040 per
1294 1991 1439 2046 fidem),
1463 2007 1580 2043 quam
1594 1995 1691 2032 bene
1706 2008 1746 2033 se
1760 1997 1910 2042 habeat,

176 2048 355 2096 quamvis
379 2061 468 2085 eum
490 2048 608 2085 multi
630 2049 676 2085 ut
698 2050 891 2085 amentem
913 2053 1101 2099 arguant:
1125 2053 1223 2089 latet
1245 2052 1351 2091 enim
1373 2053 1462 2090 illos
1486 2066 1576 2091 eum
1597 2067 1666 2102 per
1686 2067 1799 2092 verae
1822 2056 1911 2093 fidei

175 2107 381 2144 veritatem
404 2120 448 2144 ex
471 2120 598 2145 errore
621 2107 850 2152 excessisse3
874 2108 958 2157 ipse
979 2113 1111 2147 autem
1136 2123 1226 2148 vere
1240 2112 1351 2149 novit
1367 2125 1406 2149 se
1421 2125 1499 2150 non
1516 2111 1578 2165 (ut
1592 2113 1652 2150 illi
1666 2113 1911 2168 fabulantur)

175 2166 358 2211 insanire,
393 2167 460 2203 sed
493 2167 541 2204 ab
563 2167 739 2204 instabili
770 2168 1031 2216 mutabilique
1064 2170 1283 2209 omnimode
1314 2172 1480 2209 errantis
1512 2173 1712 2210 varietatis
1742 2174 1912 2211 motione

175 2237 245 2274 per
266 2225 491 2273 simplicem,
516 2226 615 2263 circa
637 2226 769 2263 eadem
793 2239 945 2276 semper
966 2234 1005 2265 et
1026 2230 1157 2267 eodem
1181 2231 1294 2268 modo
1311 2243 1350 2267 se
1366 2231 1583 2277 habentem,
1607 2232 1813 2270 veritatem
1828 2246 1912 2271 esse

176 2283 398 2324 liberatum.
442 2284 524 2321 Hoc
546 2286 658 2322 modo
680 2285 798 2334 primi
820 2286 973 2324 divinae
996 2288 1212 2336 sapientiae
1236 2290 1360 2328 nostri
1382 2292 1649 2339 praeceptores
1662 2304 1733 2340 pro
1747 2293 1913 2330 veritate

177 2342 353 2391 quotidie
375 2344 600 2381 moriuntur
620 2344 885 2388 testificantes,
920 2346 981 2383 uti
1003 2360 1073 2395 par
1095 2351 1163 2392 est,
1188 2351 1228 2386 et
1252 2360 1429 2386 sermone
1452 2356 1490 2386 et
1513 2363 1638 2398 opere,
1672 2351 1912 2401 singularem

176 2402 286 2438 illam
308 2402 542 2449 christianae
566 2403 742 2440 veritatis
765 2404 1005 2453 agnitionem
1027 2408 1203 2444 omnium
1226 2420 1311 2445 esse
1343 2420 1431 2444 oum
1462 2408 1796 2458 simplicissimam
1826 2413 1914 2449 tum

178 2460 473 2506 divinissimam,
499 2461 576 2498 imo
599 2462 733 2510 potius
755 2463 854 2500 hanc
876 2464 997 2501 solam
1020 2477 1104 2502 esse
1127 2479 1262 2504 veram
1284 2470 1402 2514 atque
1424 2468 1579 2505 unicam
1602 2469 1818 2518 simplicem
1844 2470 1914 2507 Dei

177 2519 404 2557 notitiam.«
438 2520 535 2564 „Est
558 2520 694 2570 igitur,
717 2521 849 2570 inquit
871 2523 918 2559 ad
940 2536 1021 2560 rem
1046 2536 1074 2563 s,
1098 2525 1307 2563 Thomas
1338 2538 1366 2563 c.
1398 2529 1535 2575 gentes
1556 2527 1620 2573 IV,
1650 2536 1682 2573 1,
1714 2529 1913 2578 triplex

179 2578 349 2628 cognitio
373 2579 545 2616 hominis
569 2580 616 2616 de
640 2580 794 2618 divinis.
839 2581 1011 2626 Quarum
1033 2584 1195 2632 prima
1218 2586 1286 2630 est,
1311 2586 1525 2623 secundum
1548 2587 1653 2635 quod
1667 2588 1780 2625 homo
1795 2591 1912 2626 natu-

178 2637 253 2674 rali
284 2638 434 2676 lumine
464 2639 630 2676 rationis
661 2651 731 2688 per
762 2643 958 2678 creaturas
990 2642 1029 2678 in
1060 2642 1132 2679 Dei
1164 2644 1426 2692 cognitionem
1459 2646 1654 2692 ascendit3
1691 2648 1914 2684 secunda

179 2698 248 2741 est,
271 2699 391 2745 prout
405 2698 537 2735 divina
551 2698 696 2735 veritas
711 2698 960 2737 intellectum
973 2700 1187 2739 humanum
1203 2703 1387 2741 excedens
1400 2716 1469 2752 per
1483 2705 1639 2742 modum
1665 2707 1913 2743 revelationis

178 2755 220 2792 in
242 2768 313 2792 nos
335 2755 548 2802 descendit,
571 2769 650 2794 non
670 2759 803 2795 tamen
825 2759 936 2806 quasi
967 2759 1234 2798 demonstrata
1264 2761 1312 2798 ad
1333 2762 1559 2810 videndum,
1593 2765 1661 2801 sed
1692 2766 1805 2814 quasi
1833 2778 1912 2802 ser—

179 2826 292 2851 mone
314 2816 467 2863 prolata
488 2816 535 2852 ad
557 2816 813 2861 eredendum
845 2818 1008 2855 tertia
1029 2821 1098 2865 est,
1132 2820 1345 2858 secundum
1367 2822 1472 2870 quod
1494 2835 1604 2860 mens
1635 2824 1805 2861 humana
1835 2824 1912 2861 ele-

180 2875 297 2910 vatur
320 2874 367 2910 ad
390 2886 444 2916 ea,
468 2887 569 2922 quae
593 2883 687 2912 sunt
708 2877 892 2922 revelata,
916 2877 1085 2925 perfecte
1106 2878 1334 2918 intuenda<

301 2939 462 2991 Quibus
484 2941 549 2983 vel
571 2942 709 2983 obiter
731 2944 926 2996 expensis
948 2945 1090 2997 liquet,
1110 2950 1275 2988 tantum
1298 2948 1449 2990 abesse
1470 2954 1516 2990 ut
1538 2950 1692 2990 rationi
1714 2949 1815 2990 fides
1838 2950 1913 2991 ad-

182 3017 385 3061 versetur,
417 3016 464 3052 ut
495 3014 647 3065 potius,
679 3015 1041 3067 quemadmodum
1072 3018 1209 3068 gratia
1239 3020 1473 3070 generatim
1494 3025 1691 3061 naturam
1722 3033 1808 3062 non
1839 3021 1914 3062 de-

183 3082 305 3122 struit
327 3082 402 3123 sed
425 3083 600 3135 perficit,
623 3084 682 3125 ita
705 3084 808 3126 fides
830 3087 1040 3128 rationem
1063 3094 1251 3138 exornet,
1272 3097 1536 3142 promoveat,
1560 3091 1736 3132 excolat.

1633 3164 1693 3195 33·
