2175 3382
659 145 725 178 pro
744 137 898 169 veritate
918 136 1107 180 religionis
1127 137 1359 173 christianae.
1793 147 1878 189 109

139 257 198 293 tot
220 255 499 293 mira-culorum
521 256 738 304 splendore,
762 258 821 294 tot
842 259 1061 307 martyrum
1084 260 1312 305 constantia,
1338 264 1397 297 tot
1419 266 1639 299 sanctorum
1662 264 1787 313 gloria
1810 266 1871 302 vel

140 314 304 351 maxime
327 314 429 351 clara
449 318 489 351 et
510 314 686 364 insignis
724 316 915 353 salutares
945 317 1118 365 proferes
1143 318 1282 354 Christi
1315 319 1416 367 leges
1449 334 1489 356 ac
1523 323 1687 370 majores
1719 323 1758 359 in
1791 323 1874 360 dies

141 386 186 410 ex
207 372 486 410 crudelissimis
507 373 602 421 ipsis
623 375 959 422 persecutionibus
983 375 1083 412 vires
1111 376 1326 424 acquirens,
1351 378 1579 415 universum
1612 381 1743 417 orbem
1770 384 1873 419 terra

141 432 328 480 marique,
364 445 385 468 a
406 432 498 469 solis
522 433 608 469 ortu
643 445 769 480 usque
801 432 846 469 ad
879 445 1068 479 occasum,
1102 447 1180 471 uno
1213 436 1335 473 crucis
1367 437 1508 473 vexillo
1540 440 1719 485 pervasit,
1754 443 1872 488 atque

141 490 334 528 idolorum
356 491 565 540 profligata
586 491 747 537 fallacia,
773 504 951 529 errorum
973 493 1134 541 depulsa
1157 494 1324 543 caligine
1338 495 1668 544 triumphatisque
1684 499 1874 547 cujusque

141 550 295 599 generis
318 549 510 594 hostibus,
535 562 668 587 omnes
689 551 865 599 populos,
889 554 1038 599 gentes,
1070 552 1263 597 nationes,
1297 555 1500 601 utcunque
1523 554 1762 593 immanitate
1786 558 1872 593 bai·-

139 609 265 654 baras,
281 620 323 645 ac
336 608 476 652 indole,
493 608 679 654 moribus,
704 609 867 658 legibus.
891 610 1088 647 institutis
1104 611 1285 655 diversas,
1310 612 1464 649 divinae
1479 614 1711 661 cognitionis
1726 615 1874 652 lumine

139 667 360 705 illustravit
380 670 497 715 atque
520 667 747 705 suavissimo
782 668 906 716 ipsius
928 669 1070 706 Christi
1089 670 1186 719 jugo
1218 671 1393 719 subjecit,
1428 672 1667 709 annuncians
1697 674 1879 711 omnibu>

141 738 287 775 pacem,
323 726 566 763 annuncians
589 726 701 763 bona.
746 726 850 771 Quae
873 730 976 765 certe
1007 728 1137 765 omnia
1166 731 1276 766 tanto
1309 730 1460 767 divinae
1491 730 1703 778 sapientiae
1735 745 1776 769 ac
1807 745 1875 780 po-

140 785 287 823 tentiae
308 785 462 834 fulgore
483 785 659 833 undique
683 786 888 832 collucent,
913 789 958 823 ut
980 787 1168 835 cujusque
1191 800 1300 824 mens
1324 790 1362 825 et
1384 789 1567 838 cogitatio
1597 790 1658 826 vel
1682 790 1791 827 facile
1814 792 1872 827 in-

140 844 307 894 telligat,
331 844 584 881 christianam
607 844 722 881 fidem
744 845 814 882 Dei
837 857 934 893 opus
957 851 1078 883 esse«

260 926 316 967 94
331 935 367 964 a.
390 923 598 964 Increduli
612 936 665 965 ne
682 924 795 965 hanc
810 929 1015 976 cogantur
1031 925 1254 966 admittere
1270 926 1512 975 illationem,
1527 927 1875 980 philosophorum

142 994 276 1035 induti
299 1006 484 1047 persona
506 995 695 1035 nituntur
716 995 905 1046 religioni
937 996 1193 1036 christianae
1216 997 1432 1037 naturales
1455 998 1671 1049 assignare
1695 999 1877 1049 origines

141 1065 230 1105 sive
253 1076 304 1105 ex
327 1065 666 1113 Brahmanismo.¹
691 1066 778 1106 sive
802 1065 1028 1115 Parsist
1051 1067 1139 1107 sive
1163 1079 1213 1107 ex
1235 1067 1507 1117 Buddhismo‚
1529 1068 1616 1109 sive
1641 1080 1690 1109 ex
1713 1069 1874 1121 Aegyp-

141 1137 296 1177 tiorum
319 1137 496 1177 somniis
520 1149 854 1190 graecorumque
877 1138 1227 1190 philosophorum
1244 1139 1526 1191 opinionibus,
1553 1150 1575 1179 e
1591 1138 1741 1191 quibus
1756 1137 1875 1179 Chri-

142 1211 231 1248 stus
253 1207 421 1259 potiora
445 1208 631 1257 eclectici
666 1220 785 1249 more
809 1208 1054 1261 complexus
1077 1210 1140 1258 sit,
1163 1209 1229 1250 vel
1260 1222 1284 1250 a
1308 1209 1459 1262 quihus
1482 1222 1556 1262 per
1580 1209 1751 1250 modum
1775 1221 1876 1250 evo-

141 1278 311 1320 lutionis
342 1279 433 1331 ejus
463 1279 607 1331 religio
640 1279 852 1331 prodierit.
895 1279 984 1321 Hae
1008 1281 1120 1321 enim
1143 1281 1446 1333 explicationes
1469 1280 1687 1332 multiplici
1709 1279 1874 1320 defectu

142 1348 352 1390 laborant.
395 1348 503 1390 Nam
536 1364 578 1394 a.
602 1351 755 1391 harum
780 1350 1029 1403 religionum
1054 1356 1296 1392 commenta
1320 1353 1503 1392 oratorie
1527 1352 1799 1400 adornantur,
1830 1357 1876 1392 ut

143 1419 384 1472 pulchriora
406 1425 640 1473 appareant
673 1426 714 1462 et
736 1422 869 1473 magis
899 1421 1134 1463 conformia
1157 1423 1358 1463 doctrinis
1382 1428 1422 1462 et
1444 1423 1641 1463 institutis
1664 1422 1875 1473 religionis

143 1490 410 1541 christianae,
441 1503 570 1544 quam
602 1503 753 1533 revera
784 1497 900 1541 sunt;
937 1497 1086 1534 contra
1108 1494 1154 1536 1).
1178 1493 1322 1545 religio
1356 1494 1585 1534 christiana
1617 1493 1873 1545 deprimitur.

143 1565 289 1602 cortex
311 1565 352 1602 et
374 1564 605 1603 exteriores
627 1562 839 1615 religionis
862 1562 1225 1604 manifestationes
1248 1568 1449 1615 urgentur
1472 1563 1771 1615 praetermisso
1787 1563 1873 1614 spi-

143 1632 236 1682 ritu,
260 1636 306 1672 ut
329 1643 381 1673 ea
403 1633 537 1684 magis
559 1633 748 1674 humana
771 1638 976 1685 appareat
997 1646 1075 1674 nec
1098 1634 1275 1674 multum
1298 1633 1458 1674 distans
1486 1634 1539 1673 al)
1562 1633 1639 1674 illis
1662 1635 1875 1674 humanae

142 1703 396 1755 phantasiae
418 1704 620 1744 inventis:
644 1716 669 1744 a
692 1703 843 1756 quibus
865 1708 1009 1745 tamen
1032 1708 1121 1745 toto
1145 1705 1276 1753 coelo,
1301 1717 1385 1744 non
1408 1709 1571 1745 tantum
1593 1706 1700 1745 sicut
1721 1704 1874 1756 gradus

142 1773 367 1825 perfectior
390 1786 415 1815 a
438 1775 576 1815 minus
591 1773 777 1827 perfecto
795 1775 1056 1818 discernitur.
1081 1774 1310 1827 Negligitur
1325 1788 1365 1818 c.
1382 1775 1447 1816 lex
1471 1775 1741 1823 causalitatis,
1766 1787 1875 1827 quae

143 1846 268 1898 exigit
299 1858 475 1886 causam
509 1846 793 1899 adaequatam
816 1847 921 1887 tanti
943 1847 1156 1899 profectus
1178 1848 1353 1888 humani
1375 1847 1540 1899 generis
1563 1857 1614 1886 ex
1636 1846 1874 1886 tristissima

143 1916 406 1957 conditione:
428 1917 544 1957 nulla
558 1918 666 1958 ratio
682 1919 727 1960 d.
745 1917 926 1958 habetur
940 1918 1154 1967 historiae,
1168 1918 1436 1969 inductionis,
1453 1917 1750 1970 experientiae,
1766 1927 1875 1968 quae

145 1986 306 2027 nullum
328 1989 485 2039 reperit
507 1988 744 2041 exemplum
761 1993 847 2029 tam
862 1989 999 2030 laetae
1023 1993 1064 2029 et
1087 1990 1206 2041 quasi
1229 1989 1477 2030 subitaneae
1500 1987 1802 2028 immutationis
1826 1998 1876 2026 ex

143 2056 251 2097 adeo
283 2059 480 2099 coenosis
512 2058 709 2102 fontibus.
753 2058 893 2100 Gratis
926 2061 1176 2112 supponitur
1209 2073 1250 2103 c.
1274 2072 1411 2113 neque
1442 2072 1629 2112 unquam
1660 2057 1874 2110 probatur.

142 2128 374 2170 humanum
408 2140 538 2180 genus
571 2141 593 2170 e
633 2130 869 2170 tristissima
901 2130 1143 2171 conditione
1174 2130 1370 2182 religiosa
1403 2135 1638 2181 temporum
1670 2129 1791 2180 lapsu
1822 2127 1874 2167 ad

143 2200 358 2252 puriorem
389 2212 558 2252 semper
579 2200 812 2253 profecisse
832 2205 1011 2243 statum:
1044 2214 1139 2241 cum
1169 2206 1318 2242 contra
1341 2201 1506 2241 ostendi
1528 2200 1670 2252 possit,
1702 2211 1784 2251 quo
1807 2209 1873 2238 re-

144 2271 327 2312 motiora
349 2276 590 2312 scrutamur
611 2272 787 2312 humani
809 2272 973 2323 generis
996 2276 1200 2324 tempora,
1234 2272 1424 2312 omnium
1447 2271 1627 2321 viguisse
1650 2268 1873 2310 monothe-

143 2342 310 2391 ismum,
334 2355 360 2383 a
382 2355 465 2395 quo
487 2342 588 2383 illud
610 2343 814 2394 temporis
835 2343 958 2395 lapsu
980 2354 1149 2394 semper
1172 2343 1304 2394 magis
1320 2341 1491 2382 defecit:
1516 2341 1623 2382 adeo
1638 2345 1683 2381 ut
1697 2341 1872 2381 historia

142 2413 354 2465 religionis
376 2426 463 2454 non
486 2414 538 2454 sit
560 2414 737 2454 historia
758 2413 970 2465 profectus
993 2418 1034 2454 et
1057 2413 1320 2462 evolutionis‚
1352 2412 1426 2453 sed
1449 2412 1587 2464 potius
1609 2411 1874 2452 tristissimae

144 2482 402 2539 defectionis.
438 2483 495 2528 Cf.
517 2484 725 2537 Himpel
748 2484 838 2525 KL2
863 2488 900 2533 5,
924 2488 1006 2530 816
1031 2498 1104 2533 ss3
1127 2482 1416 2525 Gutberlet
1437 2483 1584 2523 Lehrb.
1608 2483 1682 2523 der
1703 2482 1821 2534 Apol.
1848 2487 1873 2521 t.

144 2557 170 2597 2
191 2567 223 2594 s,
246 2557 272 2597 2
293 2555 316 2609 ξ
341 2557 363 2597 1
388 2559 430 2596 et
450 2555 648 2605 Weiss,
683 2556 753 2608 qui
775 2556 817 2596 in
839 2568 917 2596 sua
940 2555 1142 2607 Apologie
1173 2555 1247 2595 des
1270 2553 1522 2595 Christenth.
1546 2558 1571 2597 t.
1597 2557 1621 2597 3
1645 2566 1674 2596 s,
1700 2556 1719 2595 1
1747 2553 1873 2607 (quae

142 2625 273 2665 sectio
296 2625 424 2666 etiam
448 2627 626 2667 seorsim
649 2626 802 2679 prodiit
816 2626 1007 2678 Friburgi
1027 2626 1155 2681 1891)
1171 2625 1389 2677 praeclare
1413 2624 1606 2673 ostendit,
1628 2624 1871 2675 religionem

143 2695 417 2737 christianam
440 2709 527 2738 non
549 2709 643 2738 esse
658 2697 786 2738 veluti
806 2696 953 2737 florem
969 2695 1217 2736 naturaliter
1231 2695 1508 2747 prodeuntem
1524 2694 1754 2735 secundum
1771 2705 1872 2733 evo-

141 2765 311 2807 lutionis
342 2766 654 2808 darwinisticae
685 2767 819 2818 legem
852 2779 902 2807 ex
934 2767 1047 2807 cultu
1078 2767 1185 2807 illius
1217 2766 1430 2818 temporis,
1462 2765 1531 2817 qui
1564 2770 1603 2805 et
1635 2765 1722 2816 ipse
1750 2763 1869 2803 fuerit

142 2836 300 2877 fructus
322 2837 616 2890 philosophiae
639 2838 792 2879 veteris
817 2842 858 2878 et
874 2837 1087 2889 judaismi.

260 2910 327 2952 95.
349 2908 517 2952 TheSiS
540 2908 704 2952 XXII·
765 2923 959 2956 Factum.
1002 2922 1297 2955 »revelationis
1340 2930 1432 2954 non
1475 2922 1657 2954 ridetur
1699 2918 1736 2950 Ι.
1779 2917 1868 2950 dice·

137 2988 273 3021 posse
298 2981 499 3023 evidens,
525 2984 683 3015 tamen
708 2982 750 3014 52.
775 2982 916 3022 plane
943 2983 1120 3014 certum
1147 2982 1230 3019 est,
1254 2980 1443 3021 ideoque
1462 2979 1505 3012 3.
1524 2977 1741 3011 ‘rev-elatio
1765 2976 1865 3016 *ipsa

143 3039 377 3073 evidenter
402 3043 467 3073 est
493 3040 756 3081 credibilis;
782 3049 926 3082 quare
953 3040 996 3072 4.
1025 3040 1208 3073 evidens
1233 3041 1297 3072 est
1323 3038 1538 3079 obliglataefo
1564 3044 1752 3079 qnoque,
1776 3040 1867 3075 qma

142 3099 350 3132 homines
375 3100 439 3134 acl
459 3099 600 3139 fidem
628 3101 773 3134 eidem
804 3099 1107 3133 eoehibendam
1135 3098 1502 3138 obstrinfflmtur.
