<?xml version="1.0" encoding="UTF-8"?>
<!DOCTYPE html PUBLIC "-//W3C//DTD XHTML 1.0 Transitional//EN"
    "http://www.w3.org/TR/xhtml1/DTD/xhtml1-transitional.dtd">
<html xmlns="http://www.w3.org/1999/xhtml" xml:lang="en" lang="en">
 <head>
  <title>
</title>
<meta http-equiv="Content-Type" content="text/html;charset=utf-8" />
  <meta name='ocr-system' content='tesseract 3.04.00' />
  <meta name='ocr-capabilities' content='ocr_page ocr_carea ocr_par ocr_line ocrx_word'/>
</head>
<body>
  <div class='ocr_page' id='page_1' title='image "./theologiaedogmat01hurt/theologiaedogmat01hurt_0344.png"; bbox 0 0 2175 3382; ppageno 0'>
   <div class='ocr_carea' id='block_1_1' title="bbox 185 130 1615 178">
    <p class='ocr_par' dir='ltr' id='par_1_1' title="bbox 185 130 1615 178">
     <span class='ocr_line' id='line_1_1' title="bbox 185 130 1615 178; baseline 0.002 -15"><span class='ocrx_word' id='word_1_1' title='bbox 185 139 269 178; x_wconf 68' lang='lat'>334</span> <span class='ocrx_word' id='word_1_2' title='bbox 472 132 589 168; x_wconf 48' lang='lat' dir='ltr'>&#39;Ia-act,</span> <span class='ocrx_word' id='word_1_3' title='bbox 610 131 670 165; x_wconf 91' lang='lat' dir='ltr'>Ill.</span> <span class='ocrx_word' id='word_1_4' title='bbox 693 132 736 164; x_wconf 58' lang='lat' dir='ltr'>ilc</span> <span class='ocrx_word' id='word_1_5' title='bbox 756 131 928 165; x_wconf 77' lang='lat' dir='ltr'>Ecclesia.</span> <span class='ocrx_word' id='word_1_6' title='bbox 948 131 1077 165; x_wconf 79' lang='lat' dir='ltr'>&#39;l&#39;hesis</span> <span class='ocrx_word' id='word_1_7' title='bbox 1095 130 1220 165; x_wconf 80' lang='lat' dir='ltr'>LXIII.</span> <span class='ocrx_word' id='word_1_8' title='bbox 1239 131 1283 166; x_wconf 88' lang='lat' dir='ltr'>de</span> <span class='ocrx_word' id='word_1_9' title='bbox 1302 132 1398 166; x_wconf 81' lang='lat' dir='ltr'>notis</span> <span class='ocrx_word' id='word_1_10' title='bbox 1420 132 1615 167; x_wconf 72' lang='lat' dir='ltr'>Ecclesiae.</span> 
     </span>
    </p>
   </div>
   <div class='ocr_carea' id='block_1_2' title="bbox 183 250 1922 586">
    <p class='ocr_par' dir='ltr' id='par_1_2' title="bbox 183 250 1920 377">
     <span class='ocr_line' id='line_1_2' title="bbox 187 250 1920 304; baseline 0.002 -13"><span class='ocrx_word' id='word_1_11' title='bbox 187 252 388 303; x_wconf 87' lang='lat' dir='ltr'>temporis</span> <span class='ocrx_word' id='word_1_12' title='bbox 424 251 479 292; x_wconf 90' lang='lat' dir='ltr'>ob</span> <span class='ocrx_word' id='word_1_13' title='bbox 514 251 723 292; x_wconf 80' lang='lat' dir='ltr'>defectum</span> <span class='ocrx_word' id='word_1_14' title='bbox 761 251 931 291; x_wconf 86' lang='lat' dir='ltr'>unitatis</span> <span class='ocrx_word' id='word_1_15' title='bbox 966 250 1297 303; x_wconf 72' lang='lat' dir='ltr'>sanctitatisque,</span> <span class='ocrx_word' id='word_1_16' title='bbox 1342 250 1506 303; x_wconf 90' lang='lat' dir='ltr'>quibus,</span> <span class='ocrx_word' id='word_1_17' title='bbox 1546 256 1762 304; x_wconf 84' lang='lat' dir='ltr'>tamquam</span> <span class='ocrx_word' id='word_1_18' title='bbox 1798 255 1920 303; x_wconf 87' lang='lat' dir='ltr'>notis,</span> 
     </span>
     <span class='ocr_line' id='line_1_3' title="bbox 183 320 1401 377; baseline 0 -15"><span class='ocrx_word' id='word_1_19' title='bbox 183 322 404 363; x_wconf 81' lang='lat' dir='ltr'>doctrinae</span> <span class='ocrx_word' id='word_1_20' title='bbox 428 322 663 363; x_wconf 85' lang='lat' dir='ltr'>catholicae</span> <span class='ocrx_word' id='word_1_21' title='bbox 687 322 908 363; x_wconf 89' lang='lat' dir='ltr'>veritatem</span> <span class='ocrx_word' id='word_1_22' title='bbox 933 320 1157 362; x_wconf 80' lang='lat' dir='ltr'>confirmat</span> <span class='ocrx_word' id='word_1_23' title='bbox 1176 322 1217 377; x_wconf 89' lang='lat'>¹).</span> <span class='ocrx_word' id='word_1_24' title='bbox 1261 321 1401 372; x_wconf 84' lang='lat' dir='ltr'>Quare</span> 
     </span>
    </p>

    <p class='ocr_par' dir='ltr' id='par_1_3' title="bbox 187 392 1922 516">
     <span class='ocr_line' id='line_1_4' title="bbox 304 392 1922 446; baseline 0.002 -13"><span class='ocrx_word' id='word_1_25' title='bbox 304 393 345 437; x_wconf 84' lang='lat'>3.</span> <span class='ocrx_word' id='word_1_26' title='bbox 371 393 498 434; x_wconf 89' lang='lat' dir='ltr'>etiam</span> <span class='ocrx_word' id='word_1_27' title='bbox 530 393 650 434; x_wconf 87' lang='lat' dir='ltr'>dotes</span> <span class='ocrx_word' id='word_1_28' title='bbox 682 394 787 434; x_wconf 84' lang='lat' dir='ltr'>istae</span> <span class='ocrx_word' id='word_1_29' title='bbox 820 394 861 434; x_wconf 90' lang='lat' dir='ltr'>in</span> <span class='ocrx_word' id='word_1_30' title='bbox 893 392 1095 445; x_wconf 74' lang='lat' dir='ltr'><strong>symbolis</strong></span> <span class='ocrx_word' id='word_1_31' title='bbox 1117 397 1404 442; x_wconf 79' lang='lat' dir='ltr'>recensentur,</span> <span class='ocrx_word' id='word_1_32' title='bbox 1435 393 1547 446; x_wconf 89' lang='lat' dir='ltr'>quod</span> <span class='ocrx_word' id='word_1_33' title='bbox 1572 405 1657 435; x_wconf 86' lang='lat' dir='ltr'>non</span> <span class='ocrx_word' id='word_1_34' title='bbox 1679 395 1815 436; x_wconf 82' lang='lat' dir='ltr'>solum</span> <span class='ocrx_word' id='word_1_35' title='bbox 1838 397 1922 437; x_wconf 86' lang='lat' dir='ltr'>sint</span> 
     </span>
     <span class='ocr_line' id='line_1_5' title="bbox 187 463 1486 516; baseline 0.002 -13"><span class='ocrx_word' id='word_1_36' title='bbox 187 464 480 516; x_wconf 59' lang='lat' dir='ltr'>proprietates</span> <span class='ocrx_word' id='word_1_37' title='bbox 504 464 577 505; x_wconf 90' lang='lat' dir='ltr'>sed</span> <span class='ocrx_word' id='word_1_38' title='bbox 601 464 724 505; x_wconf 88' lang='lat' dir='ltr'>simul</span> <span class='ocrx_word' id='word_1_39' title='bbox 746 465 873 505; x_wconf 90' lang='lat' dir='ltr'>etiam</span> <span class='ocrx_word' id='word_1_40' title='bbox 896 463 1108 504; x_wconf 70' lang='lat' dir='ltr'>Ecclesiae</span> <span class='ocrx_word' id='word_1_41' title='bbox 1132 468 1269 507; x_wconf 87' lang='lat' dir='ltr'>notae.</span> <span class='ocrx_word' id='word_1_42' title='bbox 1312 463 1361 504; x_wconf 89' lang='lat' dir='ltr'>Et</span> <span class='ocrx_word' id='word_1_43' title='bbox 1382 476 1486 505; x_wconf 90' lang='lat' dir='ltr'>sane</span> 
     </span>
    </p>

    <p class='ocr_par' dir='ltr' id='par_1_4' title="bbox 304 534 1829 586">
     <span class='ocr_line' id='line_1_6' title="bbox 304 534 1829 586; baseline 0.003 -11"><span class='ocrx_word' id='word_1_44' title='bbox 304 534 346 578; x_wconf 78' lang='lat'>4.</span> <span class='ocrx_word' id='word_1_45' title='bbox 371 535 405 575; x_wconf 88' lang='lat' dir='ltr'>si</span> <span class='ocrx_word' id='word_1_46' title='bbox 429 535 523 576; x_wconf 87' lang='lat' dir='ltr'>illae</span> <span class='ocrx_word' id='word_1_47' title='bbox 548 540 674 576; x_wconf 88' lang='lat' dir='ltr'>notae</span> <span class='ocrx_word' id='word_1_48' title='bbox 698 548 783 575; x_wconf 92' lang='lat' dir='ltr'>non</span> <span class='ocrx_word' id='word_1_49' title='bbox 808 539 917 581; x_wconf 90' lang='lat' dir='ltr'>sunt,</span> <span class='ocrx_word' id='word_1_50' title='bbox 940 534 1075 575; x_wconf 87' lang='lat' dir='ltr'>nullas</span> <span class='ocrx_word' id='word_1_51' title='bbox 1098 534 1283 586; x_wconf 87' lang='lat' dir='ltr'>reperies</span> <span class='ocrx_word' id='word_1_52' title='bbox 1306 546 1433 575; x_wconf 90' lang='lat' dir='ltr'>verae</span> <span class='ocrx_word' id='word_1_53' title='bbox 1455 534 1670 577; x_wconf 90' lang='lat' dir='ltr'>Ecclesiae</span> <span class='ocrx_word' id='word_1_54' title='bbox 1693 541 1829 580; x_wconf 80' lang='lat' dir='ltr'>notas,</span> 
     </span>
    </p>
   </div>
   <div class='ocr_carea' id='block_1_3' title="bbox 180 616 1925 2374">
    <p class='ocr_par' dir='ltr' id='par_1_5' title="bbox 180 616 1925 2374">
     <span class='ocr_line' id='line_1_7' title="bbox 304 616 1922 672; baseline 0.001 -11"><span class='ocrx_word' id='word_1_55' title='bbox 304 622 400 662; x_wconf 73' lang='lat'>320.</span> <span class='ocrx_word' id='word_1_56' title='bbox 429 619 791 662; x_wconf 77' lang='lat' dir='ltr'>Demonstratio</span> <span class='ocrx_word' id='word_1_57' title='bbox 824 631 866 672; x_wconf 90' lang='lat' dir='ltr'>p.</span> <span class='ocrx_word' id='word_1_58' title='bbox 890 618 956 660; x_wconf 90' lang='grc' dir='ltr'>Π.</span> <span class='ocrx_word' id='word_1_59' title='bbox 1001 616 1134 658; x_wconf 90' lang='lat' dir='ltr'>Notas</span> <span class='ocrx_word' id='word_1_60' title='bbox 1168 617 1402 658; x_wconf 87' lang='lat' dir='ltr'>recensitas</span> <span class='ocrx_word' id='word_1_61' title='bbox 1437 629 1530 659; x_wconf 88' lang='lat' dir='ltr'>esse</span> <span class='ocrx_word' id='word_1_62' title='bbox 1566 621 1922 662; x_wconf 85' lang='lat' dir='ltr'>necessarias</span> 
     </span>
     <span class='ocr_line' id='line_1_8' title="bbox 185 688 1922 743; baseline 0.001 -13"><span class='ocrx_word' id='word_1_63' title='bbox 185 694 310 741; x_wconf 80' lang='lat' dir='ltr'>patet.</span> <span class='ocrx_word' id='word_1_64' title='bbox 356 689 477 730; x_wconf 88' lang='lat' dir='ltr'>Nulla</span> <span class='ocrx_word' id='word_1_65' title='bbox 500 690 611 730; x_wconf 89' lang='lat' dir='ltr'>enim</span> <span class='ocrx_word' id='word_1_66' title='bbox 636 701 784 730; x_wconf 83' lang='lat' dir='ltr'>earum</span> <span class='ocrx_word' id='word_1_67' title='bbox 808 689 966 737; x_wconf 87' lang='lat' dir='ltr'>dotum,</span> <span class='ocrx_word' id='word_1_68' title='bbox 1000 700 1096 728; x_wconf 90' lang='lat' dir='ltr'>cum</span> <span class='ocrx_word' id='word_1_69' title='bbox 1129 688 1212 728; x_wconf 90' lang='lat' dir='ltr'>sint</span> <span class='ocrx_word' id='word_1_70' title='bbox 1234 689 1527 740; x_wconf 83' lang='lat' dir='ltr'>proprietates,</span> <span class='ocrx_word' id='word_1_71' title='bbox 1559 688 1712 730; x_wconf 87' lang='lat' dir='ltr'>abesse</span> <span class='ocrx_word' id='word_1_72' title='bbox 1734 695 1874 743; x_wconf 87' lang='lat' dir='ltr'>potest</span> <span class='ocrx_word' id='word_1_73' title='bbox 1896 703 1922 732; x_wconf 92' lang='lat' dir='ltr'>a</span> 
     </span>
     <span class='ocr_line' id='line_1_9' title="bbox 184 758 1922 812; baseline 0.002 -12"><span class='ocrx_word' id='word_1_74' title='bbox 184 772 287 801; x_wconf 88' lang='lat' dir='ltr'>vera</span> <span class='ocrx_word' id='word_1_75' title='bbox 302 760 499 808; x_wconf 79' lang='lat' dir='ltr'>Ecclesia,</span> <span class='ocrx_word' id='word_1_76' title='bbox 522 765 564 801; x_wconf 93' lang='lat' dir='ltr'>et</span> <span class='ocrx_word' id='word_1_77' title='bbox 585 760 799 812; x_wconf 85' lang='lat' dir='ltr'>quaelibet</span> <span class='ocrx_word' id='word_1_78' title='bbox 821 764 885 800; x_wconf 88' lang='lat' dir='ltr'>est</span> <span class='ocrx_word' id='word_1_79' title='bbox 900 760 1028 799; x_wconf 88' lang='lat' dir='ltr'>etiam</span> <span class='ocrx_word' id='word_1_80' title='bbox 1044 758 1229 800; x_wconf 90' lang='lat' dir='ltr'>visibilis.</span> <span class='ocrx_word' id='word_1_81' title='bbox 1252 758 1358 811; x_wconf 85' lang='lat' dir='ltr'>Ergo</span> <span class='ocrx_word' id='word_1_82' title='bbox 1375 764 1472 800; x_wconf 90' lang='lat' dir='ltr'>sunt</span> <span class='ocrx_word' id='word_1_83' title='bbox 1486 764 1615 801; x_wconf 88' lang='lat' dir='ltr'>notae</span> <span class='ocrx_word' id='word_1_84' title='bbox 1630 762 1922 810; x_wconf 82' lang='lat' dir='ltr'>necessariae;</span> 
     </span>
     <span class='ocr_line' id='line_1_10' title="bbox 186 830 1923 884; baseline 0.001 -12"><span class='ocrx_word' id='word_1_85' title='bbox 186 831 365 884; x_wconf 90' lang='lat' dir='ltr'>ideoque</span> <span class='ocrx_word' id='word_1_86' title='bbox 390 833 515 873; x_wconf 87' lang='lat' dir='ltr'>etiam</span> <span class='ocrx_word' id='word_1_87' title='bbox 541 838 683 884; x_wconf 82' lang='lat' dir='ltr'>patres</span> <span class='ocrx_word' id='word_1_88' title='bbox 716 831 781 872; x_wconf 91' lang='lat' dir='ltr'>vel</span> <span class='ocrx_word' id='word_1_89' title='bbox 814 843 864 872; x_wconf 82' lang='lat' dir='ltr'>ex</span> <span class='ocrx_word' id='word_1_90' title='bbox 896 830 1021 871; x_wconf 83' lang='lat' dir='ltr'>unius</span> <span class='ocrx_word' id='word_1_91' title='bbox 1053 830 1219 871; x_wconf 78' lang='lat' dir='ltr'>defectu</span> <span class='ocrx_word' id='word_1_92' title='bbox 1250 835 1390 871; x_wconf 89' lang='lat' dir='ltr'>sectas</span> <span class='ocrx_word' id='word_1_93' title='bbox 1412 831 1651 872; x_wconf 83' lang='lat' dir='ltr'>haereticas</span> <span class='ocrx_word' id='word_1_94' title='bbox 1675 833 1831 874; x_wconf 85' lang='lat' dir='ltr'>erroris</span> <span class='ocrx_word' id='word_1_95' title='bbox 1853 844 1923 874; x_wconf 84' lang='lat' dir='ltr'>ar-</span> 
     </span>
     <span class='ocr_line' id='line_1_11' title="bbox 184 900 1923 956; baseline 0.002 -13"><span class='ocrx_word' id='word_1_96' title='bbox 184 908 326 954; x_wconf 85' lang='lat' dir='ltr'>guunt.</span> <span class='ocrx_word' id='word_1_97' title='bbox 370 902 454 943; x_wconf 88' lang='lat' dir='ltr'>Etsi</span> <span class='ocrx_word' id='word_1_98' title='bbox 489 915 589 944; x_wconf 81' lang='lat' dir='ltr'>vero</span> <span class='ocrx_word' id='word_1_99' title='bbox 624 902 766 954; x_wconf 85' lang='lat' dir='ltr'>plures</span> <span class='ocrx_word' id='word_1_100' title='bbox 801 902 910 943; x_wconf 87' lang='lat' dir='ltr'>aliae</span> <span class='ocrx_word' id='word_1_101' title='bbox 940 900 1152 942; x_wconf 81' lang='lat' dir='ltr'>Ecclesiae</span> <span class='ocrx_word' id='word_1_102' title='bbox 1187 906 1315 942; x_wconf 90' lang='lat' dir='ltr'>notae</span> <span class='ocrx_word' id='word_1_103' title='bbox 1347 902 1556 954; x_wconf 86' lang='lat' dir='ltr'>assignari</span> <span class='ocrx_word' id='word_1_104' title='bbox 1586 914 1683 944; x_wconf 92' lang='lat' dir='ltr'>cum</span> <span class='ocrx_word' id='word_1_105' title='bbox 1716 904 1923 956; x_wconf 85' lang='lat' dir='ltr'>theologis</span> 
     </span>
     <span class='ocr_line' id='line_1_12' title="bbox 185 973 1922 1031; baseline 0.001 -16"><span class='ocrx_word' id='word_1_106' title='bbox 185 975 359 1026; x_wconf 84' lang='lat' dir='ltr'>possint,</span> <span class='ocrx_word' id='word_1_107' title='bbox 384 987 406 1015; x_wconf 88' lang='lat' dir='ltr'>e</span> <span class='ocrx_word' id='word_1_108' title='bbox 429 974 581 1027; x_wconf 87' lang='lat' dir='ltr'>quibus</span> <span class='ocrx_word' id='word_1_109' title='bbox 605 974 802 1015; x_wconf 84' lang='lat' dir='ltr'>Bozius</span> <span class='ocrx_word' id='word_1_110' title='bbox 825 975 867 1014; x_wconf 91' lang='lat' dir='ltr'>in</span> <span class='ocrx_word' id='word_1_111' title='bbox 890 985 1020 1026; x_wconf 89' lang='lat' dir='ltr'>opere</span> <span class='ocrx_word' id='word_1_112' title='bbox 1043 974 1094 1014; x_wconf 92' lang='lat' dir='ltr'>de</span> <span class='ocrx_word' id='word_1_113' title='bbox 1117 974 1245 1025; x_wconf 84' lang='lat' dir='ltr'>signis</span> <span class='ocrx_word' id='word_1_114' title='bbox 1267 973 1373 1015; x_wconf 90' lang='lat' dir='ltr'>Eccl.</span> <span class='ocrx_word' id='word_1_115' title='bbox 1401 977 1483 1019; x_wconf 68' lang='lat' dir='ltr'>loo</span> <span class='ocrx_word' id='word_1_116' title='bbox 1505 979 1699 1021; x_wconf 81' lang='lat' dir='ltr'>recenset</span> <span class='ocrx_word' id='word_1_117' title='bbox 1722 975 1922 1031; x_wconf 88' lang='lat' dir='ltr'>(quarum</span> 
     </span>
     <span class='ocr_line' id='line_1_13' title="bbox 186 1045 1922 1099; baseline 0.001 -13"><span class='ocrx_word' id='word_1_118' title='bbox 186 1051 329 1086; x_wconf 87' lang='lat' dir='ltr'>tamen</span> <span class='ocrx_word' id='word_1_119' title='bbox 351 1045 577 1098; x_wconf 88' lang='lat' dir='ltr'>pleraeque</span> <span class='ocrx_word' id='word_1_120' title='bbox 600 1050 856 1086; x_wconf 86' lang='lat' dir='ltr'>revocantur</span> <span class='ocrx_word' id='word_1_121' title='bbox 879 1045 932 1085; x_wconf 89' lang='lat' dir='ltr'>ad</span> <span class='ocrx_word' id='word_1_122' title='bbox 955 1050 1138 1098; x_wconf 89' lang='lat' dir='ltr'>quatuor</span> <span class='ocrx_word' id='word_1_123' title='bbox 1160 1045 1432 1099; x_wconf 88' lang='lat' dir='ltr'>recensitas):</span> <span class='ocrx_word' id='word_1_124' title='bbox 1456 1050 1600 1086; x_wconf 89' lang='lat' dir='ltr'>tamen</span> <span class='ocrx_word' id='word_1_125' title='bbox 1623 1046 1704 1087; x_wconf 88' lang='lat' dir='ltr'>hae</span> <span class='ocrx_word' id='word_1_126' title='bbox 1727 1050 1922 1099; x_wconf 87' lang='lat' dir='ltr'>quatuor,</span> 
     </span>
     <span class='ocr_line' id='line_1_14' title="bbox 183 1115 1923 1168; baseline 0.001 -12"><span class='ocrx_word' id='word_1_127' title='bbox 183 1128 291 1168; x_wconf 83' lang='lat' dir='ltr'>quas</span> <span class='ocrx_word' id='word_1_128' title='bbox 314 1116 604 1165; x_wconf 81' lang='lat' dir='ltr'>indicavimus,</span> <span class='ocrx_word' id='word_1_129' title='bbox 626 1116 849 1159; x_wconf 79' lang='lat' dir='ltr'>sufficiunt.</span> <span class='ocrx_word' id='word_1_130' title='bbox 893 1115 998 1157; x_wconf 90' lang='lat' dir='ltr'>Cum</span> <span class='ocrx_word' id='word_1_131' title='bbox 1022 1120 1164 1157; x_wconf 88' lang='lat' dir='ltr'>autem</span> <span class='ocrx_word' id='word_1_132' title='bbox 1196 1115 1375 1157; x_wconf 87' lang='lat' dir='ltr'>dicimus</span> <span class='ocrx_word' id='word_1_133' title='bbox 1407 1128 1480 1158; x_wconf 88' lang='lat' dir='ltr'>eas</span> <span class='ocrx_word' id='word_1_134' title='bbox 1514 1116 1719 1165; x_wconf 86' lang='lat' dir='ltr'>sufficere,</span> <span class='ocrx_word' id='word_1_135' title='bbox 1750 1116 1833 1157; x_wconf 88' lang='lat' dir='ltr'>hoc</span> <span class='ocrx_word' id='word_1_136' title='bbox 1863 1116 1923 1157; x_wconf 85' lang='lat' dir='ltr'>ita</span> 
     </span>
     <span class='ocr_line' id='line_1_15' title="bbox 184 1186 1924 1241; baseline 0 -13"><span class='ocrx_word' id='word_1_137' title='bbox 184 1193 249 1228; x_wconf 88' lang='lat' dir='ltr'>est</span> <span class='ocrx_word' id='word_1_138' title='bbox 270 1186 597 1238; x_wconf 84' lang='lat' dir='ltr'>intelligendum,</span> <span class='ocrx_word' id='word_1_139' title='bbox 620 1192 665 1228; x_wconf 92' lang='lat' dir='ltr'>ut</span> <span class='ocrx_word' id='word_1_140' title='bbox 687 1201 729 1230; x_wconf 85' lang='lat' dir='ltr'>a.</span> <span class='ocrx_word' id='word_1_141' title='bbox 755 1186 967 1240; x_wconf 88' lang='lat' dir='ltr'>quaelibet</span> <span class='ocrx_word' id='word_1_142' title='bbox 989 1187 1248 1239; x_wconf 77' lang='lat' dir='ltr'>negative</span> <span class='ocrx_word' id='word_1_143' title='bbox 1271 1187 1461 1236; x_wconf 81' lang='lat' dir='ltr'>sufficiat,</span> <span class='ocrx_word' id='word_1_144' title='bbox 1486 1192 1696 1241; x_wconf 88' lang='lat' dir='ltr'>quatenus</span> <span class='ocrx_word' id='word_1_145' title='bbox 1719 1188 1754 1229; x_wconf 90' lang='lat' dir='ltr'>is</span> <span class='ocrx_word' id='word_1_146' title='bbox 1776 1192 1924 1229; x_wconf 90' lang='lat' dir='ltr'>coetus</span> 
     </span>
     <span class='ocr_line' id='line_1_16' title="bbox 183 1258 1922 1312; baseline 0.001 -14"><span class='ocrx_word' id='word_1_147' title='bbox 183 1262 302 1298; x_wconf 90' lang='lat' dir='ltr'>certo</span> <span class='ocrx_word' id='word_1_148' title='bbox 326 1270 428 1298; x_wconf 89' lang='lat' dir='ltr'>vera</span> <span class='ocrx_word' id='word_1_149' title='bbox 451 1258 639 1299; x_wconf 84' lang='lat' dir='ltr'>Ecclesia</span> <span class='ocrx_word' id='word_1_150' title='bbox 662 1270 754 1300; x_wconf 90' lang='lat' dir='ltr'>esse</span> <span class='ocrx_word' id='word_1_151' title='bbox 787 1259 942 1311; x_wconf 90' lang='lat' dir='ltr'>nequit,</span> <span class='ocrx_word' id='word_1_152' title='bbox 974 1259 1040 1299; x_wconf 89' lang='lat' dir='ltr'>cui</span> <span class='ocrx_word' id='word_1_153' title='bbox 1071 1258 1137 1299; x_wconf 89' lang='lat' dir='ltr'>vel</span> <span class='ocrx_word' id='word_1_154' title='bbox 1169 1270 1254 1299; x_wconf 89' lang='lat' dir='ltr'>una</span> <span class='ocrx_word' id='word_1_155' title='bbox 1287 1258 1426 1307; x_wconf 84' lang='lat' dir='ltr'>deest;</span> <span class='ocrx_word' id='word_1_156' title='bbox 1460 1260 1507 1303; x_wconf 85' lang='lat' dir='ltr'>b.</span> <span class='ocrx_word' id='word_1_157' title='bbox 1543 1259 1787 1312; x_wconf 85' lang='lat' dir='ltr'>positive</span> <span class='ocrx_word' id='word_1_158' title='bbox 1821 1269 1922 1299; x_wconf 87' lang='lat' dir='ltr'>vero</span> 
     </span>
     <span class='ocr_line' id='line_1_17' title="bbox 183 1327 1923 1380; baseline 0.001 -12"><span class='ocrx_word' id='word_1_159' title='bbox 183 1328 307 1369; x_wconf 91' lang='lat' dir='ltr'>simul</span> <span class='ocrx_word' id='word_1_160' title='bbox 331 1334 526 1380; x_wconf 86' lang='lat' dir='ltr'>sumptae</span> <span class='ocrx_word' id='word_1_161' title='bbox 550 1333 666 1370; x_wconf 90' lang='lat' dir='ltr'>certo</span> <span class='ocrx_word' id='word_1_162' title='bbox 690 1341 837 1370; x_wconf 88' lang='lat' dir='ltr'>veram</span> <span class='ocrx_word' id='word_1_163' title='bbox 859 1329 1155 1369; x_wconf 90' lang='lat' dir='ltr'>demonstrant</span> <span class='ocrx_word' id='word_1_164' title='bbox 1176 1327 1434 1379; x_wconf 87' lang='lat' dir='ltr'>Ecclesiam;</span> <span class='ocrx_word' id='word_1_165' title='bbox 1466 1342 1505 1373; x_wconf 83' lang='lat' dir='ltr'>c.</span> <span class='ocrx_word' id='word_1_166' title='bbox 1538 1330 1681 1370; x_wconf 90' lang='lat' dir='ltr'>multis</span> <span class='ocrx_word' id='word_1_167' title='bbox 1706 1329 1858 1370; x_wconf 87' lang='lat' dir='ltr'>saltem</span> <span class='ocrx_word' id='word_1_168' title='bbox 1879 1328 1923 1370; x_wconf 85' lang='lat' dir='ltr'>in</span> 
     </span>
     <span class='ocr_line' id='line_1_18' title="bbox 182 1399 1923 1452; baseline 0.001 -12"><span class='ocrx_word' id='word_1_169' title='bbox 182 1399 354 1440; x_wconf 84' lang='lat' dir='ltr'>casibus</span> <span class='ocrx_word' id='word_1_170' title='bbox 388 1400 453 1440; x_wconf 88' lang='lat' dir='ltr'>vel</span> <span class='ocrx_word' id='word_1_171' title='bbox 486 1412 570 1440; x_wconf 91' lang='lat' dir='ltr'>una</span> <span class='ocrx_word' id='word_1_172' title='bbox 602 1400 723 1452; x_wconf 90' lang='lat' dir='ltr'>plene</span> <span class='ocrx_word' id='word_1_173' title='bbox 756 1404 797 1440; x_wconf 89' lang='lat' dir='ltr'>et</span> <span class='ocrx_word' id='word_1_174' title='bbox 824 1400 1062 1452; x_wconf 86' lang='lat' dir='ltr'>adaequate</span> <span class='ocrx_word' id='word_1_175' title='bbox 1085 1400 1356 1441; x_wconf 89' lang='lat' dir='ltr'>considerata</span> <span class='ocrx_word' id='word_1_176' title='bbox 1377 1400 1556 1441; x_wconf 84' lang='lat' dir='ltr'>sufficiet</span> <span class='ocrx_word' id='word_1_177' title='bbox 1578 1400 1633 1441; x_wconf 90' lang='lat' dir='ltr'>ad</span> <span class='ocrx_word' id='word_1_178' title='bbox 1655 1412 1800 1441; x_wconf 88' lang='lat' dir='ltr'>veram</span> <span class='ocrx_word' id='word_1_179' title='bbox 1823 1411 1923 1452; x_wconf 92' lang='lat' dir='ltr'>pro-</span> 
     </span>
     <span class='ocr_line' id='line_1_19' title="bbox 186 1470 1923 1523; baseline 0.001 -13"><span class='ocrx_word' id='word_1_180' title='bbox 186 1470 371 1511; x_wconf 85' lang='lat' dir='ltr'>bandam</span> <span class='ocrx_word' id='word_1_181' title='bbox 395 1470 640 1514; x_wconf 88' lang='lat' dir='ltr'>Ecclesiam.</span> <span class='ocrx_word' id='word_1_182' title='bbox 683 1470 899 1523; x_wconf 84' lang='lat' dir='ltr'>Colligitur</span> <span class='ocrx_word' id='word_1_183' title='bbox 930 1475 1072 1512; x_wconf 88' lang='lat' dir='ltr'>autem</span> <span class='ocrx_word' id='word_1_184' title='bbox 1104 1471 1257 1512; x_wconf 89' lang='lat' dir='ltr'>harum</span> <span class='ocrx_word' id='word_1_185' title='bbox 1288 1475 1488 1512; x_wconf 88' lang='lat' dir='ltr'>notarum</span> <span class='ocrx_word' id='word_1_186' title='bbox 1510 1470 1763 1512; x_wconf 85' lang='lat' dir='ltr'>sufficientia</span> <span class='ocrx_word' id='word_1_187' title='bbox 1796 1471 1838 1514; x_wconf 91' lang='lat'>1.</span> <span class='ocrx_word' id='word_1_188' title='bbox 1871 1482 1923 1512; x_wconf 85' lang='lat' dir='ltr'>ex</span> 
     </span>
     <span class='ocr_line' id='line_1_20' title="bbox 185 1541 1923 1595; baseline 0.001 -14"><span class='ocrx_word' id='word_1_189' title='bbox 185 1541 400 1594; x_wconf 81' lang='lat' dir='ltr'>symbolis,</span> <span class='ocrx_word' id='word_1_190' title='bbox 424 1542 465 1582; x_wconf 92' lang='lat' dir='ltr'>in</span> <span class='ocrx_word' id='word_1_191' title='bbox 489 1542 640 1594; x_wconf 87' lang='lat' dir='ltr'>quibus</span> <span class='ocrx_word' id='word_1_192' title='bbox 664 1542 772 1583; x_wconf 89' lang='lat' dir='ltr'>aliae</span> <span class='ocrx_word' id='word_1_193' title='bbox 794 1554 881 1583; x_wconf 91' lang='lat' dir='ltr'>non</span> <span class='ocrx_word' id='word_1_194' title='bbox 895 1546 1191 1591; x_wconf 88' lang='lat' dir='ltr'>recensentur;</span> <span class='ocrx_word' id='word_1_195' title='bbox 1213 1543 1257 1586; x_wconf 75' lang='lat'>⁶2.</span> <span class='ocrx_word' id='word_1_196' title='bbox 1282 1554 1333 1583; x_wconf 81' lang='lat' dir='ltr'>ex</span> <span class='ocrx_word' id='word_1_197' title='bbox 1354 1542 1558 1595; x_wconf 88' lang='lat' dir='ltr'>patribus,</span> <span class='ocrx_word' id='word_1_198' title='bbox 1581 1542 1651 1595; x_wconf 83' lang='lat' dir='ltr'>qui</span> <span class='ocrx_word' id='word_1_199' title='bbox 1674 1542 1923 1595; x_wconf 89' lang='lat' dir='ltr'>plerumque</span> 
     </span>
     <span class='ocr_line' id='line_1_21' title="bbox 184 1613 1924 1666; baseline 0.001 -13"><span class='ocrx_word' id='word_1_200' title='bbox 184 1625 313 1653; x_wconf 86' lang='lat' dir='ltr'>unam</span> <span class='ocrx_word' id='word_1_201' title='bbox 347 1624 397 1653; x_wconf 81' lang='lat' dir='ltr'>ex</span> <span class='ocrx_word' id='word_1_202' title='bbox 424 1613 474 1653; x_wconf 90' lang='lat' dir='ltr'>iis</span> <span class='ocrx_word' id='word_1_203' title='bbox 498 1618 661 1654; x_wconf 88' lang='lat' dir='ltr'>tantum</span> <span class='ocrx_word' id='word_1_204' title='bbox 685 1618 834 1654; x_wconf 91' lang='lat' dir='ltr'>contra</span> <span class='ocrx_word' id='word_1_205' title='bbox 856 1613 1096 1654; x_wconf 86' lang='lat' dir='ltr'>haereticos</span> <span class='ocrx_word' id='word_1_206' title='bbox 1119 1613 1343 1661; x_wconf 85' lang='lat' dir='ltr'>adhibent;</span> <span class='ocrx_word' id='word_1_207' title='bbox 1375 1614 1417 1656; x_wconf 83' lang='lat'>3.</span> <span class='ocrx_word' id='word_1_208' title='bbox 1451 1625 1502 1655; x_wconf 83' lang='lat' dir='ltr'>ex</span> <span class='ocrx_word' id='word_1_209' title='bbox 1535 1626 1598 1663; x_wconf 90' lang='lat' dir='ltr'>eo,</span> <span class='ocrx_word' id='word_1_210' title='bbox 1633 1613 1746 1666; x_wconf 89' lang='lat' dir='ltr'>quod</span> <span class='ocrx_word' id='word_1_211' title='bbox 1777 1614 1812 1654; x_wconf 90' lang='lat' dir='ltr'>si</span> <span class='ocrx_word' id='word_1_212' title='bbox 1843 1613 1924 1654; x_wconf 88' lang='lat' dir='ltr'>hae</span> 
     </span>
     <span class='ocr_line' id='line_1_22' title="bbox 184 1683 1922 1736; baseline 0.001 -13"><span class='ocrx_word' id='word_1_213' title='bbox 184 1688 311 1724; x_wconf 87' lang='lat' dir='ltr'>notae</span> <span class='ocrx_word' id='word_1_214' title='bbox 334 1683 457 1724; x_wconf 90' lang='lat' dir='ltr'>simul</span> <span class='ocrx_word' id='word_1_215' title='bbox 475 1684 650 1736; x_wconf 85' lang='lat' dir='ltr'>junctae</span> <span class='ocrx_word' id='word_1_216' title='bbox 665 1684 805 1725; x_wconf 89' lang='lat' dir='ltr'>coetui</span> <span class='ocrx_word' id='word_1_217' title='bbox 826 1685 914 1725; x_wconf 90' lang='lat' dir='ltr'>sive</span> <span class='ocrx_word' id='word_1_218' title='bbox 937 1684 1154 1725; x_wconf 85' lang='lat' dir='ltr'>haeretico</span> <span class='ocrx_word' id='word_1_219' title='bbox 1178 1684 1266 1725; x_wconf 87' lang='lat' dir='ltr'>sive</span> <span class='ocrx_word' id='word_1_220' title='bbox 1281 1685 1555 1726; x_wconf 83' lang='lat' dir='ltr'>schismatico</span> <span class='ocrx_word' id='word_1_221' title='bbox 1570 1684 1801 1725; x_wconf 86' lang='lat' dir='ltr'>convenire</span> <span class='ocrx_word' id='word_1_222' title='bbox 1822 1695 1922 1736; x_wconf 87' lang='lat' dir='ltr'>pos-</span> 
     </span>
     <span class='ocr_line' id='line_1_23' title="bbox 183 1754 1923 1808; baseline 0.001 -14"><span class='ocrx_word' id='word_1_223' title='bbox 183 1758 289 1801; x_wconf 88' lang='lat' dir='ltr'>sent,</span> <span class='ocrx_word' id='word_1_224' title='bbox 317 1754 407 1806; x_wconf 85' lang='lat' dir='ltr'>jam</span> <span class='ocrx_word' id='word_1_225' title='bbox 439 1754 637 1796; x_wconf 85' lang='lat' dir='ltr'>deessent</span> <span class='ocrx_word' id='word_1_226' title='bbox 667 1755 849 1803; x_wconf 88' lang='lat' dir='ltr'>criteria,</span> <span class='ocrx_word' id='word_1_227' title='bbox 883 1755 1035 1808; x_wconf 91' lang='lat' dir='ltr'>quibus</span> <span class='ocrx_word' id='word_1_228' title='bbox 1066 1767 1168 1796; x_wconf 86' lang='lat' dir='ltr'>vera</span> <span class='ocrx_word' id='word_1_229' title='bbox 1189 1754 1378 1796; x_wconf 84' lang='lat' dir='ltr'>Ecclesia</span> <span class='ocrx_word' id='word_1_230' title='bbox 1401 1767 1426 1796; x_wconf 89' lang='lat' dir='ltr'>a</span> <span class='ocrx_word' id='word_1_231' title='bbox 1450 1755 1556 1796; x_wconf 89' lang='lat' dir='ltr'>falsa</span> <span class='ocrx_word' id='word_1_232' title='bbox 1578 1756 1746 1796; x_wconf 86' lang='lat' dir='ltr'>secerni</span> <span class='ocrx_word' id='word_1_233' title='bbox 1768 1759 1923 1808; x_wconf 88' lang='lat' dir='ltr'>posset,</span> 
     </span>
     <span class='ocr_line' id='line_1_24' title="bbox 183 1825 1925 1880; baseline 0.001 -15"><span class='ocrx_word' id='word_1_234' title='bbox 183 1837 281 1866; x_wconf 89' lang='lat' dir='ltr'>cum</span> <span class='ocrx_word' id='word_1_235' title='bbox 306 1826 400 1874; x_wconf 85' lang='lat' dir='ltr'>alia,</span> <span class='ocrx_word' id='word_1_236' title='bbox 425 1838 533 1878; x_wconf 87' lang='lat' dir='ltr'>quae</span> <span class='ocrx_word' id='word_1_237' title='bbox 557 1827 799 1868; x_wconf 82' lang='lat' dir='ltr'>verisimilia</span> <span class='ocrx_word' id='word_1_238' title='bbox 821 1827 916 1875; x_wconf 88' lang='lat' dir='ltr'>sint,</span> <span class='ocrx_word' id='word_1_239' title='bbox 939 1827 1147 1879; x_wconf 82' lang='lat' dir='ltr'>assignari</span> <span class='ocrx_word' id='word_1_240' title='bbox 1169 1830 1395 1879; x_wconf 86' lang='lat' dir='ltr'>nequeant.</span> <span class='ocrx_word' id='word_1_241' title='bbox 1438 1826 1628 1880; x_wconf 88' lang='lat' dir='ltr'>Denique</span> <span class='ocrx_word' id='word_1_242' title='bbox 1661 1825 1705 1869; x_wconf 81' lang='lat'>4.</span> <span class='ocrx_word' id='word_1_243' title='bbox 1740 1825 1782 1866; x_wconf 89' lang='lat' dir='ltr'>id</span> <span class='ocrx_word' id='word_1_244' title='bbox 1808 1829 1925 1878; x_wconf 88' lang='lat' dir='ltr'>patet</span> 
     </span>
     <span class='ocr_line' id='line_1_25' title="bbox 183 1896 1925 1949; baseline 0 -13"><span class='ocrx_word' id='word_1_245' title='bbox 183 1907 234 1936; x_wconf 82' lang='lat' dir='ltr'>ex</span> <span class='ocrx_word' id='word_1_246' title='bbox 270 1896 361 1948; x_wconf 87' lang='lat' dir='ltr'>ipsa</span> <span class='ocrx_word' id='word_1_247' title='bbox 397 1901 594 1937; x_wconf 89' lang='lat' dir='ltr'>notarum</span> <span class='ocrx_word' id='word_1_248' title='bbox 628 1902 794 1940; x_wconf 86' lang='lat' dir='ltr'>natura.</span> <span class='ocrx_word' id='word_1_249' title='bbox 847 1896 1071 1949; x_wconf 87' lang='lat' dir='ltr'>Nequeunt</span> <span class='ocrx_word' id='word_1_250' title='bbox 1104 1897 1216 1937; x_wconf 91' lang='lat' dir='ltr'>enim</span> <span class='ocrx_word' id='word_1_251' title='bbox 1248 1897 1330 1937; x_wconf 89' lang='lat' dir='ltr'>hae</span> <span class='ocrx_word' id='word_1_252' title='bbox 1362 1901 1490 1937; x_wconf 87' lang='lat' dir='ltr'>notae</span> <span class='ocrx_word' id='word_1_253' title='bbox 1523 1897 1753 1938; x_wconf 89' lang='lat' dir='ltr'>convenire</span> <span class='ocrx_word' id='word_1_254' title='bbox 1784 1896 1925 1937; x_wconf 89' lang='lat' dir='ltr'>coetui</span> 
     </span>
     <span class='ocr_line' id='line_1_26' title="bbox 183 1967 1923 2024; baseline 0.001 -18"><span class='ocrx_word' id='word_1_255' title='bbox 183 1967 400 2007; x_wconf 89' lang='lat' dir='ltr'>haeretico</span> <span class='ocrx_word' id='word_1_256' title='bbox 433 1972 474 2007; x_wconf 88' lang='lat' dir='ltr'>et</span> <span class='ocrx_word' id='word_1_257' title='bbox 497 1967 792 2015; x_wconf 69' lang='lat' dir='ltr'>schismatico,</span> <span class='ocrx_word' id='word_1_258' title='bbox 825 1968 923 2008; x_wconf 89' lang='lat' dir='ltr'>huic</span> <span class='ocrx_word' id='word_1_259' title='bbox 945 1968 1058 2008; x_wconf 90' lang='lat' dir='ltr'>enim</span> <span class='ocrx_word' id='word_1_260' title='bbox 1080 1968 1324 2008; x_wconf 86' lang='lat' dir='ltr'>necessario</span> <span class='ocrx_word' id='word_1_261' title='bbox 1349 1967 1469 2008; x_wconf 89' lang='lat' dir='ltr'>deest</span> <span class='ocrx_word' id='word_1_262' title='bbox 1491 1968 1561 2024; x_wconf 84' lang='lat' dir='ltr'>(ex</span> <span class='ocrx_word' id='word_1_263' title='bbox 1584 1967 1724 2024; x_wconf 91' lang='lat' dir='ltr'>dictis)</span> <span class='ocrx_word' id='word_1_264' title='bbox 1749 1971 1923 2020; x_wconf 87' lang='lat' dir='ltr'>aposto-</span> 
     </span>
     <span class='ocr_line' id='line_1_27' title="bbox 183 2036 1923 2090; baseline 0.001 -13"><span class='ocrx_word' id='word_1_265' title='bbox 183 2037 330 2085; x_wconf 84' lang='lat' dir='ltr'>licitas,</span> <span class='ocrx_word' id='word_1_266' title='bbox 363 2037 542 2090; x_wconf 88' lang='lat' dir='ltr'>ideoque</span> <span class='ocrx_word' id='word_1_267' title='bbox 566 2038 706 2078; x_wconf 88' lang='lat' dir='ltr'>unitas</span> <span class='ocrx_word' id='word_1_268' title='bbox 741 2038 891 2078; x_wconf 86' lang='lat' dir='ltr'>saltem</span> <span class='ocrx_word' id='word_1_269' title='bbox 926 2038 1044 2090; x_wconf 84' lang='lat' dir='ltr'>juris,</span> <span class='ocrx_word' id='word_1_270' title='bbox 1077 2049 1186 2090; x_wconf 87' lang='lat' dir='ltr'>quae</span> <span class='ocrx_word' id='word_1_271' title='bbox 1217 2036 1417 2078; x_wconf 86' lang='lat' dir='ltr'>fundatur</span> <span class='ocrx_word' id='word_1_272' title='bbox 1449 2038 1491 2078; x_wconf 92' lang='lat' dir='ltr'>in</span> <span class='ocrx_word' id='word_1_273' title='bbox 1526 2038 1781 2079; x_wconf 82' lang='lat' dir='ltr'>auctoritate</span> <span class='ocrx_word' id='word_1_274' title='bbox 1821 2037 1923 2089; x_wconf 85' lang='lat' dir='ltr'>legi-</span> 
     </span>
     <span class='ocr_line' id='line_1_28' title="bbox 186 2108 1924 2161; baseline 0.001 -13"><span class='ocrx_word' id='word_1_275' title='bbox 186 2108 298 2153; x_wconf 86' lang='lat' dir='ltr'>tima,</span> <span class='ocrx_word' id='word_1_276' title='bbox 324 2121 407 2161; x_wconf 90' lang='lat' dir='ltr'>qua</span> <span class='ocrx_word' id='word_1_277' title='bbox 429 2113 601 2161; x_wconf 86' lang='lat' dir='ltr'>propter</span> <span class='ocrx_word' id='word_1_278' title='bbox 623 2121 744 2149; x_wconf 89' lang='lat' dir='ltr'>suam</span> <span class='ocrx_word' id='word_1_279' title='bbox 768 2108 1050 2149; x_wconf 88' lang='lat' dir='ltr'>defectionem</span> <span class='ocrx_word' id='word_1_280' title='bbox 1072 2113 1240 2156; x_wconf 80' lang='lat' dir='ltr'>carent3</span> <span class='ocrx_word' id='word_1_281' title='bbox 1268 2108 1367 2148; x_wconf 92' lang='lat' dir='ltr'>hinc</span> <span class='ocrx_word' id='word_1_282' title='bbox 1388 2108 1454 2149; x_wconf 81' lang='lat' dir='ltr'>vel</span> <span class='ocrx_word' id='word_1_283' title='bbox 1477 2109 1569 2161; x_wconf 85' lang='lat' dir='ltr'>ipsa</span> <span class='ocrx_word' id='word_1_284' title='bbox 1591 2108 1858 2150; x_wconf 87' lang='lat' dir='ltr'>catholicitas</span> <span class='ocrx_word' id='word_1_285' title='bbox 1880 2108 1924 2149; x_wconf 92' lang='lat' dir='ltr'>in</span> 
     </span>
     <span class='ocr_line' id='line_1_29' title="bbox 186 2177 1923 2232; baseline 0.001 -14"><span class='ocrx_word' id='word_1_286' title='bbox 186 2177 362 2219; x_wconf 84' lang='lat' dir='ltr'>dubium</span> <span class='ocrx_word' id='word_1_287' title='bbox 385 2185 574 2229; x_wconf 84' lang='lat' dir='ltr'>vocatur,</span> <span class='ocrx_word' id='word_1_288' title='bbox 597 2179 652 2220; x_wconf 89' lang='lat' dir='ltr'>ad</span> <span class='ocrx_word' id='word_1_289' title='bbox 674 2192 802 2232; x_wconf 88' lang='lat' dir='ltr'>quam</span> <span class='ocrx_word' id='word_1_290' title='bbox 824 2180 1050 2232; x_wconf 88' lang='lat' dir='ltr'>requiritur</span> <span class='ocrx_word' id='word_1_291' title='bbox 1063 2179 1215 2220; x_wconf 76' lang='lat' dir='ltr'>unitas</span> <span class='ocrx_word' id='word_1_292' title='bbox 1238 2179 1499 2220; x_wconf 87' lang='lat' dir='ltr'>Adversatur</span> <span class='ocrx_word' id='word_1_293' title='bbox 1512 2191 1614 2220; x_wconf 88' lang='lat' dir='ltr'>vero</span> <span class='ocrx_word' id='word_1_294' title='bbox 1631 2178 1923 2232; x_wconf 85' lang='lat' dir='ltr'>providentiae</span> 
     </span>
     <span class='ocr_line' id='line_1_30' title="bbox 182 2249 1922 2303; baseline 0.001 -14"><span class='ocrx_word' id='word_1_295' title='bbox 182 2249 365 2297; x_wconf 89' lang='lat' dir='ltr'>divinae,</span> <span class='ocrx_word' id='word_1_296' title='bbox 387 2255 432 2290; x_wconf 88' lang='lat' dir='ltr'>ut</span> <span class='ocrx_word' id='word_1_297' title='bbox 455 2250 549 2290; x_wconf 89' lang='lat' dir='ltr'>talis</span> <span class='ocrx_word' id='word_1_298' title='bbox 573 2254 719 2291; x_wconf 89' lang='lat' dir='ltr'>coetus</span> <span class='ocrx_word' id='word_1_299' title='bbox 741 2262 844 2291; x_wconf 90' lang='lat' dir='ltr'>vera</span> <span class='ocrx_word' id='word_1_300' title='bbox 867 2250 1021 2303; x_wconf 86' lang='lat' dir='ltr'>fulgeat</span> <span class='ocrx_word' id='word_1_301' title='bbox 1042 2250 1277 2292; x_wconf 86' lang='lat' dir='ltr'>sanctitate.</span> <span class='ocrx_word' id='word_1_302' title='bbox 1301 2249 1437 2301; x_wconf 86' lang='lat' dir='ltr'>Quam</span> <span class='ocrx_word' id='word_1_303' title='bbox 1462 2249 1516 2291; x_wconf 94' lang='lat' dir='ltr'>ob</span> <span class='ocrx_word' id='word_1_304' title='bbox 1539 2261 1629 2291; x_wconf 90' lang='lat' dir='ltr'>rem</span> <span class='ocrx_word' id='word_1_305' title='bbox 1652 2254 1792 2300; x_wconf 90' lang='lat' dir='ltr'>notae,</span> <span class='ocrx_word' id='word_1_306' title='bbox 1816 2261 1922 2302; x_wconf 86' lang='lat' dir='ltr'>quas</span> 
     </span>
     <span class='ocr_line' id='line_1_31' title="bbox 180 2319 1566 2374; baseline 0.003 -15"><span class='ocrx_word' id='word_1_307' title='bbox 180 2319 466 2369; x_wconf 86' lang='lat' dir='ltr'>defendimus,</span> <span class='ocrx_word' id='word_1_308' title='bbox 489 2321 543 2361; x_wconf 89' lang='lat' dir='ltr'>ad</span> <span class='ocrx_word' id='word_1_309' title='bbox 566 2333 710 2362; x_wconf 88' lang='lat' dir='ltr'>veram</span> <span class='ocrx_word' id='word_1_310' title='bbox 734 2321 967 2363; x_wconf 89' lang='lat' dir='ltr'>Ecclesiam</span> <span class='ocrx_word' id='word_1_311' title='bbox 989 2320 1322 2374; x_wconf 84' lang='lat' dir='ltr'>dignoscendam</span> <span class='ocrx_word' id='word_1_312' title='bbox 1343 2319 1566 2364; x_wconf 85' lang='lat' dir='ltr'>sufficiunt.</span> 
     </span>
    </p>
   </div>
   <div class='ocr_carea' id='block_1_4' title="bbox 181 2415 2109 2537">
    <p class='ocr_par' dir='ltr' id='par_1_6' title="bbox 181 2415 2109 2537">
     <span class='ocr_line' id='line_1_32' title="bbox 301 2415 2059 2475; baseline 0.002 -14"><span class='ocrx_word' id='word_1_313' title='bbox 301 2418 396 2458; x_wconf 74' lang='lat'><strong>321·</strong></span> <span class='ocrx_word' id='word_1_314' title='bbox 420 2415 585 2458; x_wconf 66' lang='lat' dir='ltr'>Tllesis</span> <span class='ocrx_word' id='word_1_315' title='bbox 609 2416 780 2459; x_wconf 58' lang='lat' dir='ltr'>XLIV·</span> <span class='ocrx_word' id='word_1_316' title='bbox 841 2431 1110 2464; x_wconf 65' lang='lat' dir='ltr'>Recensitae</span> <span class='ocrx_word' id='word_1_317' title='bbox 1146 2433 1280 2464; x_wconf 75' lang='lat' dir='ltr'>notae</span> <span class='ocrx_word' id='word_1_318' title='bbox 1319 2431 1392 2464; x_wconf 70' lang='lat' dir='ltr'><em>illi</em></span> <span class='ocrx_word' id='word_1_319' title='bbox 1428 2431 1517 2465; x_wconf 76' lang='lat' dir='ltr'>soli</span> <span class='ocrx_word' id='word_1_320' title='bbox 1554 2432 1702 2465; x_wconf 78' lang='lat' dir='ltr'>coetui</span> <span class='ocrx_word' id='word_1_321' title='bbox 1743 2439 1838 2464; x_wconf 83' lang='lat' dir='ltr'>com</span> <span class='ocrx_word' id='word_1_322' title='bbox 1877 2439 1922 2464; x_wconf 84' lang='lat' dir='ltr'>e·</span> <span class='ocrx_word' id='word_1_323' title='bbox 1983 2437 2059 2475; x_wconf 57' lang='lat' dir='ltr'>we,</span> 
     </span>
     <span class='ocr_line' id='line_1_33' title="bbox 181 2466 2109 2537; baseline 0.002 -17"><span class='ocrx_word' id='word_1_324' title='bbox 181 2490 303 2529; x_wconf 78' lang='lat' dir='ltr'>tunt,</span> <span class='ocrx_word' id='word_1_325' title='bbox 329 2490 408 2530; x_wconf 72' lang='lat' dir='ltr'>que·</span> <span class='ocrx_word' id='word_1_326' title='bbox 436 2491 757 2523; x_wconf 71' lang='lat' dir='ltr'>communione</span> <span class='ocrx_word' id='word_1_327' title='bbox 784 2499 889 2524; x_wconf 78' lang='lat' dir='ltr'>cum</span> <span class='ocrx_word' id='word_1_328' title='bbox 916 2499 1112 2524; x_wconf 72' lang='lat' dir='ltr'>romano</span> <span class='ocrx_word' id='word_1_329' title='bbox 1134 2490 1352 2532; x_wconf 68' lang='lat' dir='ltr'>pontifice</span> <span class='ocrx_word' id='word_1_330' title='bbox 1378 2466 1615 2525; x_wconf 41' lang='lat' dir='ltr'>sociat&amp;</span> <span class='ocrx_word' id='word_1_331' title='bbox 1632 2471 1824 2532; x_wconf 53' lang='lat' dir='ltr'>m&amp;</span> <span class='ocrx_word' id='word_1_332' title='bbox 1843 2466 1975 2524; x_wconf 41' lang='lat' dir='ltr'><em>alvo&amp;</em></span> <span class='ocrx_word' id='word_1_333' title='bbox 2018 2466 2109 2537; x_wconf 47' lang='grc' dir='ltr'>μιν</span> 
     </span>
    </p>
   </div>
   <div class='ocr_carea' id='block_1_5' title="bbox 180 2529 2007 2671">
    <p class='ocr_par' dir='ltr' id='par_1_7' title="bbox 180 2529 2007 2671">
     <span class='ocr_line' id='line_1_34' title="bbox 180 2529 2007 2669; baseline 0.002 -88"><span class='ocrx_word' id='word_1_334' title='bbox 180 2547 307 2582; x_wconf 79' lang='lat' dir='ltr'>solus</span> <span class='ocrx_word' id='word_1_335' title='bbox 337 2557 444 2581; x_wconf 70' lang='lat' dir='ltr'>vera</span> <span class='ocrx_word' id='word_1_336' title='bbox 471 2549 639 2582; x_wconf 70' lang='lat' dir='ltr'>Christi</span> <span class='ocrx_word' id='word_1_337' title='bbox 665 2550 868 2583; x_wconf 65' lang='lat' dir='ltr'>Ecclesia</span> <span class='ocrx_word' id='word_1_338' title='bbox 893 2551 1070 2584; x_wconf 76' lang='lat' dir='ltr'>censeri</span> <span class='ocrx_word' id='word_1_339' title='bbox 1095 2551 1237 2585; x_wconf 78' lang='lat' dir='ltr'>debet.</span> <span class='ocrx_word' id='word_1_340' title='bbox 1814 2529 2007 2669; x_wconf 40' lang='lat' dir='ltr'><em>W</em></span> 
     </span>
     <span class='ocr_line' id='line_1_35' title="bbox 307 2605 1923 2671; baseline 0 -13"><span class='ocrx_word' id='word_1_341' title='bbox 307 2616 596 2661; x_wconf 69' lang='lat' dir='ltr'>Declaratio.</span> <span class='ocrx_word' id='word_1_342' title='bbox 638 2620 770 2658; x_wconf 85' lang='lat' dir='ltr'>Thesis</span> <span class='ocrx_word' id='word_1_343' title='bbox 792 2621 890 2658; x_wconf 88' lang='lat' dir='ltr'>duas</span> <span class='ocrx_word' id='word_1_344' title='bbox 912 2621 1184 2671; x_wconf 78' lang='lat' dir='ltr'>complectitur</span> <span class='ocrx_word' id='word_1_345' title='bbox 1196 2623 1346 2670; x_wconf 86' lang='lat' dir='ltr'>partes:</span> <span class='ocrx_word' id='word_1_346' title='bbox 1371 2605 1630 2658; x_wconf 68' lang='lat' dir='ltr'>affirmantem</span> <span class='ocrx_word' id='word_1_347' title='bbox 1646 2620 1822 2665; x_wconf 84' lang='lat' dir='ltr'>alteram,</span> <span class='ocrx_word' id='word_1_348' title='bbox 1873 2633 1923 2658; x_wconf 87' lang='lat' dir='ltr'>ua</span> 
     </span>
    </p>
   </div>
   <div class='ocr_carea' id='block_1_6' title="bbox 188 2677 1921 2847">
    <p class='ocr_par' dir='ltr' id='par_1_8' title="bbox 188 2677 1921 2847">
     <span class='ocr_line' id='line_1_36' title="bbox 188 2677 1921 2724; baseline 0.001 -10"><span class='ocrx_word' id='word_1_349' title='bbox 188 2677 364 2722; x_wconf 84' lang='lat' dir='ltr'>dicimus,</span> <span class='ocrx_word' id='word_1_350' title='bbox 396 2680 606 2716; x_wconf 69' lang='lat' dir='ltr'>recensitas</span> <span class='ocrx_word' id='word_1_351' title='bbox 627 2683 737 2717; x_wconf 81' lang='lat' dir='ltr'>notas</span> <span class='ocrx_word' id='word_1_352' title='bbox 768 2680 973 2717; x_wconf 80' lang='lat' dir='ltr'>convenire</span> <span class='ocrx_word' id='word_1_353' title='bbox 993 2680 1186 2718; x_wconf 84' lang='lat' dir='ltr'>Ecclesiae</span> <span class='ocrx_word' id='word_1_354' title='bbox 1215 2679 1628 2724; x_wconf 79' lang='lat' dir='ltr'>romano—catholicae;</span> <span class='ocrx_word' id='word_1_355' title='bbox 1663 2679 1827 2716; x_wconf 81' lang='lat' dir='ltr'>alteram</span> <span class='ocrx_word' id='word_1_356' title='bbox 1857 2691 1921 2716; x_wconf 82' lang='lat' dir='ltr'>ex—</span> 
     </span>
     <span class='ocr_line' id='line_1_37' title="bbox 189 2737 1921 2787; baseline 0.001 -14"><span class='ocrx_word' id='word_1_357' title='bbox 189 2737 425 2779; x_wconf 85' lang='lat' dir='ltr'>cludentem,</span> <span class='ocrx_word' id='word_1_358' title='bbox 451 2750 527 2785; x_wconf 88' lang='lat' dir='ltr'>qua</span> <span class='ocrx_word' id='word_1_359' title='bbox 549 2738 771 2783; x_wconf 74' lang='lat' dir='ltr'>statuimus,</span> <span class='ocrx_word' id='word_1_360' title='bbox 796 2739 873 2787; x_wconf 70' lang='lat' dir='ltr'>ipsi</span> <span class='ocrx_word' id='word_1_361' title='bbox 895 2739 969 2776; x_wconf 89' lang='lat' dir='ltr'>soli</span> <span class='ocrx_word' id='word_1_362' title='bbox 989 2739 1141 2776; x_wconf 89' lang='lat' dir='ltr'>easdem</span> <span class='ocrx_word' id='word_1_363' title='bbox 1154 2742 1281 2785; x_wconf 80' lang='lat' dir='ltr'>notas,</span> <span class='ocrx_word' id='word_1_364' title='bbox 1303 2739 1406 2776; x_wconf 88' lang='lat' dir='ltr'>nulli</span> <span class='ocrx_word' id='word_1_365' title='bbox 1419 2750 1509 2776; x_wconf 86' lang='lat' dir='ltr'>vero</span> <span class='ocrx_word' id='word_1_366' title='bbox 1524 2738 1638 2775; x_wconf 85' lang='lat' dir='ltr'>alteri</span> <span class='ocrx_word' id='word_1_367' title='bbox 1652 2738 1792 2783; x_wconf 84' lang='lat' dir='ltr'>coetui,</span> <span class='ocrx_word' id='word_1_368' title='bbox 1814 2737 1921 2775; x_wconf 88' lang='lat' dir='ltr'>ideo-</span> 
     </span>
     <span class='ocr_line' id='line_1_38' title="bbox 188 2796 1921 2847; baseline 0.001 -15"><span class='ocrx_word' id='word_1_369' title='bbox 188 2807 267 2844; x_wconf 85' lang='lat' dir='ltr'>que</span> <span class='ocrx_word' id='word_1_370' title='bbox 289 2808 359 2833; x_wconf 90' lang='lat' dir='ltr'>nec</span> <span class='ocrx_word' id='word_1_371' title='bbox 390 2797 621 2842; x_wconf 77' lang='lat' dir='ltr'>lutheranis,</span> <span class='ocrx_word' id='word_1_372' title='bbox 655 2810 726 2835; x_wconf 89' lang='lat' dir='ltr'>nec</span> <span class='ocrx_word' id='word_1_373' title='bbox 760 2798 985 2847; x_wconf 84' lang='lat' dir='ltr'>anglicanis,</span> <span class='ocrx_word' id='word_1_374' title='bbox 1020 2810 1091 2835; x_wconf 89' lang='lat' dir='ltr'>nec</span> <span class='ocrx_word' id='word_1_375' title='bbox 1124 2798 1271 2847; x_wconf 85' lang='lat' dir='ltr'>graecis</span> <span class='ocrx_word' id='word_1_376' title='bbox 1305 2796 1565 2835; x_wconf 78' lang='lat' dir='ltr'>schismaticis</span> <span class='ocrx_word' id='word_1_377' title='bbox 1598 2799 1669 2834; x_wconf 78' lang='lat' dir='ltr'>etc.</span> <span class='ocrx_word' id='word_1_378' title='bbox 1704 2796 1921 2834; x_wconf 85' lang='lat' dir='ltr'>convenire.</span> 
     </span>
    </p>
   </div>
   <div class='ocr_carea' id='block_1_7' title="bbox 180 2938 1921 3144">
    <p class='ocr_par' dir='ltr' id='par_1_9' title="bbox 180 2938 1921 3144">
     <span class='ocr_line' id='line_1_39' title="bbox 327 2938 1919 2985; baseline 0 -13"><span class='ocrx_word' id='word_1_379' title='bbox 327 2942 351 2979; x_wconf 82' lang='lat'>¹)</span> <span class='ocrx_word' id='word_1_380' title='bbox 371 2938 425 2972; x_wconf 87' lang='lat' dir='ltr'>Cf.</span> <span class='ocrx_word' id='word_1_381' title='bbox 444 2938 488 2973; x_wconf 91' lang='lat' dir='ltr'>de</span> <span class='ocrx_word' id='word_1_382' title='bbox 506 2939 710 2983; x_wconf 77' lang='lat' dir='ltr'>praescript</span> <span class='ocrx_word' id='word_1_383' title='bbox 730 2951 765 2973; x_wconf 85' lang='lat' dir='ltr'>n.</span> <span class='ocrx_word' id='word_1_384' title='bbox 785 2943 839 2974; x_wconf 74' lang='lat'>⁶20.</span> <span class='ocrx_word' id='word_1_385' title='bbox 859 2952 905 2979; x_wconf 84' lang='lat' dir='ltr'>s.;</span> <span class='ocrx_word' id='word_1_386' title='bbox 926 2944 969 2974; x_wconf 77' lang='lat'>41</span> <span class='ocrx_word' id='word_1_387' title='bbox 989 2952 1055 2979; x_wconf 86' lang='lat' dir='ltr'>ss.;</span> <span class='ocrx_word' id='word_1_388' title='bbox 1088 2940 1117 2975; x_wconf 91' lang='lat' dir='ltr'><strong>O</strong></span> <span class='ocrx_word' id='word_1_389' title='bbox 1130 2942 1320 2985; x_wconf 68' lang='lat' dir='ltr'>ptatum</span> <span class='ocrx_word' id='word_1_390' title='bbox 1341 2940 1385 2973; x_wconf 88' lang='lat' dir='ltr'>de</span> <span class='ocrx_word' id='word_1_391' title='bbox 1403 2939 1550 2973; x_wconf 84' lang='lat' dir='ltr'>schism.</span> <span class='ocrx_word' id='word_1_392' title='bbox 1569 2939 1839 2973; x_wconf 72' lang='lat' dir='ltr'>donatistarum</span> <span class='ocrx_word' id='word_1_393' title='bbox 1857 2938 1882 2972; x_wconf 94' lang='lat' dir='ltr'>l.</span> <span class='ocrx_word' id='word_1_394' title='bbox 1902 2942 1919 2972; x_wconf 93' lang='lat'>1</span> 
     </span>
     <span class='ocr_line' id='line_1_40' title="bbox 183 2991 1921 3037; baseline -0.001 -12"><span class='ocrx_word' id='word_1_395' title='bbox 183 3004 218 3025; x_wconf 86' lang='lat' dir='ltr'>n.</span> <span class='ocrx_word' id='word_1_396' title='bbox 238 2994 295 3026; x_wconf 78' lang='lat'>26.</span> <span class='ocrx_word' id='word_1_397' title='bbox 314 3002 436 3036; x_wconf 83' lang='lat' dir='ltr'>opusc.</span> <span class='ocrx_word' id='word_1_398' title='bbox 456 2993 483 3026; x_wconf 77' lang='lat' dir='ltr'>t.</span> <span class='ocrx_word' id='word_1_399' title='bbox 502 2992 552 3029; x_wconf 82' lang='lat' dir='ltr'>X:</span> <span class='ocrx_word' id='word_1_400' title='bbox 581 2993 613 3025; x_wconf 78' lang='lat' dir='ltr'><strong>A</strong></span> <span class='ocrx_word' id='word_1_401' title='bbox 626 2992 829 3037; x_wconf 86' lang='lat' dir='ltr'>ugustin</span> <span class='ocrx_word' id='word_1_402' title='bbox 843 3004 913 3026; x_wconf 87' lang='lat' dir='ltr'>um</span> <span class='ocrx_word' id='word_1_403' title='bbox 940 2993 981 3026; x_wconf 89' lang='lat' dir='ltr'>in</span> <span class='ocrx_word' id='word_1_404' title='bbox 1008 2993 1032 3026; x_wconf 91' lang='lat' dir='ltr'>l.</span> <span class='ocrx_word' id='word_1_405' title='bbox 1060 2993 1104 3027; x_wconf 87' lang='lat' dir='ltr'>de</span> <span class='ocrx_word' id='word_1_406' title='bbox 1131 2993 1276 3027; x_wconf 78' lang='lat' dir='ltr'>unitate</span> <span class='ocrx_word' id='word_1_407' title='bbox 1294 2991 1486 3031; x_wconf 82' lang='lat' dir='ltr'>Ecclesiae,</span> <span class='ocrx_word' id='word_1_408' title='bbox 1514 3002 1638 3037; x_wconf 80' lang='lat' dir='ltr'>opusc.</span> <span class='ocrx_word' id='word_1_409' title='bbox 1664 2993 1691 3026; x_wconf 73' lang='lat' dir='ltr'>t.</span> <span class='ocrx_word' id='word_1_410' title='bbox 1710 2991 1847 3026; x_wconf 84' lang='lat' dir='ltr'>XXVII</span> <span class='ocrx_word' id='word_1_411' title='bbox 1864 2992 1921 3032; x_wconf 86' lang='lat' dir='ltr'>(de</span> 
     </span>
     <span class='ocr_line' id='line_1_41' title="bbox 184 3044 1920 3091; baseline 0 -13"><span class='ocrx_word' id='word_1_412' title='bbox 184 3045 291 3090; x_wconf 79' lang='lat' dir='ltr'>cujus</span> <span class='ocrx_word' id='word_1_413' title='bbox 310 3044 476 3078; x_wconf 76' lang='lat' dir='ltr'>doctrina</span> <span class='ocrx_word' id='word_1_414' title='bbox 495 3044 588 3079; x_wconf 82' lang='lat' dir='ltr'>bene</span> <span class='ocrx_word' id='word_1_415' title='bbox 608 3045 774 3089; x_wconf 71' lang='lat' dir='ltr'>disputat</span> <span class='ocrx_word' id='word_1_416' title='bbox 801 3045 857 3089; x_wconf 81' lang='lat' dir='ltr'>Sp</span> <span class='ocrx_word' id='word_1_417' title='bbox 870 3046 951 3079; x_wconf 89' lang='lat' dir='ltr'>ech</span> <span class='ocrx_word' id='word_1_418' title='bbox 964 3047 980 3079; x_wconf 75' lang='lat' dir='ltr'>t</span> <span class='ocrx_word' id='word_1_419' title='bbox 997 3050 1014 3087; x_wconf 64' lang='grc' dir='ltr'><strong>ἓ</strong></span> <span class='ocrx_word' id='word_1_420' title='bbox 1034 3048 1079 3081; x_wconf 80' lang='grc'>26</span> <span class='ocrx_word' id='word_1_421' title='bbox 1099 3047 1177 3091; x_wconf 83' lang='lat' dir='ltr'>ss.);</span> <span class='ocrx_word' id='word_1_422' title='bbox 1203 3045 1464 3080; x_wconf 87' lang='lat' dir='ltr'>Pacianum</span> <span class='ocrx_word' id='word_1_423' title='bbox 1494 3055 1550 3089; x_wconf 91' lang='lat' dir='ltr'>ep.</span> <span class='ocrx_word' id='word_1_424' title='bbox 1569 3048 1591 3080; x_wconf 89' lang='lat'><strong>3</strong></span> <span class='ocrx_word' id='word_1_425' title='bbox 1617 3045 1664 3078; x_wconf 87' lang='lat' dir='ltr'>ad</span> <span class='ocrx_word' id='word_1_426' title='bbox 1683 3044 1920 3089; x_wconf 80' lang='lat' dir='ltr'>Sympronia-</span> 
     </span>
     <span class='ocr_line' id='line_1_42' title="bbox 180 3098 1660 3144; baseline 0 -12"><span class='ocrx_word' id='word_1_427' title='bbox 180 3111 270 3133; x_wconf 86' lang='lat' dir='ltr'>num</span> <span class='ocrx_word' id='word_1_428' title='bbox 288 3112 324 3133; x_wconf 89' lang='lat' dir='ltr'>n.</span> <span class='ocrx_word' id='word_1_429' title='bbox 345 3102 401 3133; x_wconf 81' lang='lat'>21.</span> <span class='ocrx_word' id='word_1_430' title='bbox 421 3101 465 3134; x_wconf 77' lang='lat'>26</span> <span class='ocrx_word' id='word_1_431' title='bbox 485 3109 511 3133; x_wconf 91' lang='lat' dir='ltr'>s.</span> <span class='ocrx_word' id='word_1_432' title='bbox 530 3108 651 3143; x_wconf 85' lang='lat' dir='ltr'>opusc.</span> <span class='ocrx_word' id='word_1_433' title='bbox 670 3102 697 3133; x_wconf 77' lang='lat' dir='ltr'>t.</span> <span class='ocrx_word' id='word_1_434' title='bbox 716 3098 896 3135; x_wconf 82' lang='lat' dir='ltr'>XXXVII.</span> <span class='ocrx_word' id='word_1_435' title='bbox 933 3099 986 3133; x_wconf 80' lang='lat' dir='ltr'>cf.</span> <span class='ocrx_word' id='word_1_436' title='bbox 1005 3099 1565 3144; x_wconf 80' lang='lat' dir='ltr'>Scheeben-Atzbe1·ger</span> <span class='ocrx_word' id='word_1_437' title='bbox 1586 3098 1660 3133; x_wconf 84' lang='lat' dir='ltr'>VII.</span> 
     </span>
    </p>
   </div>
  </div>
 </body>
</html>
