2175 3382
879 92 1151 126 resurrectionis
1172 92 1319 127 Christi.
1911 102 1932 142 7
1942 100 1962 141 1

235 212 298 253 vel
319 211 536 264 apostolos
558 209 601 249 in
624 220 675 249 ea
698 209 909 250 credenda
933 210 1061 250 tuisse
1084 209 1237 254 illusos,
1262 210 1304 251 Si
1332 223 1432 252 vero
1457 213 1508 253 de
1532 213 1612 253 hac
1636 218 1814 264 constat,
1837 227 1963 256 nemo

231 281 344 322 illam
380 282 613 322 maximum
636 282 887 322 miraculum
911 293 1004 322 esse
1027 282 1216 334 negabit:
1248 295 1299 324 ea
1322 296 1422 325 vero
1446 297 1541 325 cum
1564 286 1775 337 religionis
1798 288 1963 329 christi-

232 365 341 394 anae
356 352 534 394 veritate
557 351 664 393 adeo
689 363 885 393 connexa
908 356 982 401 est,
1005 357 1051 393 ut
1064 352 1220 394 Paulus
1242 355 1426 406 potuerit
1449 355 1608 396 dicere:
1632 358 1677 398 Se·
1699 357 1963 398 autemChrz‘-

230 430 316 464 stus
347 436 426 463 non
461 423 700 475 resurrexit,
735 423 874 464 blattis
895 427 952 463 est
983 436 1077 477 erqo
1094 424 1357 477 praedicatio
1381 430 1537 473 nostra,
1569 429 1707 467 incutis
1729 431 1784 468 est
1807 433 1842 468 et
1861 428 1962 481 fides

230 499 365 535 vestra
389 494 430 550 (1
455 493 548 535 Cor.
575 496 640 541 15,
669 494 748 548 14).
793 493 925 534 Porro
951 492 1104 534 Christi
1135 496 1389 535 resurrectio
1423 500 1567 547 utpote
1600 496 1754 537 factum
1787 498 1961 539 testibus

231 569 294 606 est
316 564 646 617 comprobanda.

349 635 391 679 1.
414 634 626 676 Probatur
655 635 898 675 testimonio
941 635 1331 687 apostolorum.
1385 635 1506 686 Quod
1539 648 1590 677 ne
1623 638 1689 677 cui
1721 642 1961 689 suspectum

229 706 432 756 videatur,
455 710 667 754 notamus,
689 706 746 746 illi
769 705 913 746 omnia
935 711 1191 758 competere,
1214 718 1324 759 quae
1346 719 1464 756 sana,
1487 708 1572 748 imo
1588 708 1839 760 rigidissima
1854 710 1960 750 ratio

229 777 375 818 critica
405 789 482 829 pro
515 776 691 829 alicujus
722 776 952 817 testimonii
975 777 1205 817 veracitate
1238 778 1404 828 exigere
1427 779 1569 830 possit.
1614 776 1725 820 Sane
1748 792 1787 822 a..
1811 779 1963 820 adsunt

229 836 358 889 testes
381 859 560 888 numero
583 847 735 899 plures,
758 847 968 895 undecim,
990 847 1075 887 imo
1097 847 1189 899 plus
1205 860 1331 900 quam
1348 849 1572 900 quingenti.
1595 850 1666 901 qui
1680 862 1765 890 non
1780 849 1963 891 referunt

229 918 399 967 factum,
422 918 536 971 quod
558 922 658 959 ante
680 917 885 970 plurimos
908 918 1131 970 contigerit
1155 930 1291 959 annos
1307 919 1546 974 (mythum),
1569 920 1643 960 sed
1659 920 1770 972 quod
1786 921 1963 972 propriis

229 989 362 1030 oculis
392 988 589 1030 viderunt
611 989 653 1044 (1
678 987 771 1029 Cor.
800 990 864 1037 15,
889 989 955 1043 6);
989 989 1059 1040 qui
1080 990 1128 1031 b.
1153 988 1207 1028 ad
1239 992 1401 1029 tantam
1434 989 1755 1041 contingendam
1778 990 1963 1031 fabulam

228 1072 366 1113 neque
389 1059 475 1112 apti
496 1064 670 1112 propter
699 1059 966 1112 imperitiam,
999 1071 1135 1112 neque
1159 1059 1350 1112 dispositi
1373 1064 1544 1112 propter
1567 1061 1696 1101 animi
1719 1061 1961 1109 candorem,

228 1142 366 1183 neque
388 1142 570 1183 capaces
592 1135 712 1171 erant
734 1135 907 1182 propter
928 1133 1040 1170 vitae
1063 1131 1344 1179 sanctitatem,
1369 1143 1477 1184 quae
1500 1134 1541 1171 in
1565 1143 1712 1172 eorum
1735 1132 1899 1184 scriptis
1922 1137 1963 1171 et

228 1201 355 1253 gestis
376 1201 532 1254 ubique
565 1213 610 1242 se
632 1200 792 1253 prodit;
825 1201 982 1241 nedum
1007 1214 1048 1244 c.
1072 1213 1197 1253 pares
1220 1201 1274 1242 ad
1297 1212 1393 1242 eam
1415 1205 1536 1242 tanta
1559 1202 1815 1243 confidentia
1838 1206 1963 1254 atque

229 1273 468 1313 constantia
502 1271 658 1324 ubique
681 1271 993 1323 divulgandam,
1024 1284 1121 1312 cum
1144 1277 1270 1313 antea
1293 1272 1401 1313 adeo
1425 1277 1567 1313 essent
1588 1272 1888 1324 pusillanimes,
1919 1277 1964 1313 ut

229 1348 354 1396 capto
377 1342 544 1384 Christo
568 1342 718 1395 dilapsi
740 1343 835 1391 sint,
859 1354 994 1395 eoque
1018 1347 1185 1383 mortuo
1209 1355 1255 1383 se
1278 1343 1605 1384 occultaverint:
1628 1355 1736 1396 quae
1759 1343 1851 1383 sola
1873 1343 1964 1384 ani-

228 1426 396 1454 morum
419 1425 569 1454 eorum
592 1414 770 1454 mutatio
794 1412 893 1454 facti
907 1414 1129 1454 veritatem
1153 1413 1327 1466 probat:
1349 1426 1486 1467 neque
1510 1414 1621 1454 enim
1645 1413 1827 1454 cadaver
1849 1426 1963 1454 mor-

204 1518 207 1519 .
227 1489 346 1525 tuum
368 1483 478 1524 furto
502 1485 630 1525 etiam
654 1483 868 1525 sublatum
900 1495 974 1524 eos
1005 1488 1125 1524 tanta
1148 1472 1454 1525 constantia-et
1477 1484 1696 1525 alacritate
1720 1485 1962 1533 animasset,

228 1555 341 1608 quali
363 1566 437 1595 eos
459 1554 643 1607 repletos
665 1559 763 1607 post
784 1553 921 1595 Chrisi
942 1559 1124 1595 mortem
1147 1555 1359 1602 videmus;
1382 1567 1519 1608 neque
1544 1556 1670 1596 etiam
1694 1556 1736 1598 d.
1759 1554 1843 1595 ulla
1864 1566 1961 1607 spes

227 1626 332 1666 lucri
354 1625 588 1677 effulgebat,
612 1625 686 1667 sed
709 1639 922 1666 summum
943 1625 1150 1666 libertatis
1164 1626 1359 1678 vitaeque
1383 1626 1631 1666 imminebat
1653 1626 1897 1678 periculum,
1922 1630 1962 1666 et

228 1709 268 1739 e.
293 1709 462 1737 summa
477 1701 669 1737 erattam
684 1697 857 1749 impiam
880 1696 1073 1737 fraudem
1096 1696 1316 1748 detegendi
1338 1696 1515 1737 facilitas
1535 1697 1577 1752 ²),
1604 1708 1700 1737 cum
1723 1695 1874 1736 Christi
1896 1707 1962 1736 re-

227 1768 535 1808 surrectionem
556 1780 645 1809 non
666 1768 1008 1820 praedicaverint
1029 1768 1073 1808 in
1087 1768 1372 1808 remotissimo
1389 1767 1530 1820 aliquo
1545 1772 1684 1808 terrae
1699 1767 1865 1818 angulo,
1888 1767 1962 1807 sed

224 1838 283 1878 ibi
313 1837 384 1878 ubi
417 1843 510 1879 erat
531 1842 724 1878 mortuus
746 1837 1053 1890 videbaturque
1077 1838 1168 1890 ejus
1190 1838 1442 1890 sepulcrum.
1487 1838 1592 1879 Hinc
1615 1850 1783 1891 quoque
1806 1838 1963 1878 factum

226 1912 291 1949 est
310 1908 358 1957 f„
389 1912 436 1949 ut
466 1908 604 1949 nullus
634 1908 947 1949 haereticorum
979 1921 1167 1961 unquam
1199 1909 1297 1961 quid
1319 1909 1454 1950 simile
1477 1908 1717 1960 confingere
1740 1921 1868 1949 ausus
1890 1909 1962 1948 sit:

225 1978 339 2031 quod
359 1978 617 2028 incredibile,
641 1980 675 2020 si
700 1979 814 2020 fraus
838 1980 1043 2031 apostolis
1067 1991 1118 2020 ex
1141 1981 1351 2021 sententia
1374 1981 1659 2021 successisset.

341 2067 448 2104 Neve
481 2066 696 2115 excipiatur
729 2068 924 2116 apostolos
958 2067 1061 2104 bona
1095 2067 1251 2115 quidem
1292 2067 1367 2104 fide
1403 2067 1469 2105 sed
1506 2067 1686 2116 deceptos
1720 2067 1962 2115 praedicasse

225 2125 368 2162 Christi
381 2126 719 2170 resurrectionem,
743 2127 974 2174 phantasma
988 2137 1057 2174 pro
1074 2126 1228 2163 Christo
1244 2127 1419 2164 redivivo
1434 2127 1678 2163 arbitrantes.
1703 2126 1800 2162 Nam
1815 2136 1853 2165 a.
1869 2138 1958 2174 apo-

223 2184 315 2221 stoli
336 2186 449 2221 erant
470 2184 664 2222 increduli
685 2188 724 2223 et
745 2185 861 2234 proni
881 2185 1014 2234 potius
1036 2188 1082 2222 ut
1096 2185 1294 2222 Christum
1314 2186 1534 2222 redivivum
1556 2185 1744 2222 haberent
1757 2197 1826 2232 pro
1840 2185 1961 2232 phan-

221 2245 398 2289 tasmate,
433 2245 480 2280 ut
510 2244 637 2292 liquet
659 2257 703 2281 ex
725 2244 815 2281 Luc.
842 2250 906 2289 ⁶24,
933 2250 1007 2289 37;
1030 2244 1091 2281 JO.
1118 2250 1183 2290 20,
1211 2251 1275 2289 25,
1309 2246 1347 2281 et
1378 2247 1537 2281 tantum
1567 2246 1655 2292 post
1687 2244 1811 2280 varias
1844 2256 1961 2292 appa-

221 2301 395 2346 ritiones,
418 2304 627 2352 postquam
650 2316 741 2340 eum
763 2303 975 2340 audierunt
996 2303 1118 2352 loqui,
1151 2303 1338 2340 viderunt
1361 2303 1605 2347 manducare,
1638 2302 1869 2351 tetigerunt,
1895 2302 1962 2338 ab·

216 2361 322 2409 jecta
356 2361 426 2398 hac
459 2362 641 2410 opinione
676 2363 760 2411 ejus
805 2362 971 2399 credunt
1011 2362 1337 2400 resurrectionen.
1393 2363 1644 2403 Adversatur,
1667 2359 1711 2401 l).
1747 2361 1961 2398 multitudo

219 2420 385 2457 testium
408 2422 448 2457 et
468 2421 636 2458 varietas
658 2421 968 2469 apparitionum:
1003 2433 1136 2458 omnes
1160 2426 1199 2457 et
1221 2433 1373 2469 semper
1394 2421 1514 2458 fuisse
1536 2421 1794 2457 hallucinatos
1817 2423 1961 2457 temere

220 2478 380 2526 quidem
401 2479 587 2516 affirmari
619 2482 760 2528 potest,
792 2480 949 2528 probari
979 2492 1193 2527 nunquam.
1238 2480 1415 2517 Ceterum
1450 2489 1491 2520 (3.
1516 2479 1698 2516 facillime
1725 2478 1860 2527 judaei
1892 2479 1959 2515 hos

219 2537 448 2575 visionarios
471 2538 519 2575 ad
542 2539 746 2576 silentium
767 2538 1011 2588 redegissent
1025 2542 1181 2576 ostenso
1196 2551 1356 2587 corpore
1371 2538 1413 2575 in
1427 2539 1626 2587 sepulcro:
1650 2550 1776 2585 neque
1800 2535 1844 2577 (l.
1868 2549 1959 2584 apo-

221 2596 314 2633 stoli
335 2596 478 2634 Christi
500 2597 791 2646 praedicassent
821 2597 1115 2634 resurrecti
1129 2610 1264 2635 onem
1296 2600 1434 2646 utpote
1457 2597 1742 2639 incredibilem,
1776 2596 1843 2633 sed
1874 2598 1958 2631 tan-

218 2656 307 2692 tum
328 2656 412 2704 ejus
435 2656 827 2705 apparitionem,
862 2669 960 2704 quae
991 2655 1116 2705 magis
1146 2656 1284 2693 fuisset
1316 2656 1526 2704 probabilis
1548 2659 1587 2693 et
1610 2655 1824 2692 credibilis:
1858 2666 1959 2690 nior-

220 2715 308 2751 tuos
330 2714 436 2751 enim
457 2727 641 2764 apparere
664 2727 743 2752 non
766 2715 859 2752 adeo
887 2720 1091 2763 exsuperat
1125 2727 1278 2752 omnem
1310 2715 1424 2752 fidem
1456 2727 1496 2751 ac
1528 2716 1728 2751 mortuum
1760 2714 1805 2749 ad
1837 2712 1957 2748 vitam

367 2853 391 2896 ¹)
410 2852 565 2897 Egregie
581 2853 652 2886 hoc
670 2853 928 2897 argumentum
948 2853 1086 2886 evolvit
1104 2851 1130 2887 C
1142 2854 1164 2886 h
1177 2865 1194 2886 1·
1204 2865 1227 2897 y
1241 2866 1256 2886 s
1268 2864 1286 2886 o
1301 2854 1374 2886 sto
1387 2864 1423 2886 m
1436 2865 1457 2886 u
1472 2864 1486 2885 s
1504 2853 1600 2885 honi.
1614 2855 1635 2884 4
1655 2853 1692 2884 in
1708 2856 1723 2885 1
1739 2850 1816 2884 Cor.
1829 2862 1862 2883 n.
1876 2853 1897 2882 4
1910 2862 1954 2880 ,κη

219 2905 256 2939 h.
269 2909 288 2939 5
300 2916 335 2941 n.
348 2908 371 2939 3
387 2916 446 2950 ss,
463 2905 527 2939 ubi
544 2905 682 2939 invicte
700 2915 827 2939 omnes
845 2905 1070 2950 hypotheses
1089 2905 1271 2940 excludit:
1301 2906 1397 2949 quod
1416 2906 1491 2938 scil.
1512 2903 1671 2949 apostoli
1690 2903 1823 2937 Christi
1844 2912 1955 2934 resur-

219 2957 419 2992 rectionem
436 2957 612 2992 finxerint
629 2958 687 2992 vel
705 2957 1007 3003 praedicaverint
1025 2960 1089 2992 aut
1109 2970 1153 2992 ex
1171 2959 1343 2995 stultitia,
1372 2960 1435 2991 aut
1454 2968 1495 2991 ex
1515 2956 1664 2990 astutia.
1693 2956 1756 2988 aut
1774 2967 1815 2987 ex
1835 2964 1955 2987 :imore

223 3020 311 3054 erga
328 3021 434 3044 suum
452 3011 684 3055 magistrum,
705 3012 771 3045 aut
789 3021 831 3045 ex
852 3022 944 3045 vana
962 3011 1079 3056 gloria
1095 3015 1160 3047 etc.
1182 3011 1235 3045 Cf.
1255 3011 1363 3045 etiam
1380 3011 1476 3044 hom.
1493 3011 1538 3044 89
1553 3010 1589 3041 in
1602 3007 1733 3041 Matth.
1749 3019 1783 3040 n.
1803 3010 1836 3044 ];
1857 3008 1953 3039 horn.

219 3065 265 3098 90
283 3075 317 3097 n.
339 3066 377 3101 1;
405 3065 450 3097 de
468 3063 673 3098 mutatione
690 3064 832 3098 nomin.
851 3076 885 3097 n.
907 3069 925 3098 5
946 3075 971 3098 S.
1007 3063 1060 3098 Cf.
1081 3064 1109 3097 G
1123 3076 1146 3097 u
1160 3066 1174 3098 t
1188 3064 1348 3098 berlet
1378 3063 1506 3097 Lehrb.
1527 3062 1591 3095 der
1609 3061 1713 3104 Apol.
1737 3059 1776 3092 H.
1799 3071 1822 3093 s.
1844 3061 1864 3092 2
1883 3060 1902 3104 ξ
1922 3061 1952 3093 6.
