2175 3382
204 179 289 218 3322.)
599 171 719 205 Tract.
741 171 800 204 tlt.
819 170 871 205 De
891 171 1061 205 Ecclesia.
1080 170 1206 205 Thesis
1223 170 1384 205 xxxix.
1405 169 1539 205 Christi

206 306 362 347 vitaeque
385 291 577 345 lissarere's
598 304 723 345 super
745 296 911 343 terram,
934 292 1009 330 erit
1031 290 1203 344 ligatum
1226 293 1262 329 et
1287 290 1329 329 in
1352 289 1494 330 coelis:
1521 293 1556 330 et
1577 291 1841 346 quodcunque
1861 289 1939 331 sol-

207 365 309 403 reris
330 376 455 416 super
476 370 642 409 terram,
665 362 742 402 erit
763 361 940 402 solutum
963 365 999 401 et
1023 363 1064 401 ιή
1087 360 1228 410 coelis;
1255 364 1289 404 1.
1309 359 1411 400 Tim.
1439 363 1478 408 3,
1506 365 1568 408 14,
1595 365 1667 405 15:
1691 360 1807 401 Haec
1829 360 1940 416 (mo-

204 433 293 474 nita
325 433 376 474 de
407 433 610 473 ministris
633 431 865 486 Ecclesiae)
897 431 1030 472 scribo
1062 467 1069 474 .
1094 464 1101 471 .
1127 464 1134 471 .
1160 439 1202 471 ut
1233 432 1354 483 scias,
1388 432 1588 486 quomodo
1619 435 1803 485 oporteat
1836 437 1873 472 te
1894 432 1940 472 in

200 504 322 543 domo
344 503 424 544 Dei
447 504 695 550 conversari,
717 517 821 558 quae
843 507 900 543 est
925 502 1108 543 Ecclesia
1130 502 1211 543 Det
1232 503 1326 555 viri,
1361 502 1550 542 columna
1574 505 1611 542 et
1629 501 1936 554 firmamentum

205 575 399 617 veritatis.

323 669 369 712 4.
392 669 505 710 Talis
537 671 701 710 censeri
733 668 860 710 debet
883 668 1068 709 Ecclesia
1100 680 1151 710 ex
1185 669 1277 721 ipsa
1299 680 1377 709 sua
1399 668 1700 709 constitutione
1723 672 1765 709 et
1786 667 1940 716 indole,

201 741 372 793 qualem
388 752 482 782 eam
498 745 744 782 constanter
758 738 959 780 exhibent
970 738 1213 792 Scripturae
1227 740 1455 792 omniaque
1471 739 1732 791 antiquitatis
1745 738 1941 779 christia-

207 823 289 853 nae
311 817 599 854 monumenta.
627 810 755 863 Atqui
777 811 884 851 haec
907 810 1034 851 aliam
1056 822 1144 851 non
1166 816 1402 863 agnoscunt
1422 809 1652 851 Ecclesiam
1677 821 1703 850 a
1725 809 1941 862 prophetis

204 882 468 934 praedictam
501 887 543 923 et
573 894 598 923 a
622 881 788 922 Cbristo
820 882 1055 922 institutam
1087 893 1215 933 quam
1249 879 1468 923 visibilem.
1511 879 1651 931 Quare
1673 879 1846 921 visibilis
1877 883 1942 921 est

205 953 430 996 censenda.
476 951 588 993 Sane
611 952 846 1004 prophetae
869 951 1118 1004 praedicunt
1138 962 1313 1002 regnum
1346 951 1607 992 messianum
1637 951 1729 1003 ipsa
1763 963 1842 992 sua
1863 949 1941 991 dit-

206 1024 370 1064 t'usione
393 1023 682 1075 conspicuum
706 1023 760 1063 ad
783 1022 895 1075 quod
917 1027 1064 1074 gentes
1086 1021 1301 1063 confluent
1314 1021 1421 1069 Js2,
1445 1021 1582 1066 22Dei
1601 1021 1730 1062 Filius
1751 1022 1941 1063 humana

206 1100 361 1135 natura
392 1094 625 1146 conspicua
656 1098 876 1146 assumpta
907 1093 1042 1134 factus
1075 1098 1138 1134 est
1160 1092 1345 1141 visibilis,
1376 1092 1527 1133 visibili
1550 1092 1678 1133 modo
1701 1092 1940 1134 doctrinam

204 1178 326 1206 suam
350 1165 636 1214 annunciavit,
663 1163 814 1205 visibili
836 1164 964 1205 modo
991 1164 1210 1217 apostolos
1233 1169 1360 1217 atque
1382 1163 1610 1216 discipulos
1633 1163 1800 1216 collegit
1820 1163 1940 1204 insti-

202 1237 375 1289 tuitque.
399 1237 543 1289 eisque
558 1236 774 1288 praecepit
788 1240 834 1276 ut
848 1235 998 1277 eadem
1014 1236 1179 1276 ratione
1193 1234 1272 1276 sibi
1286 1247 1336 1276 ex
1352 1234 1549 1275 omnibus
1563 1233 1757 1286 gentibus
1771 1232 1940 1285 collige-

204 1313 297 1348 rent
320 1307 547 1359 discipulos
568 1306 804 1359 visibilique
838 1307 931 1353 ritu,
963 1306 1174 1359 baptismo
1197 1306 1296 1355 scil„
1327 1318 1401 1347 eos
1423 1306 1639 1346 initiarent
1659 1309 1940 1363 μαθητεῦσατε

206 1385 330 1422 πάντα.
352 1383 400 1421 τὰ
422 1380 523 1432 ἔθνη
549 1378 802 1433 βαπτίσαντες
823 1377 976 1426 αὐτοὺς.
1009 1377 1130 1428 Quod
1153 1376 1303 1418 visibili
1326 1377 1491 1418 ratione
1512 1381 1812 1429 praestiterunt
1834 1386 1941 1428 apo-

206 1450 304 1490 stoli
337 1460 571 1502 eorumque
603 1461 894 1497 successores:
926 1449 1024 1489 hinc
1045 1449 1237 1490 videmus
1268 1449 1309 1489 in
1345 1448 1509 1488 actibus
1532 1447 1824 1500 apostolorum
1847 1459 1940 1488 om-

204 1521 413 1574 nibusque
435 1521 721 1561 monumentis
743 1520 955 1561 historicis
977 1520 1235 1561 christianae
1249 1519 1511 1572 antiquitatis
1525 1517 1756 1559 Ecclesiam
1771 1517 1825 1558 ab
1839 1517 1941 1570 ipsis

203 1591 427 1632 cunabulis
458 1603 662 1640 crescere,
694 1591 873 1640 dilatari,
904 1591 1220 1644 persecutiones
1252 1591 1351 1643 pati,
1382 1591 1583 1631 haereses
1614 1589 1821 1630 damnare
1843 1594 1942 1637 etc.;

204 1663 304 1703 hinc
326 1663 476 1715 quavis
498 1668 639 1704 aetate
662 1663 872 1703 innumeri
894 1663 1122 1715 scriptores
1145 1667 1321 1703 narrant
1343 1661 1433 1714 ejus
1454 1661 1688 1702 historiam.

324 1759 366 1801 Γ),
393 1757 626 1799 Ecclesiam
648 1757 854 1798 visibilem
888 1768 981 1798 esse
1012 1768 1181 1809 semper
1211 1755 1395 1803 tradunt,
1429 1755 1494 1796 vel
1518 1755 1675 1808 ubique
1698 1759 1942 1808 supponunt

204 1834 347 1881 patres
368 1829 412 1869 in
434 1831 520 1870 suis
543 1830 720 1882 scriptis.
741 1829 939 1870 Libenter
961 1840 1056 1869 eam
1080 1827 1280 1869 exhibent
1301 1827 1379 1868 sub
1401 1828 1585 1880 imagine
1607 1827 1786 1868 civitatis
1807 1838 1940 1879 supra

202 1905 378 1941 ‘montem
397 1902 555 1954 positae
578 1900 739 1956 (Matth.
765 1904 803 1945 ἵ).
830 1901 910 1956 14).

325 1999 384 2035 Ita
408 1999 738 2048 Augustinus
769 1997 953 2035 refellens
986 1998 1202 2035 donat-istas
1232 2009 1261 2033 c.
1292 1997 1352 2034 lit.
1375 1996 1557 2033 Petiliani
1591 1995 1640 2041 II,
1670 2001 1750 2035 104
1773 2007 1810 2032 n.
1835 2000 1940 2034 239:

207 2058 324 2100 ΣΧοῐι
355 2059 450 2095 estis
480 2057 524 2094 in
554 2058 712 2095 civitate
743 2069 860 2105 super
890 2059 1061 2094 montem
1097 2056 1323 2101 constituta,
1366 2068 1465 2104 quae
1497 2061 1647 2092 certum
1682 2053 1838 2103 signum
1870 2053 1942 2091 hoc

207 2117 334 2159 habet,
359 2117 462 2165 quod
486 2117 671 2154 abscondi
691 2129 770 2153 non
790 2118 931 2164 potest.
973 2116 1075 2153 Nota
1097 2120 1155 2152 est
1178 2128 1270 2165 ergo
1292 2115 1445 2152 cunctis
1467 2114 1673 2164 gentibus:
1696 2126 1786 2162 pars
1808 2114 1940 2150 autem

207 2176 346 2213 Donati
381 2177 515 2226 ignota
546 2179 606 2213 est-
635 2175 818 2224 pluribus
846 2174 1053 2223 gentibus:
1086 2187 1166 2212 non
1187 2181 1246 2212 est
1267 2187 1359 2223 ergo
1380 2174 1502 2222 ipsa-f
1544 2173 1596 2210 Et
1617 2185 1730 2210 serm.
1756 2178 1806 2212 37
1831 2184 1870 2209 n.
1895 2178 1940 2215 23

206 2236 405 2284 explicans
428 2236 539 2272 Prov.
565 2241 630 2280 31,
660 2243 730 2274 10:
768 2235 966 2271 Mulierem
989 2235 1125 2282 fortem
1146 2235 1230 2283 quis
1251 2232 1443 2270 inrenz'et?
1463 2233 1519 2270 ita
1542 2231 1715 2269 disserit:
1745 2231 1940 2275 „Difficile

208 2298 265 2331 est
300 2294 475 2332 invenire
509 2307 604 2339 eam,
646 2294 724 2331 imo
760 2293 918 2330 difficile
953 2296 1013 2330 est
1043 2293 1192 2330 nescire
1224 2305 1319 2330 eam,
1361 2293 1500 2329 Nonne
1529 2291 1613 2340 ipsa
1643 2293 1704 2328 est
1735 2290 1872 2328 civitas
1899 2290 1941 2328 in

206 2357 349 2397 monte,
372 2366 470 2402 quae
493 2353 676 2390 abscondi
698 2365 775 2390 non
797 2354 952 2401 potest?
976 2351 1101 2396 Quare
1124 2365 1216 2401 ergo
1239 2352 1390 2389 dictum
1412 2354 1491 2388 est:
1508 2350 1602 2395 Quis
1625 2350 1830 2388 inveniet?
1851 2362 1940 2387 cnm

208 2412 283 2449 dici
315 2413 513 2449 debuerit:
550 2411 645 2455 Quis
674 2424 754 2449 non
775 2412 978 2448 inveniet?
1015 2411 1089 2449 Sed
1111 2414 1157 2448 tu
1178 2411 1378 2449 civitatem
1402 2410 1444 2447 in
1464 2414 1597 2447 monte
1618 2409 1788 2458 positam
1810 2408 1939 2446 vides:

206 2475 251 2508 ut
284 2478 415 2508 autem
446 2472 489 2508 in
519 2474 652 2508 monte
674 2474 898 2519 poneretur,
931 2471 1092 2507 inventa
1123 2475 1184 2507 est
1206 2482 1305 2518 quae
1330 2470 1510 2519 perierat.
1554 2468 1717 2513 Quando
1740 2468 1941 2505 illustrata

209 2532 281 2573 est,
306 2531 394 2578 quis
416 2543 497 2568 eam
520 2543 598 2567 non
621 2530 729 2567 videt
740 2532 756 2566 ’ζ’
779 2529 935 2578 quando
957 2530 1115 2575 latebat,
1147 2529 1236 2577 quis
1259 2542 1341 2566 eam
1365 2528 1588 2565 inveniret?
1611 2528 1698 2576 Ipsa
1718 2527 1822 2564 enim
1844 2527 1940 2565 civi-

210 2599 269 2626 tas
293 2593 363 2634 est,
387 2594 426 2626 et
447 2602 524 2626 una
545 2590 614 2626 illa
636 2589 730 2633 ovis,
754 2602 871 2637 quum
891 2589 1085 2638 perditam
1108 2588 1303 2637 quaesivit
1324 2591 1468 2637 pastor,
1492 2591 1530 2624 et
1550 2587 1750 2624 inventam
1763 2586 1941 2637 gaudens

210 2648 253 2685 in
275 2648 448 2685 humeris
470 2649 685 2697 reportavit
701 2648 808 2699 (Luc.
830 2655 893 2694 15,
911 2648 964 2696 4).
986 2648 1067 2685 Iste
1087 2650 1222 2696 pastor
1243 2659 1354 2685 mons
1377 2652 1455 2684 est:
1479 2646 1562 2684 ovis
1585 2651 1716 2683 autem
1739 2645 1782 2682 in
1803 2646 1939 2682 hume-

211 2707 264 2744 ris
296 2708 380 2756 ejus
410 2707 547 2744 civitas
578 2707 620 2744 in
650 2711 794 2745 monte.
836 2707 965 2744 Fa-ile
1005 2711 1066 2744 est
1098 2710 1146 2744 ut
1176 2706 1307 2743 videas
1342 2719 1424 2743 eam
1457 2706 1681 2743 collocatam
1714 2704 1756 2741 in
1785 2706 1939 2742 monte:

210 2766 367 2814 quando
398 2778 481 2802 eam
513 2765 721 2811 invenires,
754 2778 841 2803 cum
872 2766 1012 2803 lateret
1042 2766 1082 2802 in
1105 2765 1301 2814 vepribus,
1332 2765 1372 2802 in
1403 2764 1524 2813 spinis
1547 2764 1685 2811 utique
1706 2763 1940 2800 delictorum

209 2827 398 2862 suorum?
422 2824 481 2861 lbi
503 2827 607 2861 enim
629 2825 824 2872 quaesisse
847 2838 1034 2874 magnum
1057 2828 1137 2862 est:
1160 2824 1217 2861 ibi
1239 2824 1437 2861 invenisse
1452 2822 1632 2860 mirabile
1646 2826 1715 2862 est.
1738 2822 1841 2860 Haec
1855 2823 1939 2871 ejus

206 2884 380 2921 difficilis
413 2883 589 2920 inventio
621 2883 926 2929 commendatur,
959 2896 1047 2921 cum
1069 2883 1236 2921 dicitur:
1272 2883 1468 2920 Mulierem
1491 2883 1625 2930 fortem
1647 2884 1730 2931 quis
1751 2881 1940 2919 inveniet?

208 2943 330 2980 nolite
351 2945 491 2992 putare
513 2942 560 2979 de
578 2942 749 2979 Ecclesia
771 2942 856 2983 dici,
881 2955 980 2991 quae
1001 2943 1108 2987 latet,
1133 2942 1199 2980 sed
1221 2942 1269 2979 de
1290 2942 1370 2985 illa,
1394 2954 1493 2989 quae
1515 2941 1562 2978 ab
1584 2953 1662 2978 uno
1684 2941 1846 2978 inventa.
1865 2944 1938 2987 est,

208 3005 253 3039 ut
275 3002 469 3039 neminem
492 3001 631 3038 lateret
655 3030 662 3037 .
687 3030 694 3036 .
718 3030 725 3037 .
758 3001 959 3038 Mulierem
983 3001 1099 3038 istam
1121 3003 1201 3038 tam
1222 3000 1361 3038 fortem
1386 3000 1474 3048 quis
1496 3012 1573 3037 non
1595 3000 1730 3037 videt?
1765 2999 1839 3036 Sed
1855 2999 1939 3047 jam

205 3061 418 3106 inventam,
437 3061 518 3109 jam
544 3060 791 3105 eminentem,
809 3060 891 3108 jam
925 3060 1183 3109 conspicuam,
1197 3060 1277 3109 jam
1305 3059 1524 3109 gloriosam,
1543 3059 1624 3107 jain
1651 3064 1838 3103 ornatam,
1855 3059 1939 3106 jam

2162 2252 2175 2350 §.a-a:
