2175 3382
253 154 306 190 μ’,
601 145 722 179 ’1ἰέιοῒ.
747 144 768 179 l.
791 144 971 188 Apologia
994 143 1098 185 relig.
1119 145 1243 178 christ.
1263 145 1390 179 Thesis
1410 145 1450 178 X.
1471 145 1636 179 Christus

254 269 484 317 quaerunt:
515 264 703 305 Christus
736 277 824 303 cum
859 267 1024 317 venerit,
1058 264 1254 319 numquid
1272 264 1403 318 plura
1425 265 1545 317 siqua
1567 265 1707 318 faciet,
1739 279 1863 320 quam
1886 279 1989 320 quae

252 338 319 376 hir:
341 335 444 388 facit
458 337 477 372 ἶ*
1667 375 1773 402 Ma*

372 406 412 449 4.
436 404 698 445 praedicitur
731 405 820 458 ejus
854 418 1042 445 munus
1065 405 1113 448 Is,
1137 410 1175 449 2.
1199 410 1224 448 2
1247 419 1320 449 SS.:
1354 406 1408 446 Et
1431 407 1507 446 erit
1532 407 1573 446 ιίι
1598 406 1827 447 novissimis
1848 407 1991 447 diebus

248 482 532 531 praeparatus
564 490 677 517 mons
707 476 851 517 domus
874 476 1046 517 Domini
1076 481 1116 517 in
1140 477 1284 517 vertice
1316 478 1528 530 montium,
1560 481 1596 517 et
1628 476 1848 518 elevabitur
1869 490 1992 531 super

254 548 372 587 colles
393 551 428 587 et
448 547 576 600 fluent
600 547 654 587 ad
676 561 767 587 eum
790 560 927 587 omnes
948 555 1097 599 qentes.
1124 547 1176 587 Et
1201 548 1314 588 ibunt
1334 547 1480 601 populi
1495 547 1661 588 multiet
1675 548 1830 588 dicent:
1856 547 1992 589 Venite

255 623 289 658 et
314 617 586 659 aseendamus
617 618 673 658 ad
696 622 870 658 montem
894 617 1067 658 Domini
1090 622 1124 658 et
1147 618 1203 658 acl
1225 618 1389 658 domum
1412 619 1492 659 Dei
1513 618 1661 671 Jacob,
1688 623 1725 659 et
1747 619 1900 661 docebit
1920 631 1994 659 nos

259 690 347 730 rias
368 702 467 729 suas
489 693 525 728 et
548 688 849 729 ambulabimus
875 690 917 728 in
939 689 1092 729 semitis
1115 689 1224 739 ejus:
1247 690 1346 743 quia
1370 689 1418 730 cle
1435 689 1533 730 Sion
1555 689 1677 730 exibit
1698 690 1760 731 lea:
1779 696 1815 731 et
1827 689 1992 730 verbum

263 760 433 800 Domini
456 760 505 800 sle
527 759 769 800 Jerusalem.
812 758 862 799 Et
884 759 937 800 ib.
962 762 1029 808 55,
1051 763 1078 803 4
1105 759 1362 812 praedicitur
1383 759 1560 801 Messias
1582 760 1744 801 futurus
1766 760 1809 801 in
1830 763 1994 803 testem.

255 830 408 871 ducem
431 834 473 870 et
495 834 820 882 praeceptorem
843 830 1049 881 gentihus.
1086 829 1143 872 Cf.
1166 834 1232 879 61,
1260 834 1305 881 1;
1329 830 1447 872 Deut.
1474 834 1538 881 18,
1564 834 1616 875 15
1640 845 1692 874 ss,
1727 831 1996 885 Quapropter

249 901 397 954 judaei
421 901 728 953 exspectabant
750 913 954 954 magnum
972 902 1220 956 prophetam
1241 902 1305 944 Jo.
1328 906 1366 951 6,
1392 905 1457 947 14.

375 973 416 1016 5.
439 971 702 1012 praedicitur
725 972 909 1013 conditio
936 971 1116 1013 Messiae
1138 973 1361 1013 humilis
1385 985 1555 1014 omnem
1579 973 1806 1014 excludens
1820 972 1996 1014 fastum:

261 1042 437 1084 Exsulta
450 1044 551 1084 satis
561 1043 651 1096 filia
668 1042 782 1097 Sion,
794 1043 936 1097 jubila
950 1043 1041 1096 filia
1059 1043 1291 1085 Jerusalem
1300 1062 1316 1095 ς
1339 1058 1423 1086 ecce
1439 1051 1621 1085 resciatis
1634 1045 1762 1086 veniet
1776 1045 1849 1085 tihi
1858 1045 1998 1097 justus

258 1119 294 1155 et
316 1114 524 1155 salrator:
561 1115 644 1169 ipse
662 1127 827 1168 pauper
849 1118 885 1154 et
909 1114 1131 1155 ascendens
1153 1127 1277 1168 super
1301 1115 1463 1156 asinam
1488 1120 1522 1155 et
1543 1128 1663 1166 super
1679 1114 1844 1168 pullum
1863 1113 1997 1168 filium

256 1187 403 1226 «sinae
423 1184 537 1225 Zach
569 1188 607 1232 9,
631 1188 677 1231 9;
710 1184 812 1225 item
834 1183 1015 1225 Messiae
1039 1185 1225 1236 passio
1258 1189 1299 1226 et
1330 1197 1473 1226 mors
1495 1184 1559 1228 ΡΞ.
1584 1188 1661 1232 21;
1691 1184 1817 1226 Zach.
1843 1188 1908 1235 12,
1934 1188 1999 1234 10,

259 1256 511 1308 praesertim
524 1254 573 1296 Is.
591 1258 657 1303 53,
674 1255 787 1308 quod
811 1259 939 1308 caput
961 1267 1054 1296 esse
1077 1256 1337 1297 messianum
1351 1256 1606 1297 vetustiores
1627 1256 1706 1308 ipsi
1723 1256 1869 1308 judaei
1893 1255 1998 1297 fate-

260 1328 434 1368 bantur:
469 1339 597 1380 quam
629 1327 684 1367 ob
717 1339 807 1368 rem
839 1327 891 1368 ad
914 1327 1014 1368 illud
1038 1326 1191 1368 Christi
1213 1328 1405 1381 discipuli
1426 1340 1555 1381 saepe
1578 1333 1619 1370 et
1641 1327 1870 1369 admodum
1895 1338 1998 1368 con-

260 1398 437 1439 fidenter
458 1397 753 1450 provocabant
773 1399 815 1454 1).

378 1470 420 1513 6.
451 1469 715 1510 Praedicitur
754 1470 913 1522 passim
955 1470 1140 1522 gentium
1185 1470 1500 1519 conversio,
1531 1469 1647 1510 urbis
1680 1474 1721 1511 et
1751 1469 1897 1522 templi
1927 1468 2001 1510 de-

260 1539 438 1580 structio
463 1544 505 1580 et
525 1541 700 1593 reJectio
723 1541 878 1594 populi,
901 1541 953 1582 de
976 1541 1128 1594 quibus
1151 1542 1359 1584 vaticiniis
1381 1554 1556 1595 agemus
1578 1542 1686 1583 thesi
1707 1540 1813 1582 XVI.

379 1626 448 1667 41·
473 1625 641 1669 TllssSiS
657 1625 718 1669 X·
751 1639 1113 1682 comparatione
1140 1641 1263 1674 inter
1280 1641 1507 1674 vaticinia
1526 1641 1677 1674 relata
1707 1643 1749 1674 et
1766 1640 1811 1674 J.
1831 1639 2004 1674 Christi

261 1699 403 1732 vitam
442 1700 658 1733 instituta
700 1700 788 1733 rite
826 1699 1007 1740 inferre
1038 1708 1288 1740 possumus
1323 1703 1365 1733 et
1399 1700 1615 1734 debemus
1650 1708 1756 1733 cum
1784 1699 2003 1741 Philippo

260 1757 404 1791 Joan.
429 1758 469 1799 1,
496 1758 582 1791 45.-
610 1759 753 1801 Quem
780 1759 966 1799 scripsit
992 1758 1173 1800 Bonses
1198 1760 1250 1793 in
1276 1759 1372 1801 leqe
1391 1762 1433 1793 et
1445 1760 1714 1802 prophetae,
1739 1760 2005 1793 invenimus

261 1816 427 1850 Jesum
454 1817 631 1851 Filium
659 1818 830 1859 Joseph
857 1826 887 1851 a
915 1818 1162 1852 Nazareth.
1212 1817 1336 1860 Est-90
1362 1817 1404 1851 J.
1434 1818 1644 1852 Christus
1678 1818 1850 1851 censeri
1875 1817 2003 1853 debet

262 1876 462 1910 Messias
487 1886 568 1910 seu
593 1877 773 1919 leuatus
799 1877 1028 1911 divinitus
1048 1878 1324 1918 promissus.

383 1958 764 2002 Demonstratio.
802 1957 866 1998 Ad
889 1957 1158 2010 probandam
1181 1958 1462 1999 assertionem
1485 1957 1637 1999 sufficit
1658 1955 1852 1998 conferre
1873 1968 2004 1998 evan-

265 2029 374 2082 gelia
415 2041 512 2070 cum
548 2029 854 2081 prophetarum
886 2029 1106 2078 vaticiniis,
1148 2033 1188 2069 et
1217 2028 1374 2081 liquido
1407 2029 1639 2082 apparebit,
1680 2040 1730 2069 ea
1764 2028 1807 2069 in
1839 2027 2005 2069 Christo

271 2102 425 2141 mirum
448 2101 491 2141 in
513 2099 687 2141 modum
711 2099 838 2140 fuisse
861 2099 1102 2151 adimpleta.
1146 2097 1258 2140 Sane
1281 2111 1407 2140 nemo
1430 2100 1649 2152 hucusque
1671 2099 1841 2152 negavit

387 2172 426 2215 1.
449 2169 663 2212 Christum
685 2182 779 2211 esse
802 2182 854 2212 ex
877 2184 896 2211 s
910 2169 1310 2220 emineAbrahae,
1324 2170 1444 2212 Isaac
1467 2175 1509 2212 et
1529 2170 1684 2212 Jacob:
1707 2175 1749 2212 et
1769 2183 1845 2224 per
1866 2171 2006 2223 ipsum

265 2243 446 2295 eiusque
476 2242 728 2294 religionem
759 2253 915 2293 magna
944 2239 1153 2282 beneficia
1183 2241 1445 2282 redundasse
1476 2242 1519 2282 in
1549 2242 1746 2283 nationes
1778 2253 1938 2292 omnes,
1971 2242 2006 2282 is
2041 2235 2044 2238 ⁴

267 2317 436 2353 tantum
470 2312 652 2365 negabit,
684 2312 751 2353 cui
773 2312 1006 2364 generatim
1028 2311 1174 2364 religio
1197 2312 1336 2353 omnis
1359 2317 1421 2353 est
1444 2324 1595 2361 exosa3
1626 2324 1765 2366 neque
1788 2312 1905 2362 alius,
1936 2314 2008 2366 qui

270 2384 323 2424 sit
354 2396 405 2425 ex
435 2383 505 2424 illo
538 2383 712 2432 semine,
748 2383 956 2435 assignari
977 2383 1142 2435 poterit,
1175 2394 1227 2424 ex
1249 2395 1332 2436 quo
1355 2387 1418 2424 tot
1439 2383 1678 2433 commoda,
1709 2383 1942 2436 spiritualia
1963 2384 2008 2424 in

270 2455 426 2506 primis,
460 2453 792 2495 redundaverint
822 2454 865 2494 in
898 2454 1098 2495 nationes
1120 2458 1162 2495 et
1182 2466 1391 2507 personas
1412 2454 1610 2506 singulas,
1640 2460 1744 2508 quot
1765 2466 1818 2496 ex
1839 2453 2006 2496 Christo

268 2526 444 2577 eiusque
467 2526 668 2577 religione
691 2525 734 2565 in
755 2525 849 2566 illas
871 2525 1027 2578 ubique
1049 2525 1243 2567 locorum
1265 2525 1398 2567 effusa
1420 2530 1528 2567 sunt.

389 2598 430 2639 2.
456 2595 560 2637 Eum
583 2595 710 2636 fuisse
734 2595 785 2636 de
808 2596 936 2637 domo
960 2600 1002 2637 et
1023 2596 1238 2637 familia
1259 2596 1405 2644 David,
1438 2597 1637 2638 evincunt
1657 2596 1830 2638 tabulae
1851 2608 2008 2649 genea-

271 2666 434 2718 logicae
448 2666 651 2707 Matthaei
674 2671 715 2707 et
733 2666 896 2715 Lucae3
921 2666 1076 2719 probat
1096 2668 1175 2708 iter
1197 2681 1227 2708 s.
1241 2667 1416 2721 Josephi
1439 2668 1480 2708 in
1504 2668 1706 2709 civitatem
1728 2667 1884 2721 David,
1906 2681 2009 2723 quae

420 2796 444 2839 ²)
463 2796 541 2829 Aet.
561 2799 593 2835 8,
612 2799 656 2830 33
675 2808 738 2832 ss:
771 2799 786 2829 1
806 2796 901 2830 Petr.
921 2800 951 2835 2,
972 2799 1011 2829 21
1035 2808 1081 2831 S.:
1109 2795 1241 2831 Matth.
1259 2798 1293 2835 8.
1315 2797 1375 2834 17;
1405 2796 1513 2830 Marc.
1535 2799 1588 2837 15,
1609 2800 1653 2831 28
1671 2796 1753 2830 coll.
1772 2795 1858 2831 Luc.
1876 2799 1931 2838 22,
1952 2797 2008 2831 37.

272 2847 498 2882 Judaeorum
516 2847 730 2882 testimonia
748 2847 979 2893 collegerunt
996 2849 1121 2893 plures
1139 2851 1312 2893 exegetae
1329 2849 1590 2892 protestantes,
1617 2860 1708 2892 quos
1731 2849 1776 2883 cf.
1795 2849 1894 2893 apud
1910 2849 2010 2883 Per-

272 2911 388 2934 rone
405 2902 422 2934 t
451 2903 471 2935 6
491 2901 534 2934 de
551 2902 691 2936 incarn.
711 2913 746 2945 p.
768 2905 784 2935 1
804 2913 831 2935 c.
851 2905 884 2943 3,
908 2912 1011 2946 prop.
1035 2907 1049 2936 1
1071 2903 1109 2936 et
1127 2906 1158 2942 2,
1185 2903 1249 2936 ubi
1268 2902 1440 2942 ostendit,
1457 2902 1608 2936 unicum
1625 2903 1773 2937 tantum
1792 2904 2010 2948 promissum

272 2964 351 2988 esse
368 2954 560 2998 Messiamg
588 2953 717 2998 Raym.
736 2955 937 2989 Martini
954 2955 993 2988 in
1010 2956 1172 3000 pugione
1190 2954 1276 2989 fidei
1292 2967 1326 3000 p.
1347 2959 1367 2989 2
1387 2966 1436 2990 cc.
1457 2958 1489 2990 9.
1511 2958 1563 2989 11.
1584 2958 1638 2989 12.
1674 2955 1724 2990 Cf.
1743 2957 1945 3001 generatim
1964 2956 2010 2991 de

273 3009 343 3041 hoc
362 3009 581 3052 argumento
600 3017 643 3041 ex
662 3008 900 3052 scriptoribus
918 3007 1104 3042 veteribus
1122 3009 1210 3042 Eus
1222 3008 1334 3042 ebiu
1347 3020 1362 3043 s
1380 3009 1475 3043 dem.
1495 3019 1626 3053 evang.
1643 3008 1703 3048 Ill,
1728 3013 1742 3043 1
1765 3020 1812 3048 s.;
1832 3009 1875 3050 V,
1890 3012 1930 3047 3:
1949 3008 2011 3050 VI,

277 3063 331 3094 13.
350 3063 414 3098 25ς
438 3060 536 3098 tI[1;
566 3061 604 3094 et
621 3070 745 3104 praep.
766 3070 896 3105 evang.
915 3061 1068 3105 passim:
1099 3061 1168 3095 Hu
1181 3062 1283 3095 etiu
1298 3073 1313 3095 s
1332 3062 1424 3096 dem.
1445 3072 1498 3096 ev.
1517 3072 1620 3106 prop.
1640 3062 1676 3096 T:
1707 3062 1735 3096 B
1748 3073 1766 3096 a
1780 3063 1834 3096 de
1852 3062 2011 3097 Christo-

272 3112 382 3157 logie,
400 3113 565 3147 Miinster
580 3115 607 3149 t.
627 3116 659 3147 2.
