2175 3382
1110 110 1255 147 satisfit.
1969 100 2054 158 267

316 234 376 270 tas
397 245 515 281 quam
548 232 731 281 plurimis
766 234 969 281 competat.
1011 232 1211 281 Ejusmodi
1246 244 1336 270 vero
1371 232 1556 280 loquendi
1591 233 1741 270 ratione
1775 233 1943 271 Paulum
1977 234 2052 279 uti,

317 292 554 340 notantjam
578 291 982 340 Chrysostomus
1004 291 1106 328 hom.
1132 297 1153 330 2
1178 292 1220 328 in
1248 299 1279 331 1.
1296 291 1377 328 Cor.
1400 293 1440 328 et
1460 292 1605 340 passim
1627 292 1960 342 Augustinus
1983 292 2053 342 qui

317 363 374 399 ep.
405 356 480 390 149
505 363 542 387 n.
567 357 618 391 20
644 350 798 388 scribit:
843 350 1095 399 »Scripturae
1126 362 1210 387 mos
1242 352 1313 396 est,
1345 350 1399 387 ita
1429 350 1538 398 loqui
1569 350 1616 387 de
1647 353 1757 398 parte
1787 354 1984 400 tamquam
2006 351 2056 389 de

316 410 420 454 toto;
458 409 560 447 sicut
594 409 803 447 corinthios
837 408 880 446 in
910 409 1047 458 primis
1077 409 1266 458 epistolae
1298 421 1389 446 suae
1419 409 1597 457 partibus
1628 409 1682 446 ita
1704 408 1886 463 (Paulus)
1908 410 2056 456 laudat,

315 470 516 517 tamquam
539 480 672 506 omnes
694 468 791 505 tales
814 468 903 514 sint,
928 480 1016 505 cum
1039 470 1171 505 essent
1192 468 1410 505 laudabiles
1433 468 1593 516 quidam
1616 481 1771 514 eorum;
1798 472 1838 507 et
1858 472 1993 518 postea
2014 470 2054 507 in

315 527 516 565 nonnullis
547 527 733 576 epistolae
764 527 889 575 ipsius
924 527 1032 572 locis,
1068 527 1123 564 ita
1152 527 1407 575 reprehendit
1439 529 1639 575 tamquam
1673 540 1807 565 omnes
1841 529 2057 578 culpabiles

316 588 458 632 essent,
481 589 643 635 propter
665 586 855 634 quosdam
878 586 947 635 qui
968 587 1066 623 tales
1088 588 1210 624 erant.
1252 585 1372 623 Istam
1404 586 1626 623 divinarum
1650 586 1941 635 Scripturarum
1965 600 2057 626 con-

315 645 566 683 suetudinem
588 657 658 694 per
679 658 792 683 omne
814 657 953 694 corpus
975 645 1182 683 literarum
1212 646 1297 694 ejus
1330 645 1562 682 creberrime
1596 657 1767 693 sparsam
1791 646 1970 694 quisquis
1993 647 2051 684 di-

313 704 484 754 ligenter
514 705 736 750 adverterit,
769 705 896 741 multa
926 704 1117 749 dissolvit,
1151 717 1252 753 quae
1281 704 1387 741 inter
1417 716 1456 741 se
1488 703 1672 742 videntur
1703 717 1785 742 esse
1818 706 2050 743 contraria«

316 763 368 800 Cf.
392 775 450 812 ep.
476 769 527 803 93
552 776 589 800 n.
615 769 689 808 323
713 765 848 800 auctor
870 763 917 801 de
939 775 1020 801 voc.
1043 765 1148 813 gent.
1172 764 1200 808 l,
1229 770 1250 803 9
1274 776 1323 801 ss.
1346 761 1421 816 (op.
1444 763 1513 807 ΙΙΙ,
1541 769 1591 803 29
1618 761 1683 816 ss).
1715 764 1896 801 Ceterum
1917 764 2050 802 fideles

314 822 500 860 dicuntur
521 822 638 859 etiam
660 822 847 868 sancti,
881 823 1060 871 quamvis
1085 836 1106 860 a
1128 823 1243 871 culpa
1263 835 1341 860 non
1364 835 1516 871 semper
1537 822 1742 869 immunes,
1774 825 1861 860 tum
1883 834 1924 863 a.
1949 824 2053 871 quod

314 883 467 919 coetum
489 881 736 919 constituant
765 894 786 918 a
815 881 968 930 reliqua
996 882 1199 919 hominum
1229 882 1347 919 turba
1379 882 1613 931 sejunctum,
1638 882 1715 920 Deo
1737 882 1912 919 dicatum
1934 884 2053 931 atque

313 952 483 986 sacrum;
514 942 601 977 tum
624 939 671 982 b.
695 941 845 978 ratione
868 942 1003 987 status,
1028 941 1097 989 qui
1120 942 1179 978 est
1201 942 1327 978 status
1345 940 1530 989 justitiae
1554 943 1593 977 et
1615 941 1843 986 sanctitatis,
1874 944 1913 979 et
1935 954 2052 990 quem

312 1000 508 1049 baptismo
531 1000 706 1037 inierunt
727 1012 844 1048 seque
868 1002 1083 1038 sectaturos
1106 1013 1187 1038 esse
1209 1000 1377 1050 polliciti
1400 1003 1513 1045 sunt3
1536 1002 1619 1037 tum
1640 1010 1679 1040 C.
1704 1000 1854 1038 ratione
1871 1000 2051 1050 specialis

313 1059 600 1107 conjunctionis
622 1070 711 1096 cum
733 1059 882 1096 Christo
905 1059 1042 1108 capite,
1065 1072 1110 1097 ex
1132 1072 1208 1108 quo
1231 1059 1349 1096 etiam
1372 1060 1411 1096 in
1435 1059 1566 1096 fideles
1590 1061 1809 1108 peccatores
1833 1072 1903 1097 seu
1928 1072 2049 1096 mem-

312 1118 382 1155 bra
403 1120 558 1155 mortua
578 1118 766 1167 quaedam
789 1118 1007 1156 sanctitatis
1039 1132 1134 1156 aura
1163 1118 1368 1156 redundat.
1412 1118 1451 1155 Si
1482 1118 1585 1156 enim
1608 1119 1869 1165 sanctificatur
1899 1119 1960 1156 vir
1990 1120 2050 1155 in—

311 1177 434 1224 fidelis
454 1190 524 1226 per
544 1177 751 1214 mulierem
773 1177 927 1214 fidelem
955 1185 987 1217 1.
1003 1178 1084 1215 Cor.
1103 1185 1138 1224 7,
1161 1184 1230 1217 14:
1255 1180 1402 1227 quanto
1425 1178 1551 1227 magis
1574 1178 1723 1215 virtute
1748 1178 1892 1215 Christi
1915 1178 2054 1227 capitis

314 1236 499 1274 sanctitas
522 1237 711 1285 quaedam
733 1236 965 1274 conciliatur
987 1237 1171 1275 membris
1194 1237 1310 1274 etiam
1334 1250 1410 1274 non
1434 1237 1594 1274 sanctis.

1923 1304 1937 1330 ι

435 1349 530 1383 242.
552 1340 914 1394 Demonstratio
937 1353 978 1394 p.
1003 1340 1069 1383 II.
1101 1343 1252 1380 Paulus
1276 1343 1323 1380 ad
1345 1343 1531 1391 Ephesios
1557 1350 1592 1389 5,
1620 1349 1668 1383 25
1695 1356 1724 1382 S.
1749 1343 1906 1381 scribit:
1942 1344 2052 1381 Cleri-

313 1408 395 1441 εἰπε
417 1404 548 1440 dilexit
571 1402 780 1440 Ecclesiam
802 1407 834 1439 et
855 1403 1020 1451 seipsum
1043 1403 1204 1439 tradidit
1220 1414 1295 1451 pro
1317 1415 1372 1452 ea,
1397 1407 1438 1439 ut
1458 1403 1563 1439 illam
1585 1404 1840 1451 sanctificaret
1862 1403 2080 1440 mundans·

313 1463 465 1500 lavacro
486 1474 607 1511 aquae
628 1463 669 1499 in
690 1462 797 1499 verbo
820 1463 924 1506 vitae,
948 1467 990 1498 ut
1012 1462 1198 1499 exhiberet
1230 1464 1308 1511 ipse
1338 1462 1411 1499 sibi
1431 1463 1637 1511 yloriosam
1661 1463 1865 1499 Ecclesiam
1888 1474 1961 1499 non
1985 1463 2053 1499 Iza-

315 1522 456 1559 bentem
477 1522 668 1559 maculam
691 1526 758 1558 aut
779 1533 916 1571 ruffam
940 1525 1007 1558 scut
1028 1521 1175 1570 aliquid
1203 1522 1433 1570 hujusmodi)
1467 1522 1532 1558 ssd
1562 1526 1603 1558 ut
1635 1523 1685 1558 sit
1706 1526 1839 1558 sancta
1861 1526 1893 1558 et
1914 1523 2052 1558 imma-

314 1581 451 1618 culata.
476 1580 626 1625 Quibus
648 1579 893 1630 significatur
915 1591 955 1620 a.
978 1580 1150 1628 qualis
1174 1581 1344 1618 Ecclesia
1358 1593 1438 1618 esse
1462 1580 1601 1617 debeat
1616 1593 1660 1617 ex
1675 1580 1894 1617 intentione
1909 1580 2054 1617 Christi

314 1642 354 1677 et
376 1640 479 1688 quod
502 1639 680 1677 Christus
703 1641 896 1688 quantum
918 1641 977 1677 est
998 1652 1043 1676 ex
1066 1652 1106 1677 se
1129 1640 1259 1677 omnia
1290 1653 1333 1677 ea
1364 1639 1617 1688 praestiterit,
1650 1652 1748 1688 quae
1779 1639 2052 1688 requiruntur,

314 1700 360 1737 ut
380 1699 472 1736 talis
494 1711 575 1736 esse
607 1698 740 1748 possit.
782 1698 884 1735 Hinc
913 1701 1045 1736 tamen
1074 1697 1121 1739 b.
1154 1711 1233 1736 non
1264 1699 1453 1747 sequitur,
1487 1699 1699 1736 Ecclesiam
1725 1699 1807 1747 jam
1838 1698 1979 1736 modo
2012 1699 2055 1735 in

314 1758 494 1796 omnibus
517 1758 597 1795 suis
619 1758 803 1795 membris
826 1770 908 1795 esse
940 1760 1112 1795 sanctam
1143 1760 1182 1794 et
1212 1758 1511 1803 immaculatam,
1545 1771 1634 1795 cum
1664 1758 1822 1795 aliunde
1854 1758 2057 1795 evidenter

314 1819 478 1862 constet,
502 1830 585 1854 eam
608 1817 797 1866 quamdiu
810 1817 1085 1866 peregrinatur
1100 1817 1142 1854 in
1154 1817 1282 1861 terris,
1298 1817 1438 1854 habere
1452 1819 1608 1866 praeter
1622 1817 1794 1854 membra
1808 1829 1910 1863 sana,
1935 1817 2051 1854 etiam

316 1876 470 1913 infirma
491 1879 530 1913 et
552 1878 717 1923 mortua,
741 1888 908 1924 quorum
931 1888 1023 1913 cura
1053 1876 1126 1924 ipsi
1158 1878 1218 1914 est
1249 1876 1478 1919 concredita,
1512 1878 1559 1913 ut
1588 1876 1732 1913 iterum
1763 1877 1991 1914 convaleant
2013 1879 2054 1913 et

315 1935 618 1973 sanctificentur.
663 1935 850 1984 Sequitur
871 1937 1002 1972 tamen
1024 1945 1061 1975 (3.
1084 1935 1304 1973 Ecclesiam
1326 1935 1569 1972 finaliter
1593 1936 1806 1972 secundum
1830 1936 1959 1973 omnia
1982 1947 2051 1973 sua

314 1995 487 2032 membra
507 1995 625 2032 talem
647 1994 740 2040 fore,
773 1995 929 2043 qualem
961 2007 1044 2031 eam
1068 1994 1244 2032 Christus
1275 1995 1446 2032 intendit
1468 1994 1493 2031 i.
1516 2007 1546 2031 e.
1571 1997 1744 2032 sanctam
1766 1997 1805 2031 et
1826 1995 2052 2032 immacula-

313 2056 406 2091 tam.
451 2053 576 2098 Quare
599 2054 928 2103 Augustinus
952 2054 1120 2091 Retract.
1142 2053 1191 2098 ΙΙ,
1221 2060 1270 2094 IS
1294 2056 1447 2092 monet:
1493 2054 1751 2102 „Ubicunque
1783 2054 1825 2090 in
1853 2054 1911 2091 his
1939 2054 2053 2090 libris

315 2110 380 2165 (de
403 2113 599 2162 baptismo
622 2116 757 2150 contra
779 2110 1008 2165 donatistas)
1032 2114 1329 2150 commemoravi
1351 2113 1558 2150 Ecclesiam
1591 2126 1669 2150 non
1691 2113 1899 2150 habentem
1920 2125 2051 2150 macu-

314 2173 394 2209 lam
414 2174 484 2210 aut
504 2185 653 2222 rugam,
676 2183 756 2209 non
778 2172 833 2210 sic
853 2172 1121 2220 accipiendum
1152 2174 1221 2218 est,
1253 2173 1366 2221 quasi
1383 2173 1467 2221 jam
1489 2173 1550 2217 sit,
1587 2172 1652 2209 sed
1675 2184 1774 2220 quae
1795 2174 2055 2220 praeparatur

313 2233 361 2268 ut
383 2231 445 2275 sit,
468 2231 624 2280 quando
646 2231 849 2280 apparebit·
862 2232 978 2268 etiam
993 2231 1211 2280 gloriosa3<<
1235 2245 1326 2268 nam
1350 2234 1395 2268 ut
1418 2231 1518 2268 idem
1544 2232 1655 2269 notat
1676 2231 1727 2268 ib.
1743 2231 1772 2275 Ι,
1792 2237 1811 2270 7
1829 2244 1866 2267 n.
1885 2237 1905 2271 5
1933 2244 2050 2275 ,cum

313 2292 398 2328 tota
419 2290 533 2336 dicat,
557 2291 747 2339 quamdiu
769 2290 832 2328 hic
853 2292 933 2328 est:
965 2290 1122 2328 Dimitte
1152 2291 1259 2328 nobis
1290 2289 1418 2328 debita
1450 2295 1593 2336 nostra,
1626 2302 1705 2327 non
1727 2290 1864 2337 utique
1896 2290 1958 2328 hic
1993 2293 2051 2327 est

315 2349 397 2386 sine
419 2349 571 2386 macula
592 2351 632 2386 et
664 2362 762 2399 ruga
795 2351 864 2387 aut
885 2349 1035 2398 aliquid
1057 2350 1289 2398 ejusmodi«
1334 2349 1441 2394 Quae
1475 2349 1678 2386 distinctio
1706 2361 1777 2398 pro
1808 2349 1958 2398 duplici
1979 2350 2050 2386 Ec-

314 2408 452 2446 clesiae
474 2410 581 2445 statu
601 2421 718 2457 prae
733 2409 870 2446 senti
893 2410 932 2446 et
953 2408 1132 2446 futuro
1154 2409 1326 2446 multum
1349 2409 1571 2446 inculcatur
1591 2409 1632 2445 in
1654 2408 1830 2457 ejusdem
1853 2408 2052 2446 breviculo

314 2467 534 2505 collationis
555 2479 644 2504 cum
667 2467 873 2505 donatistis
896 2467 1036 2504 tertiae
1060 2467 1135 2504 diei
1157 2480 1194 2504 n.
1221 2474 1256 2507 9.
1285 2475 1333 2508 16
1359 2479 1409 2504 ss.
1432 2470 1471 2505 et
1493 2468 1639 2505 iterum
1661 2467 1704 2504 in
1725 2468 1750 2504 l.
1772 2469 1860 2516 post
1874 2467 2050 2505 collatio-

314 2539 403 2564 nem
425 2539 461 2564 n.
490 2534 538 2566 10
563 2538 625 2573 ss,
648 2527 717 2564 ubi
740 2526 794 2564 sic
816 2525 1034 2564 concludit:
1059 2526 1181 2570 „Ecce
1196 2526 1447 2564 manifestum
1462 2529 1523 2564 est
1536 2527 1639 2575 quod
1655 2527 1855 2564 dicebatur
1875 2540 1897 2564 a
1916 2527 2047 2564 nobis:

314 2585 593 2635 distinguenda
614 2597 698 2622 esse
729 2587 904 2634 tempora
924 2584 1138 2622 Ecclesiae:
1172 2598 1249 2623 non
1280 2597 1363 2622 eam
1393 2598 1498 2623 nunc
1529 2598 1609 2623 esse
1640 2586 1770 2631 talem,
1804 2586 1932 2634 qualis
1962 2588 2050 2634 post

313 2645 640 2683 resurrectionem
662 2644 798 2682 futura
820 2646 897 2689 est;
931 2656 1037 2681 nunc
1068 2645 1191 2681 malos
1223 2645 1364 2682 habere
1395 2645 1622 2694 permixtos,
1656 2647 1752 2682 tunc
1784 2645 1939 2682 omnino
1971 2657 2049 2682 non

314 2703 556 2749 habituram;
579 2704 626 2740 ad
648 2703 759 2741 illam
781 2704 865 2752 ejus
887 2703 1112 2752 puritatem,
1135 2715 1214 2740 non
1236 2704 1284 2741 ad
1305 2704 1426 2753 hujus
1447 2705 1635 2752 temporis
1658 2704 1958 2753 permixtionem
1982 2703 2049 2740 illa

314 2762 447 2800 divina
466 2763 694 2800 testimonia
715 2763 922 2812 pertinere,
947 2762 1091 2810 quibus
1114 2775 1197 2799 eam
1218 2763 1322 2800 Deus
1345 2763 1538 2812 praedixit
1559 2763 1606 2800 ab
1627 2763 1734 2800 omni
1754 2763 1944 2800 malorum
1961 2775 2047 2810 per-

314 2821 502 2860 mixtione
522 2821 679 2871 penitus
701 2822 906 2859 alienam«
950 2821 1130 2859 Ceterum
1152 2819 1196 2862 d.
1218 2822 1296 2868 iam
1328 2822 1440 2860 modo
1463 2822 1634 2859 Ecclesia
1664 2822 1842 2859 militans
1876 2824 1934 2858 est
1966 2823 2050 2857 sine

315 2880 469 2917 macula
490 2882 530 2918 et
550 2894 649 2930 ruga
671 2881 752 2918 scil.
777 2880 992 2918 secundum
1014 2880 1252 2918 elementum
1273 2881 1509 2927 formale,
1533 2894 1621 2918 nam
1644 2881 1837 2918 Ecclesiae
1860 2880 1964 2925 fides,
1989 2892 2049 2916 sa-

316 2941 524 2985 cramenta,
550 2941 752 2988 praecepta
773 2941 845 2977 etc.
869 2942 963 2976 sunt
984 2939 1067 2976 sine
1090 2940 1255 2977 macula.
1298 2940 1381 2985 Quo
1413 2953 1529 2978 sensu
1551 2952 1651 2978 conc.
1675 2941 1964 2977 toletanum
1986 2938 2050 2977 VI.

316 2994 363 3050 (a.
389 2995 490 3051 638)
514 2999 657 3036 statuit
678 2999 719 3035 in
741 2999 998 3047 explicatione
1031 2998 1128 3047 prof.
1150 2998 1214 3036 fid.
1237 3010 1267 3036 c.
1295 3006 1310 3038 1
1329 3013 1335 3036 z
1381 2999 1617 3044 „Ecclesiam
1639 3010 1795 3047 quoque
1818 2997 2049 3035 catholicam

315 3056 508 3094 credimus
530 3056 612 3095 sine
634 3058 785 3095 macula
814 3058 856 3094 in
888 3069 1001 3106 opere
1033 3059 1072 3094 et
1103 3057 1187 3094 sine
1209 3070 1308 3107 ruga
1329 3058 1370 3095 in
1392 3058 1506 3095 fide«
1551 3058 1721 3095 Maeuiae
1745 3059 1783 3094 et
1805 3069 1925 3105 rugae
1958 3068 2049 3093 con—
