2175 3382
782 138 908 172 Forma
929 138 1119 183 regiminis
1139 139 1372 172 ecclesiastici
1380 166 1387 173 .
1862 146 1947 187 383

211 257 290 297 dici
312 257 605 309 apostolorum
629 269 912 305 successores,
945 269 994 297 ac
1026 258 1060 297 si
1089 258 1261 309 singulis
1298 258 1501 309 apostolis
1525 259 1710 312 episcopi
1733 260 1882 312 singuli
1905 261 1947 300 in

209 327 357 368 eadem
383 328 603 379 potestatis
626 327 884 380 plenitudine
906 329 1199 375 successerint,
1223 328 1297 368 sed
1314 333 1522 380 quatenus
1551 330 1626 370 toti
1641 330 1818 382 collegio
1842 343 1947 383 apo-

210 398 357 439 stolico
380 399 613 449 generatim
638 399 841 439 successit
864 399 905 438 in
927 397 1141 438 Ecclesiae
1164 399 1366 449 regimine
1390 399 1614 450 collegium
1638 401 1947 453 episcoporum.

210 467 266 512 Ct‘.
289 467 461 509 Nilles
483 469 526 509 in
548 469 712 512 kalend.
738 469 923 509 manuali
946 480 1157 520 parergon
1182 468 1223 508 ll.

326 553 367 583 e.
392 539 627 580 Fatendum
645 545 790 579 tamen
804 539 913 580 ultro
930 545 1004 580 est.
1021 552 1097 591 pro
1113 540 1278 579 eximiis
1303 540 1455 592 quibus
1479 540 1660 592 apostoli
1685 541 1946 582 excellebant

210 610 536 651 charismatibus
569 610 992 662 extraordinalrioque
1015 609 1228 650 Ecclesiae
1261 610 1411 651 stadio.
1446 611 1652 662 primatus
1685 612 1884 652 exercitio
1907 613 1949 652 in

208 682 322 733 ipsos
345 681 564 733 apostolos
586 680 726 721 locum
759 681 920 721 nullum
943 686 1016 721 aut
1037 682 1105 720 vix
1128 680 1258 721 ullum
1282 681 1374 721 dari
1396 682 1595 733 potuisse.
1639 681 1744 722 Cum
1767 683 1948 734 primum

208 763 308 792 vero
331 751 623 803 apostolorum
645 751 904 792 charismata
927 757 1146 792 cessarent
1173 763 1224 792 ac
1246 752 1384 792 stadio
1420 752 1726 793 charismatum
1758 758 1949 794 extraor-

209 822 371 862 dinanO
395 821 656 862 ordinarium
681 822 939 869 succederet,
962 827 1051 863 tota
1075 827 1210 863 semet
1245 823 1450 874 primatus
1473 823 1536 863 vis
1558 835 1634 875 pro
1657 824 1786 863 variis
1807 836 1948 864 reruni

208 904 571 946 personarumque
594 893 805 945 adjunctis
829 893 1102 934 multifariam
1125 892 1368 946 explicavit:
1392 893 1500 934 adeo
1518 898 1563 934 ut
1586 894 1628 933 in
1643 893 1755 934 Petri
1778 907 1948 935 succes-

209 963 375 1005 soribus
391 964 659 1004 manifestum
675 963 806 1011 fieret,
823 970 982 1017 quanta
997 964 1050 1004 ad
1064 963 1299 1005 Ecclesiam
1314 964 1544 1016 regendam
1560 965 1949 1018 continendamque

213 1034 388 1087 principi
411 1034 703 1086 apostolorum
718 1035 758 1075 in
776 1035 882 1075 alios
897 1039 1091 1086 pastores
1107 1046 1255 1075 omnes
1271 1040 1461 1086 potestas
1477 1034 1633 1075 tributa
1648 1035 1803 1078 fuisset.
1831 1035 1949 1077 Unde

210 1105 290 1145 dici
324 1110 474 1158 potest.
511 1105 729 1157 apostolos
764 1105 933 1158 quidem
961 1105 1086 1146 Petro
1123 1105 1250 1147 fuisse
1285 1106 1599 1156 subordinatos,
1632 1106 1816 1159 reliquos
1849 1119 1948 1148 vero

207 1181 400 1228 pastores
423 1177 559 1217 eidem
584 1188 677 1218 esse
699 1177 913 1229 subjectos
926 1179 968 1231 1).

329 1269 423 1303 366.
466 1259 788 1304 Corollarilllll
810 1261 849 1303 I.
893 1264 1037 1300 Forma
1072 1265 1267 1311 reqimim's
1299 1264 1548 1300 ecclesiastici.
1571 1286 1627 1290 —
1650 1264 1705 1300 Ex
1739 1263 1949 1312 disputatis

209 1324 347 1370 suapte
368 1324 509 1359 natura
531 1323 798 1371 consequitur,
821 1322 997 1372 regimen
1019 1322 1214 1359 Ecclesiae
1236 1334 1363 1370 neque
1387 1335 1466 1360 esse
1483 1322 1798 1367 democraticum,
1821 1335 1949 1371 neque

209 1380 527 1424 aristocraticum,
552 1382 618 1418 sed
641 1381 1021 1421 monarchicum
1037 1378 1082 1433 ⁶2).
1125 1381 1265 1418 Utrum
1287 1386 1418 1418 autem
1443 1382 1496 1418 sit
1517 1394 1617 1430 pure
1641 1381 1949 1421 monarchicum,

208 1452 257 1476 an
278 1439 521 1477 aristocratia
552 1441 614 1477 vel
645 1441 763 1478 etiam
795 1440 1029 1478 democratia
1058 1443 1331 1489 temperatum,
1364 1440 1570 1489 disputant
1602 1441 1775 1490 theologi
1810 1443 1948 1489 estque

208 1498 386 1547 quaestio
409 1499 570 1537 minoris
593 1499 792 1545 momenti,
816 1499 926 1536 modo
950 1512 993 1536 ea
1014 1502 1237 1545 teneantur,
1262 1512 1361 1547 quae
1384 1512 1428 1536 ex
1451 1500 1689 1548 praescripto
1712 1499 1800 1536 fidei
1815 1500 1947 1537 catho-

207 1557 303 1595 licae
324 1561 417 1595 sunt
437 1559 618 1597 tenenda.
663 1559 774 1604 Sunt,
799 1558 867 1606 qui
890 1562 1088 1603 tueantur,
1121 1558 1223 1595 illud
1255 1571 1335 1595 esse
1368 1559 1526 1607 quidem
1557 1558 1858 1603 monarchicum,
1892 1559 1947 1595 ita

208 1621 341 1654 tamen
362 1620 409 1654 ut
429 1630 508 1655 non
531 1621 658 1655 careat
679 1618 727 1654 iis
761 1618 982 1663 commodis,
1016 1618 1160 1665 quibus
1193 1617 1369 1666 regimen
1403 1617 1714 1654 aristocraticum
1746 1619 1786 1654 et
1817 1617 1947 1655 demo-

209 1676 396 1713 craticum
417 1676 576 1714 fruit-ur.
620 1677 675 1713 Ex
698 1689 898 1713 monarc
915 1677 994 1713 hia
1019 1677 1098 1713 scil.
1122 1678 1330 1713 mutuatur
1351 1676 1559 1720 unitatem,
1596 1677 1832 1721 firmitatem,
1856 1689 1945 1714 auc-

209 1735 432 1779 toritatem3
468 1749 511 1772 ex
546 1735 888 1773 aristocratia
923 1736 1129 1773 consilium
1166 1738 1205 1772 et>
1239 1735 1508 1784 prudentiam3
1553 1748 1597 1772 ex
1633 1736 1947 1773 democratia

207 1794 433 1831 facilitatem
456 1795 682 1843 praesulum
714 1807 782 1843 per
803 1797 970 1831 mortem
997 1794 1263 1831 deficientium
1286 1795 1425 1831 seriem
1457 1795 1645 1842 subjectis
1677 1794 1829 1832 idoneis
1861 1795 1947 1832 red-

208 1853 441 1902 integrandi.
491 1854 571 1890 Alii
594 1854 746 1890 malunt
769 1853 895 1890 dicere
916 1853 1016 1890 illud
1031 1866 1128 1902 pure
1150 1853 1458 1902 simpliciterque
1480 1853 1783 1899 monarchicum,
1808 1854 1841 1890 si
1862 1866 1945 1891 mo—

210 1912 380 1949 narchici
401 1912 559 1961 imperii
596 1912 810 1949 secundum
842 1912 1093 1960 philosophos
1125 1912 1379 1961 intelligatur,
1414 1924 1641 1956 „summum
1672 1925 1790 1961 penes
1822 1926 1947 1950 unum

208 1971 416 2020 imperium
439 1971 521 2008 sine
541 1971 751 2020 superioris
774 1973 842 2008 aut
863 1971 1049 2019 aequalis,
1073 1971 1208 2020 populi
1231 1972 1293 2008 vel
1315 1971 1478 2008 alterius
1501 1972 1690 2020 principis
1711 1972 1944 2009 consortio.«

210 2030 294 2067 Etsi
316 2030 422 2067 enim
444 2031 483 2066 in
507 2030 679 2067 Ecclesia
699 2034 855 2078 praeter
877 2030 1096 2079 pontificem
1133 2033 1225 2067 sunt
1250 2031 1341 2079 jure
1373 2030 1508 2067 divino
1540 2031 1607 2067 alii
1638 2030 1846 2079 principes,
1879 2031 1947 2079 qui

211 2089 410 2126 ecclesiam
434 2101 547 2126 suam
568 2092 769 2138 tamquam
791 2101 860 2138 p·0
891 2089 1000 2127 riam.
1033 2102 1111 2126 non
1132 2092 1334 2137 tamquam
1356 2089 1490 2126 vicarii
1520 2089 1716 2138 pontificis
1747 2090 1810 2127 vel
1842 2090 1946 2127 dele-

211 2148 293 2197 gati
314 2151 470 2197 regunt,
498 2153 625 2185 tamen
647 2150 685 2185 et
708 2148 784 2196 ipsi
808 2161 828 2185 o
858 2159 907 2184 no
986 2152 1079 2185 sunt
1101 2148 1289 2197 pontifici,
1314 2148 1376 2185 cui
1400 2148 1725 2197 inestplenitudo
1740 2149 1947 2197 potestatis

209 2207 370 2256 regendi
391 2207 616 2244 universam
640 2207 862 2252 Ecclesiam,
895 2207 949 2244 ita
972 2207 1142 2255 quidem,
1175 2210 1222 2244 ut
1243 2220 1371 2255 neque
1393 2208 1443 2244 sit
1465 2207 1590 2244 divisa
1612 2207 1716 2244 inter
1746 2208 1876 2256 ipsum
1908 2214 1946 2245 et

211 2266 422 2314 episcopos,
458 2279 584 2314 neque
619 2267 756 2303 horum
791 2278 1048 2314 quaecunque
1082 2269 1255 2315 potestas
1288 2266 1412 2315 ipsius
1446 2268 1681 2315 potestatem
1716 2267 1945 2308 imminuat;

210 2337 329 2373 quare
362 2325 536 2375 regimen
571 2325 875 2362 ecclesiasticum
898 2328 1031 2362 manet
1064 2337 1162 2373 pure
1196 2325 1499 2365 monarchicum,
1536 2325 1748 2374 singularis
1784 2325 1945 2374 quidem

211 2383 357 2421 formae
380 2386 420 2421 et
440 2384 604 2432 paulum
626 2385 801 2421 diversae
824 2384 870 2421 ab
893 2397 948 2428 eo,
974 2397 1050 2432 quo
1071 2386 1267 2433 reguntur
1289 2384 1492 2421 societates
1515 2384 1662 2421 civiles.
1688 2390 1690 2392 ’

387 2472 482 2506 367.
526 2463 847 2507 Corollarium
878 2463 947 2506 II.
1005 2467 1116 2503 Solus
1149 2466 1284 2503 Petrus
1328 2466 1514 2503 Ecclesiae
1556 2472 1680 2515 caput,
1716 2490 1772 2494 -
1807 2468 1945 2505 Merito

209 2524 408 2567 damnavit
449 2525 610 2562 Joann
625 2538 672 2562 es
715 2525 830 2562 XXII.
883 2526 986 2562 hunc
1026 2525 1250 2578 Marsilii
1302 2525 1477 2574 patavini
1521 2527 1752 2564 articulum:
1806 2527 1945 2571 ‚Quod

210 2583 245 2620 b.
279 2584 419 2620 Petrus
461 2597 520 2633 ap.
554 2597 633 2621 non
665 2584 755 2633 plus
797 2583 1044 2621 auctoritatis
1076 2584 1214 2621 habuit
1245 2597 1360 2632 quam
1402 2584 1470 2621 alii
1510 2585 1677 2634 apostoli
1710 2586 1945 2623 habuerunt.

209 2642 308 2679 Item
331 2642 436 2725 qauod
459 2643 637 2681 Christus
658 2643 814 2680 nullum
837 2645 953 2691 caput
974 2642 1125 2679 dimisit
1146 2643 1350 2688 Ecclesiae,
1374 2655 1443 2680 nec
1465 2644 1636 2692 aliquem
1651 2644 1744 2682 fecit
1758 2645 1945 2682 vicarium

212 2689 349 2738 suum?
410 2702 550 2739 Merito
573 2714 728 2751 quoque
749 2701 1095 2739 Innocentius
1118 2701 1161 2738 X.
1193 2701 1417 2750 reprobavit
1445 2715 1476 2739 a.
1506 2709 1615 2743 1674
1638 2706 1684 2741 ut
1705 2704 1943 2741 haereticum

204 2760 573 2807 jansenjanum
607 2761 840 2810 figmentum
862 2760 1056 2797 Ecclesiae
1090 2760 1280 2810 bicipitis.
1322 2761 1404 2799 Hoc
1435 2761 1539 2798 enim
1573 2764 1761 2811 supponit
1784 2763 1942 2799 Petrum

212 2819 250 2854 et
269 2819 436 2856 Paulum
468 2820 590 2857 fuisse
619 2831 778 2868 prorsus
809 2819 990 2867 aequales
1023 2821 1061 2856 et
1083 2820 1249 2856 Paulum
1279 2831 1359 2856 non
1389 2820 1518 2858 minus
1552 2833 1669 2868 quam
1692 2822 1850 2858 Petrum
1872 2821 1943 2857 Ec-

359 2938 764 2980 ¹)Cf.Valentiain
782 2939 1942 2986 2.2.clis1).lq.lpunct07§28:Passagliall,14:0er-

210 2989 294 3030 ciii,
313 2990 357 3024 de
376 2990 473 3024 Eccl.
492 2992 579 3025 sect.
598 2994 618 3024 2
637 2991 722 3026 lect.
744 2996 795 3026 14.

353 3046 377 3084 ‘-‘)
396 3043 448 3080 Cf.
468 3043 800 3078 Bellarminus
819 3044 863 3078 de
882 3055 1022 3078 summo
1041 3045 1212 3088 pontifice
1232 3045 1257 3079 l.
1280 3050 1293 3079 1
1317 3057 1381 3083 ss.;
1409 3046 1645 3080 Palniieri
1666 3047 1718 3079 th.
1744 3049 1801 3079 18:
1830 3044 1943 3078 Maz-

213 3095 587 3140 zelladisp.3a.8.
