2175 3382
1643 0 2175 104 ssfflwmffl

990 137 995 142 .
1337 138 1342 142 .
1569 100 1639 141 J

799 139 855 171 est
874 147 1062 181 proprium
1083 147 1189 171 verae
1208 136 1401 171 Ecclesnae.
1455 136 1558 198 ⁹<st
1889 143 1973 184 323

1188 186 1424 225 “l-mm

355 286 371 302 »
382 260 515 296 Fidem
537 272 646 296 suam
663 271 780 307 quam
794 261 907 296 vocat
917 227 1328 311 (Rufinus‘s‘g'quaerit
1349 259 1503 295 Hiero
1516 272 1542 296 n
1553 272 1693 307 ymus
1716 261 1739 296 l.
1762 268 1773 300 1
1797 272 1826 297 c.
1843 260 1973 309 ipsum

235 331 270 355 n.
295 326 330 358 4.
374 319 518 356 Eamne
541 331 619 366 qna
639 330 798 355 romana
818 317 942 366 pollet
963 317 1137 358 ecclesia.
1161 330 1210 354 an
1232 317 1342 354 illam
1364 330 1463 365 quae
1486 317 1528 354 in
1551 317 1731 367 Origenis
1754 319 1967 356 volumini-

235 378 308 415 bus
341 377 596 415 continetur?
640 377 680 414 Si
711 389 964 414 romanam
996 376 1255 424 responderit,
1289 389 1381 425 ergo
1413 376 1663 413 catholici
1698 383 1875 418 sumus«
1919 377 1971 415 cf.

234 449 292 485 ep.
322 444 383 477 15.
414 443 460 476 16
486 433 632 488 (opusc.
657 436 720 483 Xl,
748 441 797 475 25
825 434 902 486 ss).
918 435 1024 471 -S.
1050 435 1342 485 Cym-,ianus
1365 447 1423 483 ep.
1442 441 1492 475 52
1510 435 1559 472 ad
1574 436 1846 473 Antonianum
1869 449 1905 475 n.
1927 444 1940 476 1
1964 425 2032 474 :⁴*‘l
2124 444 2175 474 Μ

238 495 467 544 »Scripsisti
489 495 618 541 etiam,
650 497 696 531 ut
727 494 948 542 exemplum
980 494 1192 531 earundem
1223 494 1427 531 literarum
1461 494 1509 531 ad
1532 494 1753 531 Cornelium
1785 481 2175 560 collegamoyzffi

234 557 414 592 nost-rum
437 555 547 604 (tunc
569 566 775 591 romanum
797 550 1038 604 episcopum)
1062 554 1385 598 transmitterem,
1418 556 1464 590 ut
1496 553 1668 601 deposita
1690 554 1795 590 omni
1827 547 2175 598 sollici-‘g‘ffl

233 613 372 651 tudine
389 614 471 662 jam
493 612 611 650 sciret
631 615 671 649 te
694 624 822 649 secum
845 612 880 648 h.
905 624 934 649 e.
959 624 1046 648 cum
1069 623 1087 648 c
1101 612 1217 648 atho
1232 611 1330 648 lica
1351 612 1524 649 Ecclesia
1557 612 1881 649 communicare«
1923 613 1973 650 Et
1989 603 2079 630 “²“-

235 672 457 710 Cornelium
480 684 682 709 romanum
705 670 928 719 pontificem
952 671 1156 718 alloquens
1180 683 1238 719 ep.
1264 677 1313 711 45
1340 683 1473 708 curam
1505 683 1543 707 se
1570 670 1754 708 habuisse
1787 670 1893 715 dicit,
1927 674 1973 709 ut

235 733 301 775 „te
324 731 493 780 collegae
515 730 640 768 nostri
673 733 712 767 et
734 730 1048 766 communionem
1080 732 1189 766 tuam
1212 730 1236 766 i.
1260 742 1290 766 e.
1314 730 1526 767 catholicae
1557 729 1748 767 Ecclesiae
1778 730 1971 766 unitatem

233 790 380 838 pariter
403 802 445 827 ac
467 790 669 827 caritatem
690 789 902 837 probarent
924 789 1086 825 firmiter
1108 790 1148 825 et
1168 790 1360 826 tenerent.
1373 793 1389 812 «
1423 789 1626 826 Praeclara
1638 801 1730 825 vero
1745 791 1848 834 sunt,
1873 801 1972 837 quae

233 849 353 886 refert
375 861 402 886 s.
427 848 731 885 Ambrosius
756 847 802 884 de
825 847 943 884 fratre
976 860 1045 885 suo
1069 847 1206 896 Satyro
1239 847 1365 884 adhuc
1397 848 1672 885 catechumeno
1693 847 1722 892 Ι,
1758 854 1832 888 47:
1867 848 1972 892 „Ad-

234 908 386 946 voravit-
409 909 455 945 ad
479 920 518 944 se
540 907 776 955 episcopum,
800 919 869 943 nec
891 907 1015 943 ullam
1037 919 1169 943 veram
1189 907 1345 955 putavit
1367 907 1447 944 nisi
1469 919 1584 944 verae
1598 906 1688 943 fidei
1703 907 1867 955 gratiam
1885 903 1927 958 (i.
1941 920 1972 946 c.

234 963 490 1019 baptismum)
513 969 873 1015 percunctatusque
897 978 940 1002 ex
965 978 1007 1002 eo
1031 968 1102 1011 est,
1139 969 1273 1002 utrum
1296 966 1488 1014 episcopis
1521 965 1720 1003 catholicis
1752 965 1788 1003 h.
1821 978 1852 1006 e,
1885 978 1972 1002 cum

234 1037 391 1063 romana
415 1026 503 1063 sede
526 1025 788 1062 conveniret«

353 1107 450 1148 308.
475 1104 816 1148 Corollarium.
863 1103 1048 1144 Ecclesia
1072 1104 1471 1144 romano-catholica
1494 1109 1550 1145 est
1572 1118 1669 1145 ‘cera
1693 1103 1888 1145 Ecclesia.
1913 1129 1967 1135 —-

238 1174 378 1226 Quare
401 1178 552 1227 sponte
575 1187 652 1216 sua
675 1175 884 1228 sequitur:
916 1174 959 1215 Si
992 1175 1233 1227 appositum
1256 1175 1572 1216 catholicae
1595 1187 1753 1216 nomen
1775 1175 1848 1216 fuit
1871 1188 1970 1228 pro-

238 1246 377 1298 prium
401 1258 450 1286 ac
473 1251 661 1287 tesserae
684 1246 829 1295 instar,
862 1258 945 1298 qua
977 1257 1058 1290 see.
1082 1245 1154 1295 111.,
1177 1245 1241 1290 IV.
1265 1250 1307 1287 et
1328 1245 1376 1286 V.
1409 1258 1510 1287 vera
1531 1245 1720 1287 Ecclesia
1742 1246 1971 1299 distingue-

235 1315 358 1357 batur
391 1328 415 1356 a
447 1317 572 1357 sectis
605 1316 830 1357 haereticis
853 1322 894 1357 et
916 1316 1212 1366 schismaticis,
1245 1317 1373 1358 etiam
1397 1316 1539 1358 seculo
1564 1317 1670 1360 XIX.
1694 1317 1777 1358 hoc
1798 1318 1971 1358 nomine

236 1387 515 1439 distinguetur
529 1399 630 1428 vera
645 1387 832 1428 Ecclesia
857 1400 882 1427 a
904 1387 1069 1439 spuria;
1093 1399 1231 1441 neque
1254 1388 1367 1429 enim
1389 1387 1473 1429 ulla
1496 1387 1808 1440 probabilitatis
1831 1388 1971 1440 specie

233 1458 401 1499 defendi
432 1458 597 1510 poterit,
630 1469 775 1499 veram
800 1458 953 1499 Christi
976 1458 1208 1499 Ecclesiam
1232 1471 1391 1500 nomen
1413 1471 1536 1500 suum
1558 1460 1841 1511 proprium
1865 1460 1970 1499 ami-

235 1530 340 1571 sisse
355 1529 540 1582 illudque
555 1530 773 1571 transiisse
797 1529 850 1570 ad
866 1529 1091 1570 ecclesiam
1108 1530 1356 1570 adulteram.
1379 1529 1647 1582 Quapropter
1661 1542 1692 1570 s.
1708 1529 1745 1569 A
1756 1542 1782 1570 u
1795 1542 1856 1581 gu
1869 1542 1888 1569 s
1900 1534 1915 1569 t
1926 1530 1938 1569 i
1950 1554 1969 1561 -

233 1613 331 1641 nus
363 1601 510 1641 statuit
541 1600 592 1641 de
626 1612 729 1641 vera
751 1600 864 1653 relig.
888 1613 920 1643 c.
946 1604 991 1644 7:
1032 1600 1256 1650 „Tenenda
1279 1604 1342 1641 est
1363 1599 1486 1641 nobis
1509 1600 1741 1641 christiana
1762 1600 1906 1652 religio
1931 1605 1972 1641 et

236 1672 326 1724 ejus
349 1671 564 1712 Ecclesiae
587 1672 931 1720 communicatio,
964 1683 1074 1723 quae
1098 1671 1309 1712 catholica
1341 1675 1405 1712 est
1431 1675 1473 1712 et
1495 1671 1705 1712 catholica
1727 1672 1972 1712 nominatur

237 1754 323 1783 non
345 1742 484 1783 solum
507 1754 532 1782 a
554 1742 652 1791 suis,
675 1754 823 1783 verum
839 1743 967 1782 etiam
991 1741 1044 1782 ab
1067 1742 1265 1783 omnibus
1279 1742 1492 1783 inimicis.“
1535 1741 1584 1782 Et
1598 1753 1825 1783 recensens
1840 1742 1971 1782 ratio-

236 1825 324 1863 nes,
346 1819 519 1866 propter
540 1825 646 1865 quas
660 1813 1012 1854 manichaeorum
1027 1813 1177 1854 castris
1192 1813 1369 1854 desertis
1386 1824 1543 1854 nomen
1558 1812 1795 1854 catholicae
1810 1812 1973 1853 dederit

236 1885 461 1935 Ecclesiae,
484 1886 614 1927 etiam
636 1886 747 1927 hanc
770 1886 941 1927 adducit
965 1898 997 1926 c.
1022 1898 1084 1939 ep.
1108 1885 1219 1926 fund.
1243 1898 1276 1928 c.
1300 1892 1351 1929 4:
1386 1885 1541 1935 „Tenet
1564 1884 1666 1940 (me)
1691 1889 1907 1936 postremo
1931 1889 1973 1925 et

236 1957 374 2009 ipsum
397 1956 641 1998 catholic
657 1970 681 1997 a
695 1969 717 1998 e
739 1969 909 2005 nomen,
934 1956 1048 2009 quod
1071 1969 1159 1997 non
1180 1957 1271 1997 sine
1294 1968 1425 1997 causa
1446 1956 1555 1996 inter
1577 1961 1667 1996 tam
1690 1955 1845 1996 multas
1867 1955 1971 1996 hae-

236 2039 353 2068 reses
375 2028 468 2068 sola
489 2027 679 2068 Ecclesia
701 2028 783 2068 hoc
806 2040 964 2069 nomen
986 2027 1202 2068 obtinuit.“
1231 2026 1380 2068 Merito
1405 2039 1504 2078 ergo
1526 2026 1898 2067 Bellarminus
1921 2026 1972 2067 de

235 2099 347 2140 notis
369 2098 588 2140 Ecclesiae
611 2099 824 2140 disserens
846 2098 911 2148 IV,
933 2102 961 2142 4
984 2099 1066 2139 hoc
1089 2110 1247 2139 nomen
1269 2098 1378 2138 inter
1399 2102 1561 2138 notas
1585 2101 1817 2140 enumerat.

355 2179 555 2233 Sequitur
577 2186 618 2222 et
640 2181 771 2222 istud:
804 2180 848 2221 Si
870 2193 952 2222 sec.
975 2181 1048 2230 HL,
1071 2180 1135 2221 IV.
1159 2185 1201 2222 et
1221 2180 1268 2221 V.
1292 2180 1536 2221 communio
1561 2192 1657 2220 cum
1680 2192 1861 2220 romano
1884 2180 1972 2232 epi-

235 2264 366 2304 scopo
392 2256 495 2292 nota
518 2256 558 2292 et
581 2256 744 2293 tessera
768 2257 870 2301 erat,
895 2265 979 2304 qua
997 2256 1330 2305 agnoscerentur
1353 2255 1394 2292 et
1416 2251 1765 2303 dignoscerentur
1779 2249 1973 2291 membra

235 2322 449 2363 Ecclesiae
472 2323 723 2372 catholicae,
746 2322 923 2375 proinde
946 2334 1085 2371 verae,
1120 2322 1288 2363 criterio
1312 2321 1463 2362 eodem
1487 2325 1799 2373 cognoscentur
1821 2325 1863 2361 et
1884 2321 1970 2372 dig-

236 2398 467 2434 noscentur
480 2405 562 2436 sec.
577 2393 683 2437 XIX.
706 2394 824 2434 veri
847 2393 1002 2436 fideles.
1034 2393 1174 2444 Quare
1189 2393 1286 2433 licet
1308 2397 1348 2433 et
1362 2392 1486 2433 nobis
1500 2392 1561 2432 uti
1575 2390 1836 2444 argumento,
1859 2391 1972 2444 quod

235 2464 510 2505 vehementer
524 2464 567 2504 in
578 2463 906 2505 parmenianum
919 2464 1177 2504 donatistam
1194 2464 1409 2515 intorquet
1429 2460 1463 2503 O
1475 2476 1501 2515 p
1514 2467 1528 2503 t
1541 2467 1630 2503 atu
1643 2476 1662 2503 s
1676 2463 1719 2512 ll,
1731 2466 1776 2506 4:
1793 2495 1807 2511 ,,
1820 2462 1842 2504 J
1846 2473 1971 2503 amne

235 2534 365 2584 vides,
388 2526 516 2575 frater
532 2534 825 2583 parmeniane,
845 2534 992 2586 jamne
1007 2535 1150 2583 sentis,
1168 2534 1315 2586 jamne
1329 2533 1523 2585 intelligis
1545 2538 1585 2574 te
1609 2533 1867 2585 argumentis
1890 2533 1971 2574 tuis

237 2609 386 2646 contra
407 2609 448 2646 te
471 2605 704 2646 militasse?
727 2617 823 2646 cum
840 2604 1066 2657 probatum
1092 2609 1155 2646 est
1178 2616 1257 2644 nos
1280 2616 1373 2645 esse
1396 2605 1439 2644 in
1457 2603 1643 2645 Ecclesia
1658 2608 1806 2645 sancta
1821 2604 1970 2644 catho-

236 2677 327 2725 lica,
357 2677 469 2729 apud
493 2689 599 2729 quos
623 2681 663 2717 et
687 2676 928 2730 symbolum
950 2676 1166 2717 Trinitatis
1189 2679 1252 2716 est
1275 2679 1316 2716 et
1337 2687 1412 2727 per
1434 2675 1683 2716 cathedram
1705 2674 1830 2723 Petri,
1861 2686 1970 2726 quae

237 2751 386 2788 nostra
408 2751 482 2796 est,
505 2759 581 2800 per
602 2748 738 2800 ipsam
754 2751 919 2788 ceteras
935 2746 1055 2787 dotes
1078 2746 1190 2798 apud
1212 2758 1292 2787 nos
1315 2751 1442 2787 esse.“
1472 2745 1623 2787 Merito
1640 2757 1738 2796 ergo
1753 2744 1970 2785 inferimus

236 2822 407 2859 coetum
429 2818 894 2859 romano-catholicum
918 2829 1000 2858 sec.
1024 2816 1130 2857 XIX.
1152 2828 1300 2858 veram
1323 2828 1416 2857 esse
1438 2814 1593 2857 Christi
1614 2815 1857 2856 Ecclesiam.

356 2915 451 2956 309-
475 2913 644 2956 ThssSiS
667 2912 770 2955 LX·
820 2925 894 2960 Ad
916 2926 1228 2967 proprietates
1254 2926 1493 2959 institutae
1510 2925 1616 2967 Jam
1637 2932 1726 2964 per
1743 2922 1970 2964 apostolos

237 2986 465 3020 Ecclesiae
487 2987 706 3028 pertinet,
732 2989 783 3019 ut
808 2987 868 3019 sit
894 2995 916 3018 c
968 2985 1024 3018 ho
1040 2986 1122 3043 “i-ca
1139 2986 1170 3018 i.
1189 2994 1224 3018 e.
1244 2984 1485 3044 giusmocli,
1511 2992 1630 3026 quae
1650 2983 1970 3016 communione

239 3045 532 3079 contineatur
548 3046 825 3086 simpliciter
843 2986 1301 3086 afflcoffirate
1318 3052 1427 3076 vero
1445 3043 1576 3084 lonye
1604 3041 1826 3083 ampliori
1844 3042 1971 3073 coetu

236 3103 411 3145 quovis,
436 3103 516 3145 qui
542 3104 630 3137 sibi
654 3112 823 3137 nomen
849 3102 1078 3136 Ecclesiae
1103 3103 1338 3136 immerito
1364 3102 1577 3142 usurpat.

1690 3156 1748 3187 21·
