2175 3382
173 123 258 167 326
491 119 610 152 'ri-act.
632 117 691 151 lll.
710 116 755 150 de
775 117 944 152 Ecclesia.
963 116 1095 151 'rhesis
1116 116 1186 150 LX.
1206 115 1477 150 Catholicitatis
1495 117 1610 151 notio.

173 253 305 280 omnes
328 245 465 290 gentes
487 239 708 278 credituras
731 251 773 277 ac
795 239 846 276 sic
870 239 911 276 in
934 239 1118 277 omnibus
1142 239 1290 287 linguis
1328 239 1509 275 futurum
1531 238 1792 288 Evangelium
1815 239 1915 277 illud

172 305 267 338 tunc
289 299 521 337 miraculum
544 298 830 347 portendebat?
861 298 971 342 Quod
993 300 1033 335 et
1054 298 1093 335 in
1118 298 1270 335 Psalmo
1293 295 1380 348 (14,
1406 294 1449 348 4)
1472 299 1584 334 tanto
1615 299 1705 334 ante
1738 297 1914 346 praedic-

172 363 257 397 tum
280 361 356 396 est:
383 358 469 395 Non
491 362 578 395 sunt
600 358 762 407 loquelae
784 370 900 407 neque
921 369 1122 405 sermones,
1147 368 1309 406 quornm
1332 368 1404 393 non
1421 357 1638 393 audiantur
1654 368 1754 394 voces
1768 368 1913 394 eorum.

172 418 253 456 Hoc
276 419 436 467 propter
457 429 522 454 eos
544 416 693 454 dictum
716 419 787 461 est,
811 416 879 465 qui
904 416 1054 464 Spiritu
1077 419 1208 453 sancto
1231 418 1387 463 accepto
1411 415 1560 464 linguis
1597 417 1710 453 erant
1731 415 1914 453 omnibus

172 476 355 515 locuturi.
399 475 474 513 Sed
496 475 589 524 quia
609 475 782 524 idipsum
806 475 847 512 in
870 475 1053 512 omnibus
1075 474 1262 524 gentibus
1293 478 1331 511 et
1366 474 1513 524 linguis
1537 474 1716 512 futurum
1738 474 1915 524 Evange-

173 536 271 574 lium
293 538 333 573 et
354 546 494 583 corpus
518 534 660 572 Christi
685 547 753 583 per
785 538 914 571 totum
946 534 1079 571 orbem
1110 538 1304 572 terrarum
1337 533 1485 582 linguis
1519 533 1701 571 omnibus
1733 545 1915 582 persona-

174 598 308 632 turum
331 593 585 644 significabat,
619 596 776 630 secutus
799 593 873 630 ait:
907 593 953 630 In
986 605 1128 630 omnem
1162 597 1305 629 terram
1338 594 1450 629 exivit
1482 605 1600 630 sonus
1631 604 1774 640 eorum,
1813 597 1844 629 et
1876 594 1912 630 ἰη

171 655 264 702 fines
285 654 388 691 orbis
409 658 533 690 terrae
555 653 664 689 rerba
687 665 828 692 eorum.
864 652 963 688 Hinc
988 652 1041 696 fit,
1065 655 1111 689 ut
1133 651 1303 689 Ecclesia
1326 664 1415 689 veru
1431 652 1626 688 neminem
1642 652 1774 689 lateat.
1810 651 1915 688 Unde

173 716 234 751 est
256 712 366 753 illud,
400 713 504 761 quo-i
526 712 567 748 in
591 711 801 761 Evangelio
824 709 979 763 (Matth.
1006 717 1040 749 5.
1075 708 1140 762 14)
1164 711 1245 759 ipse
1269 710 1384 748 dicit:
1420 710 1504 747 Non
1533 716 1654 759 potest
1687 711 1819 748 cit-itas
1847 711 1915 748 ab·

172 773 302 810 scondi
332 784 446 820 super
479 776 636 808 montem
670 771 882 810 constituta.
926 769 1096 817 Ideoque
1131 770 1172 806 in
1207 769 1342 807 eodem
1377 769 1526 818 psalmo
1562 770 1830 807 connectitur:
1869 769 1913 807 In

172 832 247 869 sole
264 832 392 879 posuit
415 830 697 867 tabernaculum
730 842 841 866 suum
876 829 900 866 i.
924 841 954 866 e.
988 829 1027 864 in
1061 828 1373 866 manifestatione
1397 858 1403 864 .
1429 857 1435 863 .
1461 859 1467 865 .
1494 829 1570 865 Nec
1591 834 1641 865 est
1677 831 1742 878 qui
1775 840 1814 866 se
1848 828 1914 865 ab·

171 891 327 928 scondat
349 902 373 926 a
395 890 519 926 calore
540 889 644 936 ejus:
674 900 760 926 ecce
782 888 899 925 habes
931 887 1142 924 adventum
1176 887 1348 936 Spiritus
1380 888 1515 932 sancti,
1549 900 1664 936 quem
1696 888 1738 925 in
1769 887 1915 937 linguis

172 949 296 999 igneis
318 948 438 992 misit,
475 952 520 985 ut
544 947 734 984 fervorem
758 947 933 984 caritatis
957 946 1194 986 ostenderet.
1233 959 1349 994 quam
1382 946 1555 995 profecto
1586 958 1665 984 non
1698 946 1816 984 habet
1846 947 1915 995 qui

172 1020 260 1045 cum
283 1007 462 1051 Ecclesia,
498 1006 660 1055 quaein
682 1006 865 1044 omnibus
887 1005 1035 1055 linguis
1070 1008 1140 1049 est,
1177 1018 1255 1043 non
1287 1008 1415 1043 servat
1447 1006 1642 1043 unitatem
1675 1005 1839 1055 spiritus
1874 1006 1916 1043 in

172 1067 329 1104 vinculo
360 1066 505 1115 pacis‘
549 1065 650 1102 Hinc
682 1065 803 1102 infert
834 1077 947 1102 serm.
975 1072 1047 1104 71:
1082 1064 1444 1109 »Quemadmodum
1476 1071 1571 1102 tunc
1602 1065 1669 1102 ille
1702 1064 1915 1114 apparebat

171 1126 365 1175 accepisse
389 1125 579 1174 Spiritum
602 1136 643 1170 s.‚
677 1125 745 1172 qui
767 1123 1003 1173 loquebatur
1035 1123 1183 1173 linguis
1213 1123 1390 1161 omnium
1422 1123 1614 1173 gentium,
1648 1124 1704 1161 ita
1740 1136 1781 1161 se
1812 1136 1915 1161 nunc

174 1185 240 1222 ille
263 1187 447 1234 agnoscet
468 1184 658 1232 accepisse
681 1183 875 1232 Spiritum
897 1195 939 1229 s.‚
971 1183 1040 1231 qui
1063 1185 1222 1220 tenetur
1254 1182 1413 1219 vinculo
1444 1183 1553 1231 pacis
1577 1183 1780 1227 Ecclesiae,
1814 1195 1914 1231 quae

171 1243 410 1281 diffunditur
431 1243 474 1280 in
494 1243 675 1281 omnibus
695 1243 922 1292 gentibus<
957 1241 1063 1286 Quae
1086 1254 1198 1291 saepe
1221 1241 1314 1279 alibi
1337 1241 1518 1279 inculcat.
1563 1242 1613 1279 Cf.
1637 1254 1766 1291 opusc.
1793 1241 1913 1287 XVII,

178 1309 255 1344 187
281 1306 412 1340 annot.
457 1302 564 1338 Unde
588 1302 780 1350 sequitur,
813 1303 978 1346 coetum,
1012 1301 1080 1349 qui
1115 1313 1213 1338 una
1234 1304 1391 1338 tantum
1422 1301 1602 1349 loquitur
1632 1301 1781 1350 lingua,
1814 1314 1845 1338 e.
1877 1314 1914 1351 g.

171 1374 366 1411 germana,
398 1361 573 1405 bohema,
606 1361 754 1399 russica
779 1363 864 1398 etc..
901 1372 980 1397 non
1003 1373 1082 1397 esse
1114 1373 1245 1397 veram
1268 1360 1502 1397 Ecclesiam:
1536 1360 1627 1397 haec
1661 1360 1765 1397 enim
1799 1360 1913 1398 debet

173 1433 257 1458 esse
278 1420 509 1470 polyglotta.

289 1501 333 1543 2.
356 1499 469 1540 Talis
497 1498 623 1540 debet
646 1510 740 1540 esse
764 1497 962 1547 Ecclesia.
996 1498 1131 1551 qualis
1155 1498 1377 1539 exhibetur
1409 1503 1450 1540 et
1482 1498 1735 1540 describitur
1757 1500 1799 1540 in
1822 1499 1912 1552 lege

173 1576 214 1611 et
239 1570 424 1623 psalmis,
455 1570 498 1610 in
532 1569 751 1622 prophetis
775 1573 816 1610 et
837 1565 1100 1621 Evangeliis.‘
1130 1569 1257 1622 Atqui
1289 1570 1329 1609 in
1362 1569 1426 1609 his
1459 1573 1705 1611 constanter
1735 1582 1911 1621 regnum

173 1640 327 1682 Christi
348 1640 574 1682 exhibetur
595 1653 682 1682 non
705 1641 844 1681 solum
861 1640 970 1693 jure,
997 1640 1072 1681 sed
1095 1644 1136 1681 et
1158 1640 1270 1681 facto
1295 1645 1336 1681 et
1358 1644 1458 1681 actu
1480 1640 1732 1689 universale.
1755 1640 1911 1693 ubique

172 1717 382 1753 terrarum
397 1711 605 1761 diffusum,
627 1713 686 1752 ita
707 1716 754 1752 ut
776 1711 884 1752 haec
897 1711 1016 1763 regni
1029 1711 1208 1752 latitudo
1231 1711 1285 1752 sit
1307 1711 1569 1752 characteris
1591 1715 1633 1752 et
1654 1711 1764 1752 dotis
1777 1711 1912 1752 instar

171 1783 289 1835 regni
310 1783 528 1831 messiani,
550 1787 596 1823 ut
618 1783 785 1835 signum
808 1757 1095 1835 Messiaes’qui
1113 1782 1204 1835 jam
1227 1781 1447 1823 advenerit
1470 1781 1536 1838 (cf.
1559 1795 1599 1823 n.
1625 1784 1710 1836 71).
1751 1781 1910 1835 „Prope

172 1854 310 1895 omnis
333 1854 486 1905 pagina
511 1854 558 1908 (s.
583 1851 858 1910 Scripturae)‚
889 1853 1027 1906 inquit
1058 1853 1398 1905 Augustinus
1419 1854 1463 1909 1),
1495 1853 1598 1893 nihil
1629 1853 1743 1895 aliud
1773 1858 1911 1902 sonat,

172 1936 301 1977 quam
323 1923 537 1965 Christum
570 1929 612 1964 et
638 1923 870 1965 Ecclesiam
902 1929 992 1966 toto
1017 1924 1120 1966 orbe
1144 1924 1375 1968 diffusam.“
1425 1923 1566 1975 Quare
1588 1935 1746 1977 negare
1768 1924 1912 1977 nequit

171 1995 371 2047 perennis
392 1994 610 2036 Ecclesiae
634 1995 911 2045 catholicitas‚
934 1996 1035 2048 quin
1057 1997 1223 2048 signum
1246 2007 1505 2048 permanens
1528 1995 1736 2037 adventus
1758 1994 1913 2039 Christi

170 2066 375 2118 relatique
399 2065 454 2106 ab
478 2077 528 2106 eo
552 2065 754 2118 triumphi
776 2070 962 2117 negetur.
1008 2066 1258 2118 Argumenti
1280 2067 1342 2107 vis
1365 2065 1643 2107 confirmatur
1665 2065 1912 2107 authentica

171 2140 341 2188 patrum
362 2148 444 2179 see.
466 2135 531 2176 IV.
555 2141 596 2177 et
618 2135 665 2177 V.
688 2137 1051 2189 interpretatione.
1094 2136 1243 2178 Patres
1269 2138 1380 2178 enim
1405 2141 1556 2178 contra
1587 2136 1826 2178 donatistas
1858 2136 1912 2177 ad

170 2207 277 2247 haec
299 2207 502 2248 vaticinia
525 2212 772 2260 provocant,
805 2212 851 2248 ut
882 2207 1124 2257 ostendant,
1154 2208 1253 2248 hinc
1285 2207 1455 2261 quidem
1479 2207 1716 2248 donatistas
1742 2207 1786 2248 in
1808 2219 1910 2248 vera

170 2276 358 2318 Ecclesia
387 2289 475 2318 non
502 2290 596 2319 esse
619 2283 766 2331 utpote
797 2279 841 2319 in
872 2278 1025 2331 angulo
1049 2278 1218 2320 Africae
1240 2279 1456 2320 latitantes
1480 2277 1546 2334 (cf.
1569 2291 1609 2322 n.
1637 2281 1730 2322 187.
1755 2281 1837 2322 199
1855 2279 1910 2333 ²³):

171 2349 267 2389 inde
283 2361 384 2390 vero
405 2350 638 2391 catholicos
653 2362 747 2391 esse
770 2350 814 2391 in
836 2362 938 2391 vera
952 2349 1152 2399 Ecclesia.
1176 2363 1271 2391 cum
1294 2350 1374 2402 ipsi
1396 2350 1479 2390 sint
1501 2349 1641 2390 diffusi
1662 2361 1738 2402 per
1752 2348 1911 2390 orbem.

293 2441 387 2475 311.
425 2431 654 2476 Scholion
675 2433 715 2476 I.
757 2435 1055 2484 Exceptionibus
1088 2437 1236 2484 satisfit.
1260 2459 1317 2464 —
1338 2435 1474 2484 Excipi
1507 2437 1648 2484 potest,
1687 2434 1912 2483 Scripturae

171 2493 286 2530 effata
307 2493 406 2530 nihil
430 2494 490 2531 vel
513 2507 591 2532 non
613 2495 785 2532 multum
820 2495 972 2532 valere:
1005 2507 1208 2543 nunquam
1240 2495 1345 2532 enim
1374 2495 1497 2532 fuisse
1527 2494 1700 2543 impleta,
1733 2506 1822 2531 cum
1852 2495 1911 2530 tot

170 2554 307 2601 gentes
329 2552 378 2589 ad
398 2552 611 2590 Ecclesiam
632 2566 711 2591 non
731 2554 967 2602 pertineant.
1010 2553 1081 2592 Cui
1113 2554 1333 2603 exceptioni
1363 2553 1667 2602 respondemus:
1699 2559 1743 2592 a.
1767 2565 1813 2589 ex
1833 2564 1912 2590 usu

170 2611 358 2659 loquendi
392 2611 614 2660 Scripturae
648 2624 691 2649 ea
726 2612 966 2650 sufficienter
999 2612 1215 2662 adimpleta
1249 2613 1399 2651 censeri
1431 2624 1554 2661 posse,
1594 2611 1708 2649 modo
1741 2611 1911 2649 Ecclesia

171 2670 481 2719 quamplurimas
503 2671 789 2719 complectatur
810 2673 946 2720 gentes
967 2684 1010 2709 ac
1031 2671 1233 2709 moraliter
1255 2672 1501 2709 diffundatur
1521 2683 1591 2720 per
1611 2671 1745 2707 orbem
1759 2672 1911 2708 notum.

169 2729 270 2766 Nam
290 2731 330 2766 et
350 2729 487 2766 Daniel
510 2729 556 2766 de
578 2729 935 2767 Nabuchodonosor
956 2730 1031 2767 ait:
1054 2731 1224 2768 Potestas
1246 2736 1313 2768 tua
1337 2727 1549 2782 (pervenit)
1572 2730 1611 2766 in
1627 2730 1808 2766 terminos
1821 2730 1909 2766 uni-

318 2870 340 2907 ¹]
359 2865 471 2900 Serm.
490 2870 536 2902 46
555 2879 590 2900 n.
610 2869 665 2907 33,
684 2867 747 2911 qui
767 2868 867 2901 totus
886 2870 941 2901 est
958 2867 1147 2912 legendus.
1182 2868 1235 2902 Cf.
1253 2868 1449 2902 innumera
1467 2866 1680 2911 Scripturae
1697 2866 1911 2900 testimonia

171 2918 328 2952 collecta
355 2919 401 2952 ab
430 2918 557 2953 eodem
586 2931 613 2953 S.
632 2918 780 2954 doctore
807 2919 850 2953 de
877 2920 970 2954 unit.
990 2919 1085 2953 Eccl.
1104 2932 1139 2955 n.
1162 2925 1204 2955 10
1222 2931 1265 2954 ss.
1286 2930 1410 2964 opusc.
1428 2918 1585 2958 XXVlI;
1614 2919 1658 2953 de
1685 2918 1757 2952 fide
1773 2929 1911 2957 rerum,

169 2981 265 3014 quae
294 2981 370 3004 non
397 2972 570 3006 videntur
588 2982 617 3007 c,
635 2974 656 3006 3
684 2983 805 3016 opusc.
826 2971 886 3006 VI.
915 2974 951 3006 et
969 2971 1016 3006 ab
1035 2972 1216 3017 Optato
1243 2973 1288 3007 de
1315 2972 1512 3006 schismate
1540 2971 1705 3006 donatist-
1732 2970 1776 3012 Π,
1798 2973 1814 3004 1
1835 2971 1872 3005 et
1891 2975 1910 3004 5

171 3034 292 3068 opusc.
314 3024 356 3065 X,
375 3023 439 3068 qui
458 3036 493 3058 n.
515 3027 534 3058 2
553 3024 687 3059 infert:
727 3025 843 3070 ,Ergo
865 3025 1113 3070 probavimus,
1133 3036 1214 3060 eam
1239 3035 1319 3059 esse
1338 3023 1538 3059 Ecclesiam
1565 3024 1798 3060 catholicam.
1817 3033 1911 3068 quae

169 3078 224 3110 est
242 3077 280 3111 in
298 3078 378 3111 toto
396 3078 584 3112 terrarum
603 3077 691 3112 orbe
711 3077 875 3112 diffusa.‘
914 3078 964 3114 Cf.
985 3080 1015 3113 G
1027 3082 1083 3123 ὂῙ)
1095 3079 1193 3112 fert
1212 3079 1270 3113 die
1288 3078 1532 3113 Katholieitat
1551 3078 1616 3112 der
1634 3077 1783 3111 Kirche.

2164 3150 2168 3157 ’
2163 3083 2172 3094 ¹
2163 3032 2175 3074 ,nm
2170 3015 2175 3021 .
2155 2907 2175 3006 ιζ’-Μῦν
2158 2401 2175 2883 mnf-‘munbm
