2175 3382
0 821 60 907 Τί

0 1060 124 1168 ψ

0 1586 85 1618 Ν

894 107 1059 141 Doctoris
1080 108 1192 141 notio.
1822 120 1904 162 145

172 245 291 282 cietas
314 242 509 279 declarare
531 243 669 289 potest,
694 240 854 289 quinam
877 240 959 277 sint
973 240 1162 289 magistri.
1182 241 1348 288 judices,
1373 245 1506 289 testes,
1531 245 1571 281 in
1586 247 1702 284 rebus
1718 248 1766 285 ad
1780 249 1903 297 ipsam

172 301 440 352 spectantibus
460 299 603 337 idonei.
626 299 753 344 Quare
775 299 822 335 ad
844 311 926 336 rem
948 300 1090 336 statuit
1113 311 1141 335 3.
1166 299 1194 335 T
1209 299 1233 335 h
1255 311 1322 336 om
1337 313 1385 337 as
1410 307 1444 340 2.
1464 308 1485 341 2
1504 315 1539 350 q.
1562 312 1608 344 10
1633 318 1666 344 a.
1693 313 1763 345 12:
1789 309 1903 357 ⁷>Ipsa

171 361 346 400 doctrina
366 358 643 397 catholicorum
666 358 869 395 doctorum
891 357 938 394 ab
960 357 1135 394 Ecclesia
1157 358 1429 396 auctoritatem
1466 360 1596 399 habet,
1640 364 1747 402 Unde
1780 367 1903 416 magis

172 419 357 458 standum
379 420 439 455 est
473 417 698 454 auctoritati
719 416 912 454 Ecclesiae
945 429 1060 464 quam
1092 416 1315 453 auctoritati
1348 418 1409 454 vel
1433 420 1649 469 Augustini
1681 424 1742 460 vel
1766 425 1901 463 Hiero-

171 479 281 529 nymi
302 478 366 514 vel
387 477 656 525 cujuscunque
679 475 888 513 doctoris«
933 475 1053 512 Porro
1075 475 1245 512 Ecclesia
1267 475 1309 512 in
1330 476 1400 513 hoc
1422 490 1490 514 suo
1509 479 1658 526 judicio
1681 482 1727 518 ad
1751 483 1820 520 has
1843 487 1900 521 at-

170 538 298 575 tendit
320 537 449 573 dotes:
476 533 516 574 l.
540 535 590 572 ad
613 534 797 580 eximiam
817 534 1118 579 doctrinam,
1155 547 1271 582 quam
1294 547 1370 571 non
1395 536 1520 573 solum
1543 540 1800 586 possederint,
1835 543 1902 580 sed
1918 549 2011 594 aso!

171 600 209 634 et
231 596 342 633 libris
362 595 499 632 testati
522 594 622 638 sint;
657 592 700 633 2.
736 593 783 630 ad
818 593 921 630 vitae
945 593 1296 636 sanctitatem,
1332 607 1424 630 nam
1458 597 1636 642 quamvis
1672 598 1902 648 disciplinae
1935 627 2023 645 w
2102 598 2175 647 β’·

171 655 355 704 profanae
375 653 530 702 possint
552 665 637 690 esse
659 652 700 688 in
722 652 877 689 homine
899 652 1030 689 minus
1056 652 1186 700 probo,
1210 652 1375 689 scientia
1407 664 1512 691 sacra
1536 656 1635 693 solet
1657 669 1741 694 esse
1763 661 1904 696 sancti-

169 714 263 752 tatis
285 725 403 757 soror,
436 712 529 760 quia
549 712 591 748 in
613 712 683 748 hac
717 710 937 748 includitur
967 710 1145 758 specialis
1177 723 1265 748 cum
1287 711 1377 755 Deo,
1411 712 1626 761 sapientiae
1659 715 1778 762 fonte,
1814 730 1903 755 con-

184 773 330 819 unctio,
362 771 501 808 ardens
530 770 620 808 fidei
652 770 967 818 sinceritatisque
1003 770 1181 806 studium
1214 767 1329 820 (prat.
1360 782 1397 807 n.
1420 769 1522 818 VII).
1565 774 1770 812 Praeterea
1805 777 1906 814 sii-ut

169 834 299 881 patres
321 830 522 868 naturales
545 832 584 866 et
606 829 723 866 verbo
746 831 785 865 et
807 829 982 877 exemplo
1006 828 1147 865 liberos
1171 828 1391 875 instituere,
1428 830 1482 867 ita
1503 833 1542 868 et
1564 835 1693 880 patres
1713 834 1905 872 Ecclesiae

169 903 248 928 non
270 891 395 928 solum
419 888 577 938 scriptis
601 888 733 925 fideles
764 888 911 934 (lOssQLQ
946 887 1011 924 sed
1046 890 1085 924 et
1119 887 1269 936 insigni
1301 888 1497 926 virtutum
1531 892 1705 940 exemplo
1740 894 1905 931 excitare

180 1009 361 1045 ationem
383 1007 502 1044 habet
522 1006 714 1044 Ecclesia:
746 1006 837 1043 hinc
867 1008 1024 1054 patrum
1057 1005 1241 1053 periodus
1263 1008 1367 1043 certe
1399 1019 1476 1044 non
1507 1009 1611 1046 ultra
1643 1022 1670 1046 3.
1693 1011 1905 1048 Bernar-

169 1068 283 1105 dum
306 1064 346 1119 (†
377 1063 502 1118 1153)
526 1065 763 1102 extenditur.
806 1064 1048 1113 Approbatio
1080 1066 1210 1101 autem
1241 1065 1431 1103 Ecclesiae
1463 1066 1673 1105 innotescit
1703 1069 1785 1117 ipso
1818 1083 1904 1109 usn.

169 1127 201 1164 si
223 1127 307 1164 scil.
329 1125 496 1163 concilia
518 1125 767 1162 oecumenica
797 1124 844 1160 ad
868 1136 933 1161 eos
964 1126 1186 1171 provocant,
1220 1124 1252 1160 si
1283 1125 1433 1161 romani
1464 1126 1665 1173 pontifices
1696 1127 1737 1165 in
1767 1139 1905 1166 monu-

168 1185 312 1223 mentis
333 1184 502 1234 publicis
524 1186 695 1221 utuntur
715 1183 795 1220 illis
817 1185 1017 1230 tamquam
1041 1183 1212 1220 testibus
1236 1185 1276 1220 et
1296 1184 1508 1232 magistris,
1546 1185 1580 1222 si
1603 1198 1736 1223 eorum
1760 1187 1906 1236 scripta

168 1245 261 1282 olim
283 1245 325 1281 in
347 1243 466 1281 sacris
490 1242 749 1280 conventibus
771 1245 859 1290 post
882 1255 909 1279 s.
933 1241 1176 1289 Scripturam
1198 1242 1298 1278 lecta
1318 1242 1491 1289 fuerunt,
1515 1245 1576 1281 vel
1600 1245 1632 1281 si
1646 1245 1713 1282 alii
1729 1245 1903 1296 insignes

167 1305 299 1352 patres
322 1314 387 1340 eos
409 1303 450 1339 in
474 1302 702 1350 quaestione
724 1301 946 1351 dogmatica
968 1301 1200 1348 praesertim
1222 1301 1407 1338 adversus
1435 1303 1648 1341 haereticos
1672 1316 1721 1345 ss.
1746 1308 1901 1353 patrum

166 1362 322 1400 nomine
343 1361 557 1410 proferunt,
583 1363 628 1398 ut
649 1374 694 1398 ex
716 1373 850 1398 eorum
874 1359 1052 1397 doctrina
1075 1360 1267 1397 Ecclesiae
1289 1360 1405 1397 fidem
1427 1362 1661 1410 patefaciant
1675 1365 1714 1400 et
1728 1364 1904 1411 probent.

287 1421 463 1458 Doctoris
483 1422 595 1458 notio.
621 1442 675 1447 —-
696 1420 856 1456 Praeter
877 1422 1007 1467 patres
1030 1418 1054 1455 d
1067 1431 1087 1456 o
1100 1422 1296 1456 ctorum
1318 1432 1472 1468 quoque
1496 1421 1540 1457 fit
1553 1422 1711 1467 mentio,
1735 1435 1902 1470 quorum

172 1480 330 1517 nomine
358 1480 387 1516 ii
409 1479 675 1529 designantur,
712 1479 852 1530 (ΗΕΒ
875 1478 1046 1515 Ecclesia
1076 1478 1255 1515 doctrina
1285 1479 1400 1526 plane
1431 1479 1626 1529 singulari
1657 1482 1905 1530 testandique

173 1539 406 1577 auctoritate
429 1551 545 1586 quam
567 1538 732 1575 maxime
754 1538 962 1575 excellunt.
1006 1537 1057 1574 Ut
1079 1538 1168 1585 quis
1190 1538 1305 1585 pleno
1329 1549 1447 1575 sensu
1469 1539 1662 1577 Ecclesiae
1685 1540 1818 1578 doctor
1839 1554 1904 1589 ap-

0 942 191 1073 w
217 950 322 995 bent,
357 950 404 985 ut
437 961 570 985 eorum
593 947 795 984 institutio
823 946 995 995 perfecta
1029 946 1105 983 dici
1139 947 1275 995 possit.
1318 944 1360 986 3.
1393 948 1522 985 Etiam
1558 951 1905 998 antiquitatis
1925 927 2175 1027 wa

0 1029 5 1048 r
169 1022 182 1045 1

197 1659 233 1695 tt
287 1657 426 1701 dimus,
457 1656 636 1705 propriae
648 1656 842 1693 Ecclesiae
865 1656 1041 1693 doctores
1063 1656 1272 1692 censentur
1295 1667 1345 1692 ss.
1368 1655 1602 1694 Hilarius
1624 1657 1778 1705 pictav„
1802 1659 1903 1695 Am·
1930 1660 1932 1662 ’
2008 1677 2026 1685 -
2092 1663 2175 1712 sp

207 1715 752 1765 rosiuS‚Augustinus,
785 1714 1138 1762 Hieronymus,
1173 1714 1454 1763 Gregorius
1478 1716 1539 1760 M„
1571 1716 1903 1757 Athanasius,

172 1775 421 1832 Bafissl-tus’
457 1774 738 1823 Gregorius
761 1787 852 1818 naz„
888 1773 999 1810 Joan.
1022 1773 1430 1826 Chrxsost-omus,
1466 1776 1556 1811 uter
1585 1787 1633 1812 ue
1658 1776 1684 1813 C
1728 1775 1903 1823 rillus‚

173 1834 313 1871 hieros.
335 1836 376 1870 et
396 1834 504 1878 alex„
526 1833 621 1870 Leo
644 1833 705 1874 M,
729 1833 885 1869 Petru
899 1844 915 1869 s
940 1833 1213 1881 Chrysologus,
1237 1832 1474 1870 Isidorus
1495 1833 1739 1881 hispalensis,
1764 1835 1903 1871 Petrus
1928 1822 2026 1894 232⁸*
2019 1865 2028 1891 Ξ

172 1893 457 1933 Damianus,
491 1893 771 1937 Anselmus,
804 1891 1110 1935 Bernardus,
1135 1892 1509 1936 Bonaventura,
1533 1892 1741 1930 Thomas
1773 1896 1813 1930 et
1842 1906 2175 1958 re-woffl»

172 1951 394 1989 centissime
414 1951 639 2000 Alphonsus
660 1950 883 2000 Lignori,
916 1950 1144 1987 Franciscus
1177 1950 1410 1987 Salesius
1444 1954 1482 1987 et
1513 1951 1624 1991 Joan.
1649 1952 1903 1989 Damasce-
1932 1944 2175 2034 „craſs

172 2023 274 2048 nus.
299 2010 352 2048 Cf.
373 2010 896 2058 Fessler-Jungmann
918 2009 1092 2046 institut.
1114 2009 1254 2057 patrol.
1277 2009 1301 2047 l.
1324 2017 1335 2048 l
1359 2006 1379 2050 ἓ
1399 2017 1419 2048 9
1437 2021 1506 2049 ss:
1530 2010 1779 2048 Heinrich
1802 2009 2175 2101 §Sl'q'mm

295 2082 388 2123 131.
413 2079 791 2122 Demonstratio.
831 2076 979 2118 Patres
1002 2077 1262 2118 considerari
1284 2082 1485 2129 possunt:
1513 2079 1552 2120 1.
1576 2078 1832 2119 literarie
1854 2090 1905 2118 ac
1942 2100 2024 2133 *a

172 2150 442 2192 historice
473 2154 520 2190 ut
549 2149 627 2190 viri
658 2149 701 2189 in
732 2148 904 2199 singulis
927 2147 1164 2200 quibusque
1188 2148 1445 2189 christianae
1467 2149 1729 2201 antiquitatis
1751 2148 1903 2189 seculis
1936 2112 2128 2188 &MK

173 2221 286 2262 docti
307 2232 546 2273 magnaque
569 2220 724 2272 pietate
746 2220 952 2271 insignes3
985 2220 1026 2262 2.
1047 2219 1409 2274 ,hierarchice
1441 2223 1487 2259 ut
1518 2218 1711 2259 membra
1742 2219 1903 2260 hierar·
1939 2202 2175 2258 boabo-

173 2292 294 2333 chiae
326 2297 451 2344 atque
482 2291 704 2331 ministerii
735 2289 1024 2338 ecclesiastici,
1055 2294 1102 2330 ut
1132 2301 1403 2330 successores
1430 2289 1721 2341 apostolorum
1745 2290 1902 2330 consti-

172 2366 339 2403 tuentes
370 2362 594 2402 anulorum
624 2361 758 2401 instar
787 2360 902 2400 illam
933 2372 1152 2412 nunquam
1184 2360 1463 2411 interruptam
1496 2364 1714 2411 pastorum
1738 2359 1903 2409 seriem,

172 2444 248 2485 per
269 2445 398 2485 quam
418 2437 637 2484 tamquam
660 2442 736 2483 per
758 2431 951 2471 canalem
974 2430 1308 2471 transfundenda
1342 2435 1405 2471 est
1437 2442 1489 2470 ex
1511 2428 1664 2470 Christi
1686 2429 1903 2470 voluntate

173 2503 366 2544 doctrina
388 2503 576 2544 revelata
591 2504 646 2556 (n.
666 2505 776 2556 110),
798 2502 868 2555 qui
890 2501 1067 2553 proinde
1091 2501 1144 2541 ab
1168 2501 1259 2553 ipsa
1282 2501 1470 2542 Ecclesia
1493 2501 1709 2541 constituti
1731 2505 1829 2541 sunt
1849 2500 1902 2541 ad
2117 2529 2121 2533 -

174 2574 424 2623 docendum,
459 2579 500 2615 et
521 2573 672 2626 quibus
694 2572 882 2613 Ecclesia
904 2573 1034 2613 utitur
1055 2572 1109 2613 ad
1132 2572 1496 2624 comprobandam
1520 2584 1643 2612 suam
1665 2571 1829 2611 doctrin
2033 2549 2175 2610 >ct-*²⁴

172 2650 389 2698 tamquam
412 2645 609 2686 testibus:
632 2644 819 2697 plerique
843 2644 954 2684 enim
977 2648 1097 2684 erant
1120 2644 1327 2696 episcopi3
1359 2644 1401 2686 3.
1426 2642 1474 2683 fo
1491 2583 2170 2700 rmaliteffigffisssoffss

173 2716 345 2769 singulis
366 2716 578 2758 aetatibus
599 2716 802 2768 plurimos
834 2715 976 2756 fideles
1009 2727 1084 2767 per
1105 2714 1376 2766 Evangelium
1401 2713 1567 2755 Christo
1591 2713 1829 2765 genuerint;
1862 2716 1902 2751 et

175 2786 354 2839 denique
384 2787 426 2830 4.
458 2780 793 2838 theologice„
826 2790 871 2826 ut
903 2786 973 2838 qui
1004 2785 1254 2837 disponente
1279 2784 1443 2825 Christo
1476 2784 1714 2836 depositum
1737 2781 1899 2822 revela-

173 2857 299 2898 tionis
329 2857 600 2899 custodirent.
634 2857 848 2909 aperirent
870 2855 1120 2909 Scripturas,
1148 2856 1394 2896 doctoratus
1417 2855 1673 2895 charismate
1697 2852 1900 2904 fulgerent

173 2932 390 2980 tamquam
415 2928 557 2968 mundi
581 2928 816 2975 luminaria,
839 2927 1070 2968 christiano
1092 2927 1246 2979 populo
1270 2931 1488 2978 tamquam
1511 2925 1604 2964 viae
1627 2923 1753 2963 duces
1777 2934 1897 2973 prae-

174 2999 293 3047 irent,
316 3003 357 3038 et
379 2998 576 3039 divinitus
598 2999 723 3039 exciti
744 2998 959 3039 Ecclesiae
983 2997 1220 3038 doctrinam
1235 3000 1548 3049 propugnarent
1572 2994 1773 3034 adversus
1796 2992 1897 3031 hae-

175 3069 404 3109 reticorum
426 3068 615 3109 insultus.
664 3068 793 3118 „Nam
818 3068 1137 3121 providissimus
1159 3067 1282 3109 Deus,
1315 3068 1371 3106 ita
1402 3066 1503 3106 Leo
1527 3063 1625 3104 XIII.
1656 3075 1716 3114 ep.
1742 3061 1897 3113 encycl.

315 3139 335 3163 H
349 3144 410 3162 nrt
423 3145 436 3162 e
450 3146 478 3168 r,
500 3138 648 3170 Compend.
672 3138 822 3171 theologiae
844 3141 865 3167 Ι,
892 3138 921 3163 10
954 3138 985 3163 ed
1624 3135 1662 3165 lO

24 1615 70 1709 Ξῖ
142 1599 352 1692 {peneum
387 1598 606 1646 requiritur
637 1609 818 1647 eQes-sa
850 1597 911 1633 vel
944 1597 1194 1644 aequivalens
1226 1596 1420 1633 Ecclesiae
1453 1597 1672 1648 declaratio,
1716 1599 1839 1643 Qua-m
1871 1600 1901 1636 si
1912 1572 2073 1656 ΖΛΜ
2078 1573 2175 1639 »20⁴2

2150 2102 2175 2116 Μ
