2175 3382
255 139 338 179 5373
593 131 710 164 'l'r.1··t.
734 129 790 163 tv.
809 129 852 162 tle
872 129 950 162 tide.
972 128 1023 161 De
1043 137 1192 161 assensu
1213 124 1424 169 magisterio
1443 124 1659 160 exhibendo

255 257 356 304 gunt
377 250 726 302 congregationes
748 259 966 292 romanae,
997 252 1042 287 ut
1075 246 1237 286 videtur
1267 244 1403 295 colligi
1435 254 1560 296 posse
1583 255 1635 284 ex
1659 241 1799 284 verbis
1822 242 1900 284 Pii
1921 242 1986 285 lx.

255 335 382 375 supra
404 321 542 362 allatis
564 326 605 361 et
627 331 678 360 ex
701 319 806 360 actis
829 319 870 359 in
893 330 1024 359 causa
1047 315 1480 362 traditionalistarum,
1512 325 1622 367 quae
1644 317 1795 355 auctor
1815 314 1881 356 cit.
1914 325 1988 355 ex-

255 394 369 434 hibet
390 406 428 445 p.
451 396 535 436 638
558 404 611 433 ss
636 390 702 445 (ct'.
726 400 854 442 supra
877 401 914 429 n.
938 387 1053 442 515).
1076 385 1198 437 Quod
1220 385 1255 426 si
1277 386 1322 428 «l.
1348 385 1478 425 menti
1500 382 1634 425 fidelis
1655 394 1755 425 vere
1776 396 1926 436 graves
1948 389 1990 426 et

254 464 426 509 solidae,
450 462 635 503 theolo
649 461 802 512 gicae
834 461 1098 512 praesertim,
1130 456 1411 498 obversentur
1441 455 1629 496 rationes
1663 455 1706 495 in
1727 456 1988 496 contrarium

255 534 386 588 (quod
408 546 492 587 quo
507 533 632 574 altius
647 530 831 572 tribunal
845 531 913 571 vix
929 529 1172 583 continget),
1196 528 1355 568 licitum
1370 531 1434 568 est
1448 525 1688 575 formidare,
1701 525 1989 567 conditionate

254 606 473 653 assentire,
496 605 581 645 imo
605 608 645 645 et
668 601 927 655 suspendere
959 611 1194 647 assensum,
1227 598 1363 639 donec
1395 597 1634 638 innotescat
1656 608 1892 638 consensus
1913 595 1991 638 Ec·-

255 676 408 717 clesiae
430 674 680 716 universalis
701 673 767 714 vel
789 672 956 713 romani
979 670 1211 723 pontil'icis;
1245 669 1425 722 ideoque
1457 669 1584 709 etiam
1618 667 1759 709 licebit
1790 667 1844 709 ad
1866 667 1991 710 altius

255 747 468 800 appellare
503 744 687 786 tribunal
719 743 804 786 scil.
840 743 905 783 vel
939 741 994 782 ad
1028 741 1252 782 concilium
1288 739 1354 781 vel
1388 739 1442 781 ad
1476 751 1704 780 romanum
1737 737 1992 791 pontificem.

256 820 452 859 Ceterum
475 830 515 860 e..
541 815 734 869 quamvis
760 813 968 866 ejusmodi
985 812 1192 865 judicium
1215 811 1480 852 auctoritatis
1511 809 1626 851 haud
1656 809 1882 851 infallibilis
1904 822 1991 852 non

254 900 422 941 semper
443 886 649 940 praebeat
681 885 953 926 securitatem
985 883 1253 935 obJ'ectivam,
1283 881 1459 934 praebet
1493 886 1637 922 tamen
1670 881 1904 933 generatim
1925 893 1993 923 se·

255 959 477 1000 curitatem
499 957 618 1009 subj
632 957 775 998 ectiv
789 968 886 996 am:
910 959 1120 1008 quatenus
1143 952 1340 994 omnibus
1363 957 1499 993 tutum
1521 956 1586 993 est
1606 951 1706 993 illud
1720 964 1807 993 non
1822 952 1991 1005 quidem

256 1043 306 1071 ex
330 1030 488 1071 motivo
511 1028 620 1077 fidei,
643 1027 717 1068 sed
740 1039 791 1068 ex
814 1027 973 1066 motivo
996 1025 1176 1066 aliarum
1200 1024 1400 1065 virtutum
1430 1022 1639 1076 amplecti,
1671 1027 1713 1064 et
1745 1027 1882 1065 tutum
1904 1035 1992 1064 non

256 1107 330 1150 est,
352 1100 510 1141 nedum
531 1099 690 1140 licitum
715 1097 769 1138 ob
792 1097 1067 1138 violationem
1090 1095 1258 1136 debitae
1281 1093 1577 1136 submissionis
1592 1105 1693 1146 erga
1703 1094 1992 1146 magisterium

256 1172 453 1213 divinitus
477 1170 763 1212 constitutum.
799 1167 1007 1220 ejusmodi
1037 1165 1301 1207 auctoritatis
1333 1170 1607 1206 contemnere
1639 1164 1835 1214 decreta;
1867 1177 1993 1218 prae-

256 1243 400 1284 sertim
433 1243 467 1283 si
501 1239 726 1294 prohibent
760 1239 946 1291 aliquam
980 1237 1219 1278 doctrinam
1253 1240 1299 1276 ut
1331 1236 1516 1276 noxiam.
1560 1234 1611 1277 Ut
1642 1235 1755 1276 enim
1786 1235 1995 1288 ejusmodi

256 1312 481 1366 probibitio
506 1312 559 1353 sit
580 1323 754 1364 prorsus
775 1309 960 1361 legitima
983 1313 1024 1349 et
1046 1307 1291 1349 authentica
1313 1318 1400 1347 non
1421 1307 1648 1359 requiritur
1660 1306 1886 1348 infallibilis
1901 1319 1993 1349 cer-

256 1384 389 1425 titudo
405 1382 592 1436 ejusdem
609 1383 812 1430 salsitatis,
827 1381 902 1422 sed
915 1379 1068 1422 sufficit
1088 1379 1379 1432 praesumptio
1402 1383 1443 1420 et
1465 1379 1620 1420 erroris
1641 1378 1862 1431 probabile
1882 1379 1995 1432 peri-

256 1455 408 1496 culum.
450 1454 589 1507 Atque
621 1454 662 1494 in
694 1464 847 1506 genere
880 1463 930 1492 eo
965 1451 1098 1504 magis
1129 1455 1264 1491 tutum
1296 1455 1360 1491 est
1393 1450 1575 1491 decretis
1596 1449 1676 1491 illis
1696 1450 1992 1491 incunctanter

257 1526 539 1579 acquiescere,
572 1524 685 1577 quod
719 1527 892 1576 propter
924 1522 1216 1563 omnimodam
1249 1521 1435 1562 fidelium
1469 1520 1778 1573 subjectionem
1799 1520 1878 1562 sub
1900 1533 1993 1562 ma-

257 1597 413 1649 gisterii
434 1595 660 1637 infallibilis
683 1594 936 1636 auctoritate
959 1604 1160 1634 assensus
1191 1592 1329 1633 omnis
1355 1591 1525 1643 judiciis
1557 1596 1599 1632 et
1631 1590 1991 1633 declarationibus

256 1667 486 1721 magisterii
508 1666 687 1708 sallibilis
711 1665 932 1713 exhibitus,
956 1663 1104 1704 habitu
1126 1668 1168 1704 et
1189 1662 1506 1716 aequivalenter
1520 1661 1586 1703 vel
1600 1662 1918 1715 interpretative
1931 1667 1994 1704 est

258 1739 584 1785 conditionatus,
608 1737 814 1790 quamvis,
836 1735 1039 1789 quamdiu
1070 1734 1185 1776 nulla
1215 1733 1402 1786 prudens
1434 1737 1475 1773 et
1505 1733 1644 1784 gravis
1679 1733 1862 1774 occurrit
1883 1733 1992 1774 ratio

259 1809 490 1857 dubitandi,
511 1808 694 1850 formam
716 1819 818 1860 prae
842 1819 888 1848 se
911 1804 1295 1859 feratabsolutam.

377 1903 472 1936 517.
506 1892 736 1936 Scholion
759 1890 1044 1945 praetieulll.
1087 1892 1290 1929 Praeclara
1311 1896 1350 1928 et
1374 1891 1487 1947 utilia
1519 1890 1727 1928 admodum
1759 1890 1987 1927 concionum

257 1956 488 2005 argumenta
509 1954 669 2003 praebet
691 1952 905 2002 disputatio
928 1953 972 1988 de
990 1952 1075 1998 fide.
1109 1951 1229 1987 Plura
1246 1951 1328 1999 jam
1351 1949 1578 1999 suppeditat
1599 1951 1713 1987 tract.
1728 1948 1930 1986 exordium
1944 1949 1988 1986 de

255 2015 344 2060 fidei
363 2015 611 2065 praestantia.
654 2013 705 2049 Et
725 2012 823 2049 hanc
847 2010 1032 2048 ostendes

374 2082 413 2125 I.
437 2084 469 2121 si
498 2084 616 2121 fidem
647 2083 868 2121 consideres
908 2084 953 2119 ut
988 2081 1124 2119 salutis
1157 2082 1328 2127 initium,
1369 2080 1592 2118 radicem
1623 2083 1663 2117 et
1691 2079 1994 2116 fundamentum

258 2144 380 2181 omnis
397 2143 703 2192 justificationis,
736 2144 782 2179 ut
812 2142 1022 2191 pharum
1052 2153 1122 2189 pro
1144 2141 1341 2189 praesenti
1363 2141 1457 2184 vita,
1489 2141 1537 2176 ut
1558 2137 1994 2187 anticipationem

256 2205 360 2240 vitae
381 2203 538 2239 futurae
560 2214 629 2239 seu
650 2201 810 2239 visionis
832 2200 1041 2238 beatificae.

378 2259 418 2302 l.
442 2261 556 2298 Fides
579 2263 637 2299 est
659 2261 798 2298 salutis
821 2259 1132 2309 supernaturalis
1155 2259 1327 2304 initium,
1359 2258 1659 2295 fundamentum
1681 2259 1721 2293 et
1740 2255 1850 2294 radix
1872 2251 1997 2293 omnis

258 2320 558 2370 justificationis.
600 2320 645 2356 Id
659 2319 889 2365 illustrabis,
913 2319 945 2356 si
959 2318 1285 2368 comparationem
1300 2317 1489 2355 instituas
1502 2317 1608 2353 inter
1619 2315 1736 2353 fidem
1751 2317 1791 2352 et
1802 2314 1998 2352 rationem

260 2378 313 2432 (n.
338 2386 421 2420 454
439 2376 492 2430 2);
515 2379 611 2416 haec
633 2378 737 2416 enim
759 2378 977 2427 plurimum
999 2377 1098 2415 lucis
1121 2377 1244 2423 affert,
1267 2379 1315 2414 ut
1334 2376 1533 2425 intelligas
1554 2374 1645 2412 fidei
1660 2375 1904 2412 momentum
1923 2385 1995 2422 pro

258 2439 340 2476 vita
371 2439 551 2475 humana.
592 2438 693 2474 Hinc
715 2450 806 2475 vero
828 2437 972 2474 inferre
992 2436 1087 2474 licet
1109 2436 1315 2474 corollaria
1334 2435 1516 2485 practica.
1560 2433 1671 2471 Sicut
1694 2433 1775 2471 scil.
1796 2431 1994 2470 hominem

258 2499 395 2547 utpote
426 2497 658 2534 rationalem
690 2496 798 2534 decet
830 2496 973 2534 rationi
1005 2495 1283 2533 convenienter
1314 2494 1490 2544 cogitari,
1524 2492 1644 2542 loqui,
1677 2504 1803 2542 agere,
1833 2493 1880 2529 ut
1911 2503 1952 2529 se
1975 2504 1997 2528 a

258 2557 375 2594 bruto
397 2555 637 2605 distinguat:
670 2556 724 2592 ita
757 2560 796 2593 et
820 2555 975 2593 fidelem
997 2556 1163 2604 oportet,
1194 2556 1242 2592 ut
1272 2566 1314 2592 se
1333 2553 1556 2603 distinguat
1577 2552 1625 2589 ab
1647 2550 1803 2589 homine
1824 2550 1995 2594 animali,

259 2629 279 2653 a
301 2615 395 2652 filiis
417 2615 535 2663 hujus
557 2614 689 2652 seculi.
723 2627 767 2651 ex
789 2614 864 2652 fide
885 2615 1016 2652 vivere
1037 2614 1062 2651 i.
1084 2626 1115 2651 e.
1137 2613 1229 2650 fidei
1257 2612 1532 2651 convenienter
1553 2609 1718 2660 cogitari
1739 2611 1781 2647 et
1798 2609 1920 2658 loqui,
1955 2608 1996 2645 in

258 2674 411 2712 lumine
439 2673 532 2710 fidei
562 2673 690 2710 omnia
721 2673 964 2710 considerare
996 2675 1035 2710 et
1066 2672 1294 2721 dijudicare,
1327 2671 1418 2709 fidei
1447 2670 1606 2709 motivis
1633 2669 1765 2707 omnia
1786 2680 1857 2706 sua
1878 2679 1995 2717 opera

261 2734 423 2777 elevare,
447 2731 684 2782 dignificare.

377 2790 418 2832 ⁶2.
441 2791 556 2828 Fides
589 2793 647 2828 est
677 2791 866 2839 pharus
891 2792 932 2828 in
961 2791 1176 2839 procelloso
1196 2789 1414 2838 praesentis
1445 2788 1550 2826 vitae
1579 2788 1678 2824 mari
1702 2797 1743 2827 a.
1765 2787 1899 2824 conixa
1929 2788 1996 2822 ‘te-

259 2851 443 2888 nebras
464 2850 710 2900 ignorantiae
742 2849 841 2887 circa
863 2850 1046 2887 veritates
1074 2849 1217 2887 summi
1236 2847 1437 2893 momenti,
1469 2858 1566 2895 quas
1597 2859 1646 2884 ne
1668 2845 1888 2895 philosophi
1908 2844 1996 2892 qui-

260 2910 348 2947 dem
369 2912 555 2959 poterant
575 2908 788 2946 dilucidare
821 2905 874 2960 (n.
902 2905 993 2960 13):
1026 2907 1073 2949 b.
1098 2911 1232 2946 contra
1252 2909 1314 2945 tot
1335 2906 1547 2944 dubiorum
1569 2905 1788 2943 nebulas
1809 2904 1997 2941 humana-

259 2981 427 3017 rumque
449 2967 676 3017 opinionum
700 2969 931 3012 commenta,
963 2972 1002 3004 zet
1013 2967 1101 3015 jam
1125 2979 1199 3004 non
1220 2967 1342 3004 simus
1356 2965 1515 3014 parvuli
1533 2964 1761 3012 fluctuantes
1781 2967 1814 3000 et
1835 2963 1994 3000 circum-

261 3029 437 3075 feramur
467 3027 570 3065 omni
601 3031 704 3064 rento
734 3027 929 3064 doctrinae
953 3026 1050 3074 Eph.
1075 3032 1110 3071 4,
1149 3032 1199 3066 14
1230 3026 1273 3062 in
1302 3024 1470 3074 negotiis
1501 3021 1768 3073 gravissimis3
1799 3030 1839 3062 (3.
1861 3022 1996 3058 contra

260 3086 524 3125 tentationum
547 3087 586 3123 et
608 3084 888 3122 difficultatum
921 3096 938 3122 s
952 3085 1133 3132 copulo
1147 3097 1162 3122 s
1196 3085 1506 3122 commonstrans
1532 3084 1661 3119 tutam
1683 3081 1727 3118 in
1747 3079 1886 3118 salutis
1906 3091 1995 3128 por-

2166 1401 2175 1479 4-4.-
