2175 3382
236 124 318 161 345
527 117 645 151 'l'i·act.
667 117 726 151 111.
745 117 789 151 de
808 119 981 162 primatu.
1001 118 1128 152 'rhesis
1147 118 1304 154 LXVIH.
1324 119 1486 154 Unitatis
1501 121 1668 155 custodia

247 235 411 286 giminis
435 237 612 277 sormam
637 241 816 278 naturae
838 237 1052 279 humanae
1078 239 1211 290 magis
1243 250 1336 279 esse
1368 250 1614 280 consonam.
1657 240 1746 282 Hoc
1777 243 1822 286 d.
1853 243 1971 284 evin-

243 319 339 348 cere
371 308 536 349 videtur
568 310 657 361 ipsa
696 311 755 351 rei
788 314 950 351 natura.
994 310 1086 362 Quo
1122 311 1233 351 enim
1267 312 1438 352 unitatis
1469 312 1718 364 principium
1743 313 1877 366 magis
1906 319 1972 355 est

244 391 371 419 unum
396 380 614 432 magisque
637 392 662 421 a
684 381 890 421 scissione
912 386 1135 430 remotum,
1169 393 1220 423 eo
1249 382 1410 422 tacilius
1432 383 1605 423 unitatis
1627 382 1806 424 formam
1829 383 1970 426 multi-

236 449 366 490 tudini
389 450 630 503 imprimere
654 452 816 503 poterit.
856 451 1148 502 „Manifestum
1172 457 1236 493 est
1258 453 1381 501 enim,
1405 453 1540 505 inquit
1561 466 1592 494 s.
1614 453 1849 496 Thomas
1874 457 1911 499 1.
1931 468 1971 508 p.

233 533 270 572 q.
299 523 380 564 103
402 533 438 564 a.
463 525 501 568 ὃ,
523 522 635 574 quod
660 524 799 574 plures
823 523 954 564 multa
977 525 1096 564 unire
1119 529 1159 565 et
1182 524 1446 565 concordare
1468 537 1554 566 non
1578 530 1766 577 possunt,
1788 527 1869 568 nisi
1890 527 1970 580 ipsi

235 591 377 644 aliquo
400 593 528 633 modo
552 594 763 634 uniantur.
807 593 907 634 Illud
931 599 1086 640 autem,
1117 594 1229 647 quod
1263 600 1326 635 est
1357 607 1432 647 per
1463 607 1509 636 se
1540 608 1684 645 unum,
1716 601 1855 649 potest
1876 609 1971 640 esse

240 674 373 703 causa
395 665 568 705 unitatis
591 665 923 713 convenientius,
955 677 1081 717 quam
1115 665 1234 706 multi
1266 666 1380 709 uniti.
1423 665 1542 707 Unde
1575 667 1798 709 multitudo
1821 668 1971 711 melius

240 733 499 785 gubernatur
521 746 594 787 per
617 748 759 784 unum,
782 748 908 788 quam
933 747 1008 788 per
1030 735 1204 788 plures.“
1247 736 1290 777 In
1313 737 1457 788 primis
1480 738 1514 777 si
1536 738 1740 780 latissime
1762 743 1880 791 patet
1899 751 1971 782 so-

240 805 391 845 cietas:
424 817 523 846 nam
556 811 655 846 tunc
687 818 738 846 eo
770 807 984 858 potentius
1016 818 1110 847 esse
1132 806 1257 848 debet
1279 808 1452 848 unitatis
1473 813 1665 849 centrum
1689 810 1908 863 magisque
1929 810 1972 851 in

241 880 439 928 promptu
471 876 524 916 ad
557 877 716 917 laesam
751 878 954 918 unitatem
978 889 1077 918 mox
1099 878 1428 919 resarciendam.
1470 878 1563 930 Quo
1586 880 1721 932 magis
1743 885 1887 922 autem
1917 880 1973 922 ad

244 959 373 986 unum
397 952 623 988 revocatur
645 952 834 999 potestas
857 949 1080 1001 minusque
1103 960 1178 1001 per
1199 949 1340 1001 plures
1363 948 1605 991 diffunditur
1630 962 1686 1003 ac
1715 950 1831 992 velut
1860 951 1977 997 scin—

235 1016 359 1066 ditur,
381 1029 431 1058 eo
455 1018 667 1059 efficacior
689 1018 839 1060 eadem
863 1024 927 1060 est
949 1024 991 1060 et
1013 1019 1148 1071 magis
1170 1020 1212 1059 in
1234 1025 1446 1072 prompm.
1470 1020 1630 1062 Idcirco
1653 1022 1782 1063 etiam
1805 1023 1973 1064 romani

243 1092 433 1140 tempore
455 1089 627 1140 periculi
651 1089 704 1129 ad
727 1102 858 1130 unum
880 1089 1144 1131 revocabant
1165 1102 1336 1131 omnem
1351 1095 1607 1143 potestatem
1630 1105 1847 1146 unumque
1868 1105 1973 1135 con-

235 1159 407 1200 stituere
422 1159 618 1201 solebant
632 1160 898 1204 dictatorem.
921 1161 1011 1202 Hoc
1026 1161 1207 1214 denique
1231 1175 1269 1205 e.
1292 1161 1623 1204 luculentissime
1643 1163 1829 1215 probant
1848 1164 1972 1206 facta.

244 1227 361 1270 Unde
385 1230 495 1270 enim
519 1231 561 1271 in
584 1230 773 1272 Ecclesia
795 1244 976 1273 romana
998 1237 1117 1273 tanta
1139 1233 1289 1282 unitas,
1322 1232 1406 1285 qua
1436 1234 1528 1286 ipsa
1555 1246 1641 1275 non
1664 1234 1863 1276 obstante
1883 1240 1973 1277 tam

236 1300 327 1340 lata
361 1300 583 1342 diffusione
607 1314 756 1343 omnes
778 1303 902 1356 longe
924 1303 1141 1356 praecellit
1163 1308 1310 1345 coetus
1336 1303 1585 1356 religiosos?
1626 1304 1726 1347 Inde
1747 1305 1862 1359 quod
1883 1305 1974 1359 ejus

239 1371 425 1422 regimen
448 1384 523 1424 per
555 1380 777 1414 consertos
799 1374 955 1426 gradus
987 1373 1038 1416 ad
1069 1374 1325 1427 singularem
1348 1375 1521 1416 tandem
1543 1387 1875 1430 supremumque
1896 1389 1973 1430 pa-

238 1446 396 1483 storem
411 1449 657 1493 revocatum
681 1444 776 1486 ideo
800 1446 912 1486 enim
934 1458 1065 1486 unum
1089 1451 1152 1487 est
1174 1458 1340 1498 corpus
1362 1459 1493 1487 unum
1507 1458 1696 1498 regnum,
1717 1460 1849 1488 unum
1863 1447 1974 1489 ovile

240 1512 317 1553 sub
352 1526 437 1554 uno
472 1520 656 1566 pastore,
689 1516 785 1557 ideo
821 1529 948 1569 quam
979 1517 1173 1569 proxime
1204 1516 1369 1557 accedit
1398 1517 1452 1558 ad
1483 1517 1598 1558 illam
1622 1519 1797 1559 unitatis
1820 1518 1974 1569 ideam,

240 1596 367 1636 quam
390 1586 433 1626 in
455 1598 533 1627 sua
547 1586 735 1628 Ecclesia
750 1586 940 1629 Christus
953 1589 1086 1629 voluit
1099 1600 1356 1641 expressam.
1382 1587 1500 1630 Unde
1521 1601 1623 1631 vero
1646 1590 1974 1642 protestantium

240 1659 386 1696 coetus
409 1669 537 1709 quam
559 1659 843 1700 remotissime
867 1659 1022 1700 absunt
1044 1659 1098 1700 ab
1119 1660 1202 1700 hac
1224 1660 1396 1701 unitatis
1418 1660 1526 1710 idea,
1558 1666 1599 1702 et
1628 1662 1671 1701 in
1692 1660 1783 1702 dies
1804 1671 1975 1714 semper

237 1727 369 1777 magis
399 1727 443 1768 in
474 1727 712 1781 fragmenta
734 1730 995 1783 dissipantur
1015 1731 1240 1771 innumera
1258 1731 1320 1787 1)?
1365 1729 1474 1782 Quia
1503 1732 1663 1784 rejecto
1686 1735 1858 1784 pastore
1879 1732 1974 1773 uni-

241 1798 396 1838 versali
419 1805 566 1840 carent
588 1801 705 1841 omni
726 1801 881 1851 medio,
913 1801 1025 1854 quod
1056 1813 1135 1854 par
1165 1802 1219 1842 sit
1239 1800 1485 1843 efficiendae
1506 1802 1668 1847 unitati.
1709 1801 1851 1853 Quare
1881 1805 1974 1856 ipsa

242 1869 419 1910 historia
440 1871 653 1923 religionis
667 1872 924 1914 christianae
939 1873 1105 1922 evincit,
1126 1873 1313 1915 medium
1328 1872 1859 1931 tutandae'kecclesiasticae
1879 1873 1974 1914 uni-

246 1940 342 1980 tatis
365 1940 563 1983 divinitus
578 1943 757 1984 electum
782 1956 875 1985 esse
896 1946 1082 1997 regimen
1097 1945 1421 1986 monarchicum
1437 1945 1492 2001 2);
1514 1944 1586 1986 ubi
1608 1945 1719 1986 enim
1741 1945 1826 1986 hoc
1845 1944 1975 1995 deest,

245 2016 394 2062 regnat
415 2012 645 2065 dissipatio.
668 2015 753 2055 imo
778 2020 819 2056 et
841 2015 1053 2064 consusi03
1076 2015 1148 2056 ubi
1170 2028 1271 2057 vero
1296 2015 1417 2057 adest
1438 2020 1480 2057 et
1501 2028 1585 2069 quo
1603 2016 1829 2068 perfectius
1842 2015 1976 2066 adest,

235 2080 306 2121 illa
326 2082 438 2133 viget
458 2085 611 2134 unitas,
633 2098 717 2138 qua
740 2086 945 2128 excellere
967 2086 1093 2127 debet
1113 2085 1312 2128 Ecclesia.

355 2168 483 2213 Quare
505 2170 640 2208 efficax
663 2175 724 2209 est
746 2185 773 2209 s.
797 2172 861 2209 Th
875 2186 896 2210 o
909 2186 946 2210 m
961 2185 1011 2210 ae
1033 2172 1252 2222 disputatio
1275 2185 1305 2210 c.
1319 2177 1456 2222 gentes
1471 2174 1535 2218 IV,
1554 2180 1628 2213 76:
1653 2173 1794 2218 ‚Nulli
1808 2173 1976 2211 dubium

242 2239 323 2264 esse
346 2229 471 2273 debet,
497 2231 593 2278 quin
615 2231 810 2269 Ecclesiae
831 2231 1010 2280 regimen
1032 2232 1086 2269 sit·
1107 2232 1252 2280 optime
1275 2232 1509 2277 ordinatum,
1531 2235 1669 2281 utpote
1689 2244 1760 2282 per
1780 2245 1871 2270 eum
1892 2231 1975 2270 dis-

243 2285 429 2333 positum,
452 2301 522 2337 per
544 2302 660 2337 quem
683 2302 788 2341 reyes
810 2296 971 2340 remeant
993 2296 1025 2328 et
1046 2292 1167 2341 Zeyum
1189 2292 1401 2328 conditores
1419 2292 1524 2338 justa
1554 2293 1760 2329 decernunt
1781 2289 1914 2344 (Prov.
1937 2297 1974 2338 8,

249 2341 328 2397 15).
373 2346 575 2395 Optimum
597 2352 729 2387 autem
750 2350 929 2399 regimen
949 2350 1221 2387 multitudinis
1244 2352 1313 2395 est,
1345 2352 1391 2388 ut
1412 2353 1574 2400 regatur
1601 2363 1672 2400 per
1700 2364 1838 2396 unum,
1869 2349 1976 2399 quod

379 2460 401 2503 ¹)
421 2459 525 2495 Hanc
541 2463 830 2506 protestantium
847 2464 887 2498 in
901 2464 1029 2508 plures
1044 2465 1163 2497 sectas
1181 2464 1460 2498 dissolutionem
1478 2464 1516 2498 in
1531 2464 1609 2498 dies
1623 2466 1848 2498 crescentem
1863 2464 1976 2509 pluri·

234 2511 302 2545 bus
319 2511 529 2548 describunt
547 2514 575 2547 B
586 2525 606 2548 o
619 2527 633 2549 s
646 2528 661 2549 s
671 2528 696 2549 u
707 2527 726 2550 e
736 2520 762 2555 t,
782 2516 946 2551 Histoire
963 2517 1026 2551 des
1043 2517 1262 2556 variations;
1290 2518 1307 2552 .]
1321 2520 1342 2551 ὂ
1354 2529 1371 2551 r
1381 2529 1416 2561 g,
1439 2516 1566 2552 Gesch.
1591 2517 1653 2552 des
1667 2517 1893 2552 Protestant.
1905 2518 1974 2552 etc.

234 2563 264 2597 D
277 2568 297 2598 ὃ
312 2564 320 2597 l
334 2564 369 2597 li
382 2577 402 2598 n
416 2577 442 2610 g
452 2577 471 2600 e
482 2578 499 2600 1·
520 2567 649 2601 Kirche
663 2569 738 2602 und
751 2569 908 2604 Kirchen
927 2570 1064 2614 passim
1078 2585 1085 2609 ;
1119 2580 1197 2604 eam
1226 2569 1402 2615 graphice
1429 2569 1642 2604 describunt
1669 2570 1692 2605 S
1703 2580 1722 2604 c
1733 2570 1756 2603 h
1770 2580 1789 2603 e
1799 2581 1823 2604 n
1834 2569 1857 2603 k
1869 2569 1911 2604 el
1939 2571 1978 2605 et

237 2616 268 2650 H
282 2628 301 2651 e
312 2630 334 2651 n
347 2630 397 2663 gs
408 2620 455 2653 te
467 2632 489 2653 n
501 2620 524 2654 b
537 2631 554 2654 e
566 2632 618 2665 rg
636 2622 673 2655 in
693 2622 755 2656 fol.
776 2622 870 2659 liter.
892 2622 1072 2657 Katbolik
1094 2626 1186 2659 1870
1202 2635 1239 2668 p.
1260 2628 1275 2658 1
1300 2636 1336 2669 p.
1351 2626 1437 2663 324;
1455 2625 1494 2658 in
1508 2623 1592 2657 hist.
1609 2624 1713 2669 polit.
1729 2623 1872 2658 Blatter
1885 2624 1977 2659 1873

236 2672 265 2703 t.
283 2671 340 2705 72.
360 2683 396 2716 p.
418 2675 479 2708 191
500 2675 738 2708 recensentur
754 2678 874 2708 sectae
889 2678 946 2717 83,
962 2676 999 2710 in
1015 2676 1195 2721 quaejam
1212 2676 1414 2711 dissolutus
1429 2678 1482 2710 est
1495 2677 1820 2721 protestantismus
1839 2676 1878 2710 in
1897 2675 1977 2710 sola.

238 2723 395 2768 Anglia;
425 2725 500 2759 imo
527 2736 559 2760 a.
580 2728 671 2760 1874
688 2728 978 2762 numerabantur
998 2730 1076 2768 173,
1104 2729 1238 2773 quibus
1264 2728 1310 2762 ad
1336 2740 1368 2762 a.
1398 2730 1487 2764 1878
1514 2729 1610 2763 aliae
1637 2732 1675 2763 ll
1702 2739 1908 2768 accessere;
1935 2728 1977 2763 in

246 2777 416 2811 America
435 2788 518 2811 vero
537 2779 818 2823 septentrionali
838 2780 1128 2815 numerabantur
1153 2792 1186 2815 a.
1208 2783 1297 2815 1843
1324 2783 1446 2815 sectae
1464 2783 1551 2820 2882
1579 2781 1624 2816 cf.
1648 2783 1735 2817 1893
1752 2784 1779 2817 t.
1801 2784 1880 2823 111,
1896 2783 1976 2823 253,

248 2830 310 2864 ubi
323 2841 385 2874 pra
392 2831 509 2864 eclare
524 2831 749 2866 inculcatur:
766 2831 870 2867 Ohne
879 2833 1117 2878 Apostolitus
1126 2835 1215 2869 kein
1224 2834 1476 2879 Apostolicum
1487 2835 1724 2881 (symbolum)
1735 2848 1743 2874 ;
1762 2834 1789 2869 L
1799 2845 1822 2868 a
1831 2846 1853 2869 a
1864 2846 1884 2869 c
1893 2835 1918 2869 h
1929 2844 1978 2868 er

233 2884 413 2919 Stimmen
432 2887 532 2921 1876.
552 2884 578 2925 I,
595 2887 676 2922 472.

378 2939 404 2982 ²)
424 2937 514 2972 Cum
534 2937 721 2981 loquimur
732 2940 775 2972 de
785 2939 965 2984 regimine
983 2953 1017 2974 m
1029 2952 1080 2975 on
1090 2942 1193 2975 arch
1203 2942 1213 2975 i
1223 2952 1284 2981 co,
1296 2941 1587 2986 praescindimus
1606 2942 1730 2983 niodo,
1748 2943 1870 2975 utrum
1882 2941 1976 2975 illud

243 2992 290 3026 sit
305 2991 515 3025 absolutum
533 3001 579 3024 an
594 2994 837 3036 temperatum
855 2993 1014 3036 quadani
1029 2994 1261 3029 aristocratia
1273 2994 1328 3029 vel
1344 2994 1454 3029 etiam
1471 2994 1714 3028 democratia:
1731 2994 1978 3040 intelligimus

246 3046 341 3078 enim
361 3055 402 3078 eo
420 3044 574 3078 formam
594 3044 696 3079 illam
716 3044 919 3089 regiminis,
938 3056 1031 3089 quae
1049 3046 1199 3081 tandem
1216 3049 1409 3082 revoca-tur
1427 3046 1473 3080 ad
1490 3059 1617 3088 unum,
1640 3046 1704 3090 qui
1723 3046 1856 3081 ceteris
1868 3047 1978 3091 juris-

235 3097 409 3132 dictionis
427 3098 614 3142 potestate
630 3097 779 3141 praesit.
