2175 3382
221 128 299 167 104
531 120 650 153 'Prae-t.
673 120 696 154 1.
715 119 898 163 Apologia
917 119 1022 161 relig-r.
1042 120 1168 154 christ.
1187 117 1314 153 'rhesis
1332 118 1425 152 XXI.
1446 119 1632 154 Miraculis

215 258 258 281 «fx
282 257 388 281 more
411 245 540 294 gentis
575 244 804 281 inveterato.
849 243 953 287 Quae
987 244 1019 280 si
1051 244 1179 280 omnia
1212 242 1422 292 diligenter
1454 244 1705 279 conferantur
1736 242 1956 290 expendan-

217 308 372 351 iurque‚
397 303 522 340 omnis
546 303 719 346 heroum,
744 303 811 351 qui
835 303 976 351 opponi
1001 303 1137 344 solent,
1162 302 1352 340 fortitudo
1376 302 1438 338 vix
1462 302 1593 338 tenuis
1615 301 1754 338 umbra
1776 301 1957 338 estillius

216 363 377 400 virtutis
401 366 439 399 et
462 362 715 402 constantiae.
740 375 857 410 quain
879 362 919 398 in
942 364 999 399 tot
1023 361 1261 410 martyribus
1285 360 1644 398 animadvertimus.

334 447 463 495 Longe
487 448 619 483 autem
642 445 767 493 majus
782 445 992 481 discrimen
1006 447 1165 492 apparet
1188 457 1225 480 m
1237 457 1258 481 a
1270 457 1288 480 r
1301 446 1314 479 t
1328 457 1351 492 3·
1366 457 1414 481 re
1428 456 1444 481 s
1468 444 1571 480 inter
1593 446 1631 480 et
1654 443 1788 480 milit
1803 455 1822 480 e
1835 455 1864 487 s,
1889 443 1957 491 qui

218 505 372 543 sortiter
393 518 464 552 pro
486 505 615 553 patria
637 506 815 553 pugnant
838 504 1153 551 occumbuntque
1175 503 1341 551 gloriose
1363 505 1597 552 pugnantes.
1628 502 1676 539 Hi
1699 502 1803 540 enim
1825 512 1867 542 a.
1891 514 1958 539 ne-

217 565 395 603 cessitate
417 565 647 612 plerumque
672 565 877 612 coguntur,
903 575 1018 611 quam
1042 574 1120 599 non
1142 565 1306 610 possunt
1338 562 1413 599 nisi
1436 562 1497 599 vel
1520 562 1627 610 turpi
1651 561 1754 611 fuga,
1787 561 1848 598 vel
1881 573 1958 598 ser-

216 624 345 661 vitute
367 623 541 672 indigna,
575 623 636 660 vel
659 622 907 659 ammissione
930 621 1120 659 bonorum
1144 621 1205 658 vel
1227 633 1364 670 graves
1388 621 1592 658 subeundo
1614 633 1756 670 poenas
1779 620 1959 658 evadere:

216 683 276 720 illi
298 695 388 719 vero
411 684 608 720 tormenta
630 681 759 718 omnia
781 681 862 719 solo
885 680 1003 717 verbo
1027 683 1207 728 nutuque
1232 692 1319 717 cum
1343 680 1486 717 summi
1509 680 1629 718 simul
1652 691 1718 728 spe
1741 679 1841 717 lucri
1863 679 1960 716 effu-

217 754 307 792 gere
331 742 566 790 potuissent.
610 740 754 777 Milites
776 738 821 780 b.
844 752 923 777 non
945 752 985 777 se
1009 743 1206 788 exponunt
1239 752 1274 776 m
1290 739 1392 776 orti
1415 741 1553 784 certae,
1587 739 1653 776 sed
1685 741 1842 776 tantum
1872 738 1962 787 plus

219 801 397 838 minusve
420 799 615 849 probabili
630 800 764 836 mortis
786 812 811 848 p
823 812 842 836 e
855 812 874 836 r
885 799 898 835 i
910 811 928 836 c
941 799 991 836 ul
1005 811 1038 838 o,
1063 798 1125 836 cui
1140 811 1217 847 quo
1233 798 1446 835 animosius
1463 810 1503 835 se
1518 798 1721 847 objiciunt,
1745 810 1789 835 eo
1804 797 1961 835 facilius

217 861 448 909 plerumque
471 860 539 896 illo
560 858 875 907 perfunguntur;
908 860 1094 906 martyres
1117 858 1353 895 cruciatibus
1375 857 1576 895 horrendis
1607 859 1811 906 certaeque
1843 857 1959 894 morti

219 931 258 957 se
280 919 506 956 offerebant.
549 918 723 955 Militum
746 930 847 955 mors
872 927 913 957 (3.
937 918 1171 965 plerumque
1194 919 1256 954 est
1278 917 1421 961 subita,
1445 917 1535 954 hinc
1558 916 1643 954 sine
1658 915 1880 954 vehementi
1894 915 1959 953 (lo-

220 979 319 1016 lore:
353 981 572 1026 martyrum
594 977 756 1026 prolixa,
790 976 960 1014 horrida.
1002 976 1074 1013 Isti
1097 974 1142 1016 (l.
1166 976 1354 1014 tormenti
1385 975 1547 1013 adibant
1576 975 1704 1012 animo
1734 974 1962 1023 tranquillo,

220 1037 391 1086 pacifico,
415 1037 564 1085 absque
586 1037 668 1073 ullo
691 1036 886 1073 vindictae
910 1035 1054 1081 studio,
1079 1035 1224 1084 absque
1246 1035 1303 1072 ira
1326 1038 1364 1072 et
1386 1035 1488 1079 felle,
1511 1035 1610 1072 bene
1633 1034 1761 1072 affecti
1782 1034 1845 1071 vel
1873 1046 1965 1083 erga

218 1096 371 1145 judices
395 1098 434 1133 et
456 1098 636 1138 tortores,
670 1096 768 1144 ipsis
792 1108 835 1133 ex
859 1095 988 1132 animo
1022 1106 1175 1132 omnem
1209 1094 1472 1132 condonantes
1496 1094 1692 1143 injuriam,
1726 1093 1894 1131 humiles
1926 1096 1965 1130 et

221 1155 268 1192 de
291 1167 360 1192 sua
390 1155 539 1192 virtute
571 1154 819 1192 diffidentes:
856 1154 1003 1191 milites
1036 1154 1268 1202 plerumque
1302 1154 1343 1190 in
1376 1153 1551 1202 pericula
1583 1155 1718 1199 ruunt,
1752 1151 1966 1189 ulciscendi

224 1214 356 1251 studio
380 1215 515 1262 iraque
538 1215 732 1260 ardentes,
756 1225 866 1251 coeco
890 1213 1010 1250 animi
1034 1213 1186 1261 impetu
1209 1213 1372 1262 abrepti,
1407 1212 1490 1250 suis
1513 1211 1771 1261 praefidentes
1802 1211 1965 1248 viribus.

224 1273 412 1322 Martyres
444 1283 484 1313 e.
519 1274 629 1310 nulla
661 1285 728 1322 spe
760 1273 860 1310 lucri
892 1273 1170 1313 movebantur:
1206 1272 1351 1309 milites
1381 1284 1510 1309 amore
1542 1271 1689 1320 patriae
1721 1272 1761 1308 et
1793 1282 1964 1313 suorum,

225 1343 321 1380 quos
343 1333 499 1370 fortiter
520 1333 733 1382 pugnando
756 1334 935 1377 tuentur,
960 1344 1025 1380 spe
1048 1332 1223 1380 praedae,
1259 1344 1326 1380 spe
1348 1331 1495 1381 gloriae
1519 1334 1559 1368 et
1580 1330 1747 1374 honoris,
1780 1342 1846 1379 spe
1877 1342 1966 1367 eva-

225 1391 342 1428 dendi
365 1392 583 1440 periculum
606 1392 859 1432 alliciuntur:
884 1391 988 1428 unde
1011 1392 1135 1439 liquet
1158 1391 1356 1427 immerito
1379 1390 1554 1427 militum
1576 1389 1850 1427 fortitudinem
1876 1400 1966 1425 con—

224 1450 316 1487 ferri
340 1462 429 1488 cum
450 1453 672 1500 martyrum
693 1451 922 1488 constantia.

346 1541 412 1581 92.
436 1538 603 1581 ThGSiS
627 1538 764 1580 XXI·
825 1551 1080 1593 Miz-acula,
1123 1560 1244 1594 quae
1283 1551 1682 1593 praedicationem
1728 1549 1970 1591 reliqionis

226 1611 511 1646 christianae
538 1611 757 1654 cpmitata
783 1613 906 1651 sunt,
933 1610 1160 1651 oriyinem
1188 1608 1286 1651 ejus
1313 1609 1544 1642 coelestem
1574 1609 1910 1642 demonstrant.

346 1645 729 1723 Demonstratio.²
773 1655 832 1719 ln⁵
859 1679 1005 1731 primis
1051 1677 1388 1718 demonstranda
1419 1681 1484 1718 est
1514 1676 1785 1717 historica
1817 1675 1970 1716 horum

229 1750 531 1791 miraculorum
554 1751 731 1791 veritas:
770 1750 822 1791 de
845 1761 994 1790 eorum
1018 1749 1130 1790 enim
1154 1749 1333 1790 veritate
1356 1749 1445 1789 sive
1477 1747 1772 1800 philosophica
1793 1747 1882 1787 sive
1904 1757 1972 1786 re-

230 1822 359 1863 lativa
382 1821 533 1862 eadem
556 1820 642 1862 fere
665 1821 799 1873 repeti
822 1824 1012 1873 possunt,
1045 1832 1155 1873 quae
1179 1820 1359 1860 diximus
1383 1819 1434 1860 de
1457 1818 1611 1860 Christi
1633 1818 1858 1859 miraculis.
1900 1816 1973 1858 Illa

231 1897 374 1934 autem
396 1892 602 1944 probatur
616 1892 860 1933 testimonio
876 1892 1002 1944 plane
1018 1891 1261 1933 authentico
1279 1891 1394 1932 omni
1409 1890 1659 1943 exceptione
1674 1889 1837 1942 maiori.
1860 1886 1972 1929 Sane

353 1965 394 2006 1.
419 1963 658 2004 referuntur
673 1975 724 2004 ea
740 1963 945 2004 miracula
961 1975 986 2003 a
1001 1962 1179 2003 testibus
1194 1974 1372 2003 numero
1396 1961 1484 2014 plu
1495 1961 1647 2002 rimis
1659 1992 1668 2009 ,
1692 1959 1772 2001 fide
1795 1959 1849 2001 ob
1862 1959 1974 1999 vitae

231 2035 502 2076 sanctitatem
533 2034 776 2087 famamque
809 2035 1029 2075 doctrinae
1061 2034 1206 2085 dignis,
1239 2033 1318 2086 qui
1349 2032 1419 2074 illa
1450 2033 1699 2085 plerumque
1730 2029 1974 2083 propriis

233 2106 365 2148 oculis
388 2111 657 2158 usurparunt.
700 2106 790 2146 Huc
824 2110 989 2158 spectat
1011 2105 1269 2146 daemonum
1293 2104 1483 2156 expulsio
1509 2115 1560 2144 ex
1583 2102 1857 2143 obsessorum
1880 2112 1975 2141 cor-

232 2177 408 2230 poribus
440 2179 531 2219 sola
565 2177 836 2218 invocatione
864 2176 1047 2217 nominis
1071 2174 1226 2216 Christi
1248 2174 1409 2223 effecta,
1441 2174 1560 2226 cujus
1582 2177 1711 2214 testes
1733 2177 1831 2213 sunt
1853 2175 1975 2224 quot-

234 2254 338 2302 quot
359 2262 436 2302 pro
460 2249 676 2302 religionis
700 2248 958 2289 christianae
982 2247 1179 2299 apologia
1202 2245 1360 2299 aliquid
1383 2245 1590 2297 scripsere
1612 2245 1653 2298 ¹).

357 2336 487 2380 „Haeo
509 2338 652 2380 autem,
677 2347 776 2383 quae
798 2334 967 2372 dicimus
991 2331 1056 2386 (de
1071 2332 1251 2382 Christo),
1275 2331 1407 2379 inquit
1429 2329 1748 2368 Athanasius
1771 2328 1818 2365 de
1832 2328 1977 2365 incarn.

233 2394 355 2432 Verbi
377 2408 413 2435 n.
440 2401 505 2439 48,
529 2394 671 2432 nonin
693 2394 784 2431 solis
808 2393 936 2431 verbis
969 2393 1201 2438 consistunt,
1235 2392 1302 2429 sed
1332 2391 1417 2439 ipsa
1448 2390 1566 2427 etiam
1596 2387 1836 2437 experientia
1866 2399 1977 2436 prae·

235 2454 385 2491 clarum
407 2454 567 2491 veritati
589 2454 657 2491 dat
678 2453 962 2492 testimonium.
1003 2451 1173 2489 Accedat
1194 2451 1328 2499 itaque
1351 2449 1533 2498 quisquis
1556 2447 1728 2485 voluerit
1749 2449 1792 2484 ac
1814 2445 1977 2484 virtutis

236 2512 408 2562 insignia
429 2513 470 2550 in
494 2513 638 2550 Christi
659 2513 883 2562 virginibus
906 2523 1057 2549 necnon
1080 2511 1121 2547 in
1143 2509 1466 2553 adolescentibus,
1500 2508 1570 2557 qui
1591 2506 1864 2544 castimoniam
1887 2517 1978 2554 pro-

236 2571 410 2617 fitentur,
447 2572 838 2620 immortalitatisque
869 2571 984 2608 fidem
1016 2570 1057 2607 in
1087 2572 1198 2607 tanto
1231 2568 1376 2606 Christi
1408 2569 1627 2616 martyrum
1659 2566 1774 2602 choro
1807 2566 1978 2601 contem-

238 2631 383 2679 pletur.
426 2631 566 2668 Veniat
589 2634 627 2668 et
650 2631 831 2679 quisquis
854 2643 908 2675 ea,
941 2642 1040 2678 quae
1063 2629 1246 2673 diximus,
1282 2627 1450 2676 experiri
1472 2626 1594 2675 cupit,
1626 2626 1744 2673 atque
1776 2623 1818 2660 in
1839 2622 1979 2660 mediis

392 2777 416 2819 ¹)
435 2774 487 2809 Cf.
507 2775 699 2809 innumera
719 2775 786 2808 hac
801 2774 845 2808 de
860 2785 898 2808 re
911 2776 1061 2818 patrum
1075 2773 1291 2807 testimonia
1305 2771 1344 2805 in
1357 2771 1500 2805 dissert.
1516 2769 1662 2803 nostra:
1680 2767 1844 2801 Daemon
1858 2765 1913 2799 vel
1928 2765 1981 2799 in-

246 2830 345 2863 vitus
363 2828 470 2862 testis
488 2828 664 2869 veritatis,
695 2839 816 2872 opusc,
835 2827 861 2868 Ι,
884 2831 950 2861 105
970 2839 1015 2861 ss.
1042 2828 1079 2861 et
1096 2826 1222 2860 annot.
1249 2835 1374 2869 opusc.
1392 2823 1454 2863 XI,
1476 2826 1541 2857 128
1559 2834 1586 2857 e.
1621 2821 1740 2864 Quare
1758 2819 1954 2854 Hilariu
1966 2830 1982 2852 s

242 2883 265 2917 1.
287 2887 325 2917 11
347 2882 392 2916 de
410 2882 507 2916 Trin.
528 2894 562 2918 n.
582 2885 602 2916 3
622 2882 779 2916 scribere
798 2882 940 2926 potuit:
961 2881 1068 2920 „Non
1087 2880 1185 2914 enim
1203 2878 1333 2923 negari
1349 2879 1424 2922 jam
1442 2877 1620 2917 Christus,
1637 2874 1727 2919 quin
1740 2874 1905 2909 Christus
1922 2872 1982 2912 sit,

240 2937 376 2981 potest,
394 2946 514 2980 neque
541 2936 677 2969 mundo
695 2934 914 2979 ignorabilis
934 2934 1040 2968 effici.
1068 2933 1174 2967 Hunc
1190 2930 1409 2978 prophetiae
1428 2929 1618 2964 volumina
1635 2928 1868 2972 consignant,
1884 2926 1983 2960 hunc

242 2993 451 3034 temporum
470 2989 636 3033 quotidie
654 2987 851 3032 proficiens
870 2987 1062 3032 plenitudo
1077 2988 1250 3026 testatur„
1268 2986 1366 3019 hunc
1382 2983 1634 3028 apostolorum
1649 2983 1686 3016 et
1697 2984 1903 3024 martyrum
1917 2989 1982 3024 per

242 3042 418 3077 virtutem
437 3043 667 3086 operationes
686 3041 890 3085 loquuntur
908 3041 1113 3085 sepulchra,
1141 3040 1239 3074 hunc
1267 3039 1431 3083 potestas
1458 3036 1620 3070 nominis
1649 3035 1705 3069 sui
1723 3034 1867 3079 probat,
1885 3033 1983 3066 hunc

244 3096 425 3130 immundi
443 3095 594 3140 spiritus
612 3094 845 3134 confitentur,
864 3094 960 3127 hunc
978 3092 1193 3137 punitorum
1212 3091 1432 3125 daemonum
1449 3090 1624 3123 resonant
1640 3087 1815 3131 mugitus.
1827 3094 1839 3107 <¹
