2175 3382
733 103 988 148 rationemque
1005 103 1263 148 multipliciter
1275 104 1393 149 juvat.
1843 111 1928 155 513

195 222 411 264 increatae
442 223 627 276 nullique
659 223 793 264 errori
824 223 1036 264 obnoxiae
1070 234 1116 263 se
1150 223 1193 263 in
1226 223 1490 276 disciplinam
1522 225 1692 266 tradat?
1735 225 1926 268 Postulat

194 294 240 337 b.
272 292 374 334 fides
406 306 627 335 assensum
650 294 817 335 firmum
850 306 928 346 pro
962 294 1110 335 motivi
1140 294 1340 346 pondere,
1372 307 1455 347 quo
1487 296 1588 336 nihil
1615 297 1769 338 rationi
1791 299 1925 351 magis

195 376 442 408 consonum.
497 363 688 406 Postulat
721 378 760 408 c.
797 364 910 413 fides,
951 376 1004 405 ne
1042 369 1202 406 temere
1236 366 1438 417 mysteria
1472 371 1644 419 propter
1678 378 1826 408 eorum
1861 369 1926 410 in-

192 435 698 487 comprehensibilitatem
718 448 981 488 respuamus,
1004 435 1070 476 vel
1092 436 1374 476 irreverenter
1396 441 1644 478 scrutemur.
1668 437 1785 489 „Quo
1809 440 1921 480 enim

192 506 418 555 intellectu,
440 507 574 560 inquit
595 506 932 558 Augustinus
955 506 1006 546 de
1030 505 1140 546 Trin.
1162 505 1211 555 V,
1239 511 1273 556 l,
1303 506 1439 547 Deum
1463 508 1575 559 capit
1599 508 1741 558 homo,
1768 510 1838 562 qui
1861 510 1925 562 ip-

192 589 285 617 sum
300 577 559 618 intellectum
573 590 708 626 suum,
731 590 814 630 quo
838 588 936 618 eum
959 577 1046 618 vult
1068 588 1234 629 capere,
1256 577 1447 618 nondum
1462 578 1627 630 capit?³‘
1652 578 1699 619 Et
1721 593 1751 620 s.
1769 580 1926 622 Basi-

190 647 298 688 lius
329 660 392 700 ep.
418 651 469 693 16
495 648 549 688 ad
569 647 906 689 Eunomium:
938 646 1009 697 „Si
1040 648 1347 688 minutissimae
1368 647 1571 690 formicae
1594 654 1792 691 naturam
1816 664 1925 692 non-

192 718 291 759 dum
323 719 563 771 cognitione
595 718 922 770 apprehendisti,
955 719 1170 771 quomodo
1197 719 1636 771 incomprehensibilis
1658 720 1734 762 Dei
1764 723 1848 763 vim
1880 727 1919 764 te

190 789 413 840 imaginari
434 789 625 841 gloriaris
637 791 680 829 ‘?“
721 788 914 830 Postulat
935 789 1116 842 denique
1144 790 1191 832 d.
1225 788 1339 839 fides,
1370 794 1416 830 ut
1448 791 1773 843 acquiescamus
1796 794 1922 834 certi-

189 860 324 901 tudini
358 859 507 901 morali
543 860 594 901 de
628 859 740 901 facto
774 860 1058 910 revelationis,
1094 873 1191 901 cum
1224 861 1333 901 haec
1363 860 1542 902 sufficiat
1573 862 1627 903 ad
1659 862 1921 914 dirigendam

188 931 318 972 vitam
342 931 561 972 hominum
583 932 827 972 universam
850 935 904 985 (n.
928 935 984 975 98
1007 933 1067 987 s).

307 1003 350 1044 5.
373 1001 565 1043 Tandem
587 1001 690 1043 fides
711 1002 808 1043 inde
831 1015 999 1056 quoque
1021 1014 1067 1043 se
1089 1004 1245 1044 rationi
1268 1003 1551 1053 commendat,
1576 1004 1690 1057 quod
1712 1005 1923 1047 nobilissi-

188 1085 305 1113 mum
337 1078 401 1114 est
430 1078 610 1114 naturae
641 1074 861 1114 rationalis
884 1073 1136 1126 obsequium
1159 1074 1315 1115 rationi
1336 1075 1553 1115 increatae
1577 1076 1799 1128 omnisque
1832 1078 1921 1118 veri

187 1142 291 1185 fonti
323 1144 556 1185 exhibitum
586 1149 676 1185 tum
704 1150 876 1197 propter
907 1149 1028 1186 actus
1059 1145 1348 1186 difficultatem
1370 1147 1425 1202 (n.
1449 1147 1599 1202 4813),
1628 1151 1718 1188 tum
1750 1152 1923 1200 propter

186 1215 506 1267 professionem,
542 1228 669 1268 quam
692 1216 867 1257 involvit
890 1221 931 1257 et
953 1228 1147 1257 summae
1169 1215 1245 1257 Dei
1267 1218 1509 1258 veracitatis
1533 1221 1574 1258 et
1596 1222 1769 1259 nostrae
1793 1219 1846 1259 ab
1871 1231 1921 1260 eo

187 1286 506 1339 dependentiae.
551 1286 700 1327 Merito
724 1299 823 1339 ergo
847 1287 1102 1328 concludere
1123 1300 1362 1340 possumus,
1393 1287 1522 1328 fidem
1555 1301 1599 1329 se
1630 1276 1816 1342 undique
1849 1303 1919 1330 ra-

185 1357 290 1398 tioni
313 1357 615 1398 commendare
638 1362 679 1398 et
700 1358 933 1399 secundum
958 1359 1170 1399 rationem
1193 1370 1298 1400 esse.

303 1431 401 1472 494.
432 1429 793 1473 Demonstratio
823 1443 869 1484 p.
899 1430 966 1472 ΙΙ.
1011 1429 1134 1470 Fides
1157 1434 1380 1482 praeterea
1401 1431 1611 1472 rationem
1635 1431 1917 1484 multipliciter

179 1499 300 1552 juvat
321 1499 633 1552 plurimumque
657 1500 871 1541 commodi
894 1512 946 1541 ex
967 1501 1227 1541 revelatione
1250 1501 1293 1541 in
1315 1501 1426 1541 hanc
1448 1501 1670 1542 redundat.
1702 1502 1803 1543 Fide

305 1570 345 1615 1.
379 1571 606 1623 ampliatur
631 1571 820 1623 supellex
842 1571 1095 1623 cognitionis
1118 1571 1343 1614 humanae.
1386 1572 1661 1614 Revelatione
1694 1574 1806 1614 enim
1838 1574 1916 1615 ho-

183 1642 320 1682 mines
342 1641 509 1683 discunt
530 1642 730 1682 veritates
753 1646 794 1682 et
814 1642 969 1682 rationi
992 1642 1171 1694 pervias,
1204 1655 1309 1695 quas
1333 1644 1443 1684 curis
1466 1648 1528 1684 tot
1550 1644 1784 1696 praepediti
1806 1658 1915 1685 nun-

184 1725 312 1765 quam
345 1713 599 1762 didicissent,
632 1718 673 1754 et
703 1714 824 1765 quasi
855 1713 1042 1766 quodam
1073 1713 1304 1766 telescopio
1331 1714 1542 1766 attingunt
1563 1715 1776 1765 veritates,
1808 1728 1917 1768 quae

183 1787 280 1824 sunt
301 1789 472 1835 praeter
494 1789 535 1824 et
557 1795 684 1836 supra
707 1784 943 1824 intellectus
966 1784 1170 1824 naturalis
1195 1784 1341 1828 aciem.
1385 1784 1555 1833 „Melius
1580 1790 1722 1827 autem
1746 1791 1820 1836 est,
1854 1788 1917 1827 in-

182 1855 272 1907 quit
292 1854 683 1895 Bonaventura
714 1855 757 1895 in
788 1858 813 1899 3
838 1855 874 1895 d.
900 1859 954 1899 23
978 1867 1014 1895 a.
1042 1860 1076 1903 1,
1111 1855 1177 1895 vel
1211 1855 1426 1895 modicum
1461 1856 1560 1908 quid
1593 1856 1644 1897 de
1676 1857 1764 1898 Deo
1797 1858 1916 1908 scire,

182 1937 310 1978 quam
333 1925 578 1966 coelestium
601 1925 666 1966 vel
688 1927 951 1966 terrestrium
974 1927 1169 1967 notitiam
1190 1926 1388 1967 habere.‘'=

300 1997 342 2040 ⁶2.
367 1996 585 2037 Revelatio
600 1996 752 2037 liberat
764 1997 976 2037 rationem
999 2009 1025 2036 a
1046 2001 1109 2037 tot
1132 1997 1346 2038 erroribus
1369 2001 1410 2038 et
1432 1997 1570 2038 dubiis
1592 1999 1781 2039 molestis
1804 2000 1916 2040 circa

181 2080 249 2108 res
271 2068 379 2108 scitu
401 2068 586 2108 maxime
608 2068 887 2116 necessarias,
911 2067 1063 2120 quibus
1086 2068 1260 2108 remotis
1275 2080 1425 2120 pacem
1441 2070 1799 2122 securitatemque
1822 2071 1915 2110 ani-

181 2139 260 2179 mis
297 2138 348 2179 de
383 2139 517 2179 altera
551 2140 637 2179 vita
672 2151 723 2179 ac
754 2138 805 2179 de
837 2150 914 2179 sua
946 2139 1081 2179 salute
1114 2139 1302 2179 sollicitis
1324 2139 1533 2180 conciliat.
1578 2139 1787 2190 Quocirca
1809 2141 1916 2182 sicut

179 2210 310 2251 homo
334 2210 589 2250 christianus
611 2211 771 2261 gratiae
794 2210 961 2250 innixus
985 2209 1125 2250 dicere
1147 2215 1306 2262 potest:
1337 2210 1487 2251 Omnia
1502 2224 1674 2265 possum
1697 2216 1740 2251 in
1762 2225 1818 2265 eo,
1845 2214 1915 2267 qui

179 2295 242 2321 me
264 2281 471 2334 confortat
493 2281 612 2336 (Phil.
634 2285 675 2333 4,
704 2284 786 2331 13),
817 2282 876 2321 ita
907 2281 1167 2321 revelatione
1201 2281 1376 2322 edoctus
1408 2294 1504 2322 cum
1527 2282 1643 2334 regio
1667 2283 1802 2334 psalte
1824 2283 1913 2334 glo-

179 2352 279 2392 riari
301 2352 472 2404 poterit:
497 2356 629 2405 Super
649 2353 835 2393 inimicos
858 2366 965 2392 meos
981 2353 1225 2405 prudentem
1250 2365 1311 2392 me
1332 2353 1467 2406 fecisti
1490 2353 1688 2393 mandato
1711 2359 1792 2408 tim,
1815 2355 1912 2409 quia

178 2425 224 2463 in
246 2430 456 2464 aeternwn
482 2423 581 2464 mihi
603 2427 670 2463 est.
716 2424 851 2477 Super
874 2437 1010 2463 omnes
1034 2424 1217 2463 docentes
1251 2437 1310 2463 me
1336 2424 1525 2472 intelleaess
1559 2425 1656 2478 quia
1679 2425 1912 2466 testimonia

181 2499 254 2536 tua
276 2495 486 2536 meditatio
520 2509 606 2535 mccc
638 2498 705 2534 est.
749 2493 882 2548 Super
904 2508 1015 2534 senes
1040 2493 1231 2546 insellari,
1262 2495 1360 2548 quia
1394 2495 1593 2536 mandata
1626 2499 1697 2535 ίιια
1730 2497 1913 2550 quaesivi

180 2565 262 2621 (Ps.
291 2571 382 2615 118,
406 2569 461 2610 93
484 2566 568 2620 ss).

297 2638 339 2680 3.
363 2637 582 2678 Revelatio
605 2637 698 2676 viae
721 2636 838 2676 ducis
860 2636 995 2675 instar
1017 2635 1155 2687 dirigit
1168 2636 1482 2688 inquisitionem
1498 2637 1686 2686 rationis,
1709 2642 1755 2678 ut
1777 2638 1910 2687 citius,

178 2708 380 2756 securius,
403 2707 567 2759 plenius
589 2707 810 2747 veritatem
835 2711 1107 2758 assequatur;
1141 2711 1298 2747 metam
1329 2707 1499 2756 indicat,
1535 2721 1618 2760 quo
1651 2710 1704 2749 sit
1735 2709 1909 2749 investi-

178 2779 348 2831 gatione
379 2777 722 2830 perveniendum.
764 2776 828 2817 Ad
861 2789 951 2817 rem
983 2788 1102 2819 conc.
1135 2777 1457 2819 coloniense
1490 2791 1525 2820 a.
1556 2782 1669 2823 1860
1692 2780 1750 2822 tit.
1778 2783 1797 2822 1
1824 2791 1856 2821 c.
1881 2783 1905 2823 6

178 2849 321 2890 docet:
350 2848 520 2901 „Neque
542 2849 611 2889 illo
634 2848 847 2889 Ecclesiae
870 2848 921 2888 de
945 2848 1146 2888 doctrinis
1169 2848 1471 2901 philosophicis
1489 2849 1648 2901 judicio
1672 2849 1906 2889 detrahitur

178 2920 407 2972 quidquam
431 2920 618 2960 veritatis
640 2919 844 2960 naturalis
867 2918 1132 2969 indagandae
1155 2919 1304 2959 studio.
1346 2919 1442 2960 Non
1475 2921 1587 2960 enim
1610 2919 1904 2972 philosophiae

176 3003 290 3040 usus,
317 2990 391 3031 sed
415 2990 603 3042 ejusdem
625 2991 740 3031 solus
763 2990 922 3031 abusus
945 2989 1216 3039 interdicitur,
1247 3002 1326 3031 nec
1358 2991 1583 3032 veritatem
1606 2991 1806 3042 indagare
1829 2990 1903 3030 sed

178 3073 366 3102 errorem
400 3061 537 3102 solum
569 3073 749 3114 eumque
780 3061 874 3101 fidei
907 3060 1205 3101 adversantem
1239 3066 1312 3102 aut
1345 3062 1399 3102 ad
1433 3073 1529 3102 eam
1564 3060 1904 3102 labefactandam

320 3143 480 3172 Hurter,
502 3143 647 3174 Compend.
667 3142 821 3174 theologiae
841 3146 864 3170 1.
887 3143 919 3167 10
951 3142 991 3167 ed.
1625 3133 1670 3164 33
