2175 3382
750 116 775 140 s.
795 104 1008 148 Scripturae
1027 114 1091 148 per
1108 103 1399 148 inspirationem.
1859 112 1940 153 179

207 227 256 263 M.
288 226 328 263 in
358 226 476 275 praef.
510 226 678 265 Moral.
712 225 752 262 in
775 225 861 262 Job.
894 238 930 262 n.
957 230 1002 263 2:
1037 224 1159 269 „Quis
1189 226 1281 262 haec
1314 227 1524 274 scripserit,
1559 227 1668 264 valde
1700 240 1939 277 supervacue

205 285 419 333 quaeritur,
453 296 540 321 cum
562 286 693 322 tamen
728 286 864 322 auctor
894 283 988 321 libri
1012 284 1181 332 Spiritus
1212 296 1239 321 s.
1271 284 1439 321 fideliter
1470 286 1659 322 credatur.
1701 287 1787 335 Ipse
1817 288 1942 338 igitur

206 344 300 381 haec
321 343 487 392 scripsit,
521 344 589 392 qui
612 343 816 381 scribenda
838 343 1013 381 dictavit.
1056 343 1144 390 Ipse
1168 343 1337 391 scripsit,
1372 343 1440 391 qni
1462 346 1501 380 et
1524 344 1563 380 in
1597 344 1704 382 illius
1735 358 1848 394 opere
1880 348 1939 385 in—

205 402 376 451 spirator
397 402 562 447 exstitit,
586 404 625 439 et
646 415 717 450 per
739 402 944 439 scribentis
967 413 1098 439 vocem
1120 401 1309 438 imitanda
1331 402 1378 438 ad
1400 414 1469 438 nos
1485 403 1569 450 ejus
1590 403 1689 441 facta
1710 406 1939 443 transmisit.

206 461 246 498 Si
269 461 402 511 magni
424 461 625 509 cujusdam
649 461 724 498 viri
748 461 939 509 susceptis
963 460 1140 509 epistolis
1176 461 1394 509 legeremus
1426 460 1554 504 verba,
1589 461 1655 498 sed
1687 475 1763 510 quo
1795 466 1940 502 calamo

206 520 374 557 fuissent
397 520 543 568 scripta
565 531 851 568 quaereremus,
885 519 1096 556 ridiculum
1117 519 1291 568 profecto
1315 521 1424 565 esset,
1457 519 1712 567 epistolarum
1745 526 1939 561 auctorem

205 579 302 616 scire
326 591 563 627 sensumque
587 590 825 628 cognoscere,
862 578 928 615 sed
949 578 1057 626 quali
1088 578 1234 615 calamo
1267 590 1400 615 earum
1432 579 1549 615 verba
1579 579 1766 627 impressa
1796 582 1941 620 fuerint

206 638 403 687 indagare.
448 637 542 674 Cum
565 650 656 687 ergo
678 650 761 675 rem
783 637 1054 686 cognoscimus
1077 637 1242 684 ejusque
1265 637 1320 674 rei
1343 637 1532 685 Spiritum
1556 650 1584 674 s.
1608 641 1805 676 auctorem
1833 644 1939 679 tene-

205 709 302 742 mus,
339 696 407 745 qui
430 697 660 745 scriptorem
684 696 921 745 quaerimus,
956 695 1052 744 quid
1075 695 1182 733 aliud
1215 696 1380 745 agimus,
1415 695 1492 733 nisi
1514 696 1689 745 legentes
1724 698 1859 736 literas
1894 700 1940 737 de

204 756 350 793 calamo
374 757 704 804 pe1·contamur‘?<<
729 778 784 782 -
806 755 985 792 Eundem
1007 754 1048 791 in
1071 766 1230 791 sensum
1253 754 1282 791 T
1290 755 1318 804 -li
1319 767 1356 803 g
1363 755 1605 801 Qus
1629 757 1747 804 praef.
1771 757 1811 794 in
1834 759 1940 796 Psal-

206 827 287 852 mos
308 818 517 863 postquam
539 814 677 852 retulit
699 814 944 862 quorundam
971 814 1209 851 sententiam
1223 814 1356 862 plures
1387 826 1471 851 esse
1493 815 1733 862 psalmorum
1747 820 1939 855 auctores:

207 900 223 917 »
235 873 316 923 Ego
338 875 480 918 autem,
513 873 656 921 inquit,
690 873 737 910 de
769 873 829 909 his
862 872 962 910 nihil
994 885 1087 910 sane
1120 872 1278 909 affirmo.
1323 873 1425 917 Quid
1458 873 1561 909 enim
1594 886 1678 910 mea
1709 875 1828 913 refert
1860 877 1941 913 sive

205 933 322 982 hujus
344 944 490 977 omneS,
516 932 598 970 sive
620 932 779 970 illorum
802 932 925 980 aliqui
948 932 1041 980 sint,
1066 944 1154 969 cum
1178 934 1328 969 constet
1351 931 1475 969 divini
1498 931 1668 980 Spiritus
1692 933 1827 971 afflatu
1853 936 1940 972 uni-

205 1002 338 1029 versos
360 1003 444 1029 esse
467 991 735 1040 conscriptos?
759 1023 766 1030 .
792 1020 798 1027 .
824 1020 831 1027 .
855 991 1070 1039 Prophetae
1092 994 1224 1028 autem
1246 993 1306 1028 est
1327 990 1505 1040 linguam
1519 991 1704 1039 praebere
1718 992 1941 1031 ministram

203 1050 352 1099 gratiae
374 1063 401 1089 s.
425 1050 608 1099 Spiritus,
645 1053 691 1087 ut
713 1051 861 1100 legitur
882 1050 924 1087 in
946 1049 1113 1087 Psalmis
1138 1056 1203 1095 44,
1231 1056 1273 1088 2:
1311 1050 1465 1099 Linyzca-
1498 1063 1579 1087 mea
1602 1051 1774 1089 calamus
1796 1054 1941 1090 scribae

203 1110 371 1147 velociter
391 1110 596 1147 scribentis.
609 1116 624 1132 «

323 1192 395 1229 Vel
418 1192 507 1256 deni
538 1205 588 1261 qe
610 1201 719 1250 (3.,θᾶ
741 1191 918 1228 inferunt
952 1192 1200 1236 consectaria,
1237 1204 1335 1240 quae
1367 1192 1558 1241 originem
1591 1193 1765 1230 divinam
1796 1206 1939 1243 suppo-

205 1253 318 1297 nunt,
352 1242 501 1288 scil'.‘ve
542 1263 703 1288 minima
725 1251 763 1287 in
788 1250 932 1287 divinis
955 1250 1068 1287 libris
1100 1251 1218 1299 plena
1250 1262 1333 1288 esse
1366 1240 1574 1302 sb'hsibus„
1595 1253 1639 1288 ut
1670 1264 1715 1288 ex
1746 1265 1803 1301 gr.
1827 1253 1940 1290 Gre-

205 1310 385 1360 gorius
407 1305 489 1347 naz.
521 1310 567 1347 de
589 1310 683 1359 fuga
714 1322 782 1347 sua
803 1322 841 1347 n.
870 1316 972 1349 105:
1011 1309 1117 1353 »Nos
1147 1309 1216 1358 qui
1246 1309 1457 1358 perfectam
1490 1311 1738 1348 veracitatem
1771 1311 1940 1360 Spiritus

205 1369 324 1406 etiam
346 1381 473 1417 usque
497 1369 544 1406 ad
566 1369 690 1406 levem
714 1369 863 1417 apicem
885 1371 924 1406 et
946 1369 1090 1405 lineam
1112 1369 1374 1414 extendimus,
1407 1381 1483 1406 non
1519 1370 1776 1415 concedimus,
1814 1383 1940 1418 neque

203 1428 310 1465 enim
331 1428 388 1465 fas
412 1431 484 1473 est,
508 1429 570 1466 vel
591 1428 855 1484 res‘minimas
878 1441 899 1465 a
922 1427 1179 1476 scriptoribus
1201 1440 1285 1465 esse
1307 1409 1452 1465 teffi‘ere
1474 1429 1663 1480 positas,<K
1707 1429 1809 1478 Lege
1823 1430 1941 1467 verba

210 1487 569 1536 Chrysostomi
602 1499 720 1535 supra
751 1500 788 1524 n.
819 1487 965 1527 15:323„
1010 1487 1061 1524 Cf.
1086 1482 1395 1533 Scheeben²{§
1425 1494 1486 1527 16.
1530 1487 1754 1524 Doctrinam
1788 1489 1939 1526 scholae

208 1546 367 1583 exhibet
388 1546 614 1596 Holzhey
637 1547 705 1584 Die
727 1546 965 1595 Inspiraffion
997 1546 1065 1583 der
1087 1546 1122 1584 h.
1147 1545 1290 1583 Schrift
1321 1537 1362 1582 in
1384 1545 1452 1582 der
1474 1546 1741 1596 Anschauung
1763 1547 1829 1584 des
1855 1549 1938 1585 MA.

210 1605 404 1643 Miinchen
431 1611 552 1646 1895.

362 1699 456 1742 159.
494 1697 793 1751 Inspiratc'onis
826 1697 946 1739 notio,
989 1721 1045 1726 »-
1088 1695 1293 1747 Dogmate
1340 1695 1547 1736 catholico
1583 1695 1634 1736 de
1667 1696 1941 1749 inspiratione

209 1767 453 1821 Scripturae
475 1768 700 1816 vindicato,
728 1767 818 1819 J'am
850 1766 904 1808 ad
936 1766 1214 1807 evolvendam
1236 1766 1524 1818 inspirationis
1557 1767 1835 1808 notionem
1868 1781 1940 1809 ac-

210 1839 433 1880 cedamus:
458 1839 511 1879 ad
533 1850 660 1890 quam
683 1836 978 1878 illustrandam
999 1836 1106 1877 haec
1129 1847 1181 1876 ex
1204 1835 1350 1876 ordine
1373 1840 1592 1876 notentur:

333 1923 370 1965 1.
402 1922 445 1962 in
468 1919 655 1974 quolibet
676 1919 783 1960 libro
807 1918 1069 1960 considerari
1090 1930 1216 1970 posse
1248 1918 1539 1967 veritates,
1570 1930 1678 1971 quae
1701 1921 1942 1971 exprimun-

210 1998 290 2042 tur,
321 1993 496 2045 signa,
528 1990 680 2044 quibus
712 1990 888 2031 eaedem
921 1988 1219 2042 significantur,
1252 1993 1294 2029 et
1324 1988 1474 2038 finis,
1508 1989 1577 2041 qui
1609 1989 1662 2029 ab
1695 1995 1869 2032 auctore
1900 1993 1942 2032 in

212 2063 436 2104 scribendo
458 2062 566 2103 libro
589 2061 829 2104 intenditur.
872 2060 909 2100 A
931 2060 1012 2101 tine
1034 2060 1201 2113 pendet,
1224 2059 1323 2112 quid
1346 2071 1397 2100 ex
1420 2059 1629 2108 omnibus,
1659 2073 1768 2113 quae
1789 2062 1941 2103 librum

212 2134 485 2182 constituunt,
519 2133 573 2173 sit
606 2131 661 2173 ab
696 2136 871 2173 auctore
905 2143 982 2184 per
1017 2143 1062 2172 se
1097 2131 1305 2172 intentum
1337 2130 1677 2183 elementumque
1712 2131 1942 2174 formale

212 2204 306 2245 libri
321 2203 608 2245 determinans
623 2203 713 2256 ejus
728 2203 943 2255 propriam
960 2203 1182 2251 rationem,
1204 2207 1250 2242 ut
1271 2201 1366 2242 talis
1389 2202 1452 2250 sit,
1476 2201 1643 2253 qualem
1666 2202 1780 2243 illum
1795 2209 1944 2245 auctor

211 2275 400 2316 intendit.
434 2273 529 2315 Jam
551 2285 652 2315 vero
669 2274 868 2314 veritates
884 2272 1145 2329 (plurimum)
1169 2272 1380 2325 pertinent
1402 2272 1456 2313 ad
1478 2272 1733 2313 elementum
1755 2272 1943 2323 formale,

211 2345 345 2387 verba
359 2349 513 2393 autem,
529 2344 679 2397 quibus
691 2344 890 2385 veritates
902 2343 1190 2396 significantur
1205 2345 1261 2399 (et
1278 2343 1523 2395 plerumque
1535 2354 1683 2384 eorum
1695 2343 1945 2402 dispositio),

213 2417 426 2469 pertinent
455 2427 530 2468 per
561 2427 606 2456 se
638 2414 692 2456 ad
725 2415 980 2456 elementum
1012 2414 1106 2454 libri
1136 2413 1447 2454 materiale:
1481 2413 1612 2454 multo
1635 2415 1769 2466 magis
1791 2415 1942 2467 lingua.

213 2498 299 2539 qua
321 2487 586 2538 conscriptus
609 2491 673 2527 est
693 2485 818 2534 liber;
851 2498 934 2538 qua
961 2485 1012 2525 de
1037 2497 1168 2526 causa
1190 2483 1384 2525 Canisius
1405 2489 1549 2524 manet
1572 2489 1721 2525 auctor
1742 2487 1806 2526 sui
1828 2493 1942 2528 cate-

215 2559 376 2608 chismi,
406 2559 449 2599 in
475 2570 788 2611 quamcumque
811 2558 987 2598 vertitur
1008 2557 1205 2609 linguam.
1247 2556 1293 2597 ln
1324 2556 1571 2597 recensione
1595 2560 1737 2597 autem
1760 2557 1943 2598 chrono-

215 2629 352 2681 logica
365 2641 641 2670 romanorum
656 2627 901 2681 pontificum
926 2628 1029 2669 ordo
1054 2627 1377 2679 chronologicus
1401 2631 1465 2668 est
1487 2627 1741 2668 elementum
1756 2627 1943 2676 formale,

216 2712 303 2741 non
324 2711 427 2741 vero
449 2700 493 2740 in
515 2699 655 2752 aliqua
669 2699 1002 2740 chrestomathia
1025 2699 1129 2739 ordo
1152 2700 1410 2750 poematum.
1442 2698 1487 2738 In
1509 2698 1643 2739 lexico
1668 2703 1781 2739 certe
1805 2699 1943 2750 lingua

216 2770 478 2825 elementum
495 2774 559 2811 est
580 2770 805 2811 essentiale
828 2774 903 2810 etc.
947 2769 1019 2810 His
1042 2769 1210 2810 statutis
1233 2769 1409 2809 dicimus

211 2847 377 2917 'f‘'⁸2„
411 2853 625 2894 neminem
655 2864 755 2893 vere
786 2852 936 2893 haberi
956 2863 1082 2905 posse
1106 2851 1200 2892 libri
1231 2855 1462 2900 auctorem,
1494 2851 1573 2891 nisi
1604 2851 1673 2902 qui
1706 2850 1867 2892 efficiat.
1900 2855 1944 2890 ut

198 2922 369 2963 'saltem
390 2922 444 2972 id,
466 2923 579 2976 quod
602 2927 666 2964 est
687 2923 942 2964 elementum
958 2922 1135 2963 formale
1149 2922 1254 2971 libri,
1277 2934 1303 2962 a
1325 2933 1370 2962 se
1393 2926 1534 2962 mente
1550 2925 1800 2972 conceptum
1815 2920 1944 2960 literis

219 2994 501 3044 consignetur.
542 2993 595 3035 Ut
617 3006 716 3046 ergo
739 2995 831 3047 quis
857 3005 933 3046 per
955 2993 1135 3034 alterum
1158 2998 1376 3046 tamquam
1398 3004 1473 3045 per
1495 3004 1668 3032 causam
1694 2990 1943 3030 ministeria-

218 3063 313 3113 lem,
336 3064 501 3105 ratione
522 3068 666 3105 tamen
689 3070 729 3106 et
751 3065 968 3106 voluntate
991 3068 1197 3116 agentem,
1221 3068 1368 3105 auctor
1391 3064 1443 3104 sit
1464 3063 1569 3112 libri,
1595 3061 1745 3103 efficiat
1768 3064 1945 3112 oportet,

1679 3133 1736 3164 12*
