2175 3382
888 111 1011 145 vei-iae
1031 115 1183 158 species.
1815 129 1900 171 123

169 234 430 273 Constitutiva
459 245 503 270 ea
533 232 689 276 dicitur,
723 245 799 280 qua
833 233 1027 271 doctrinae
1059 235 1290 274 christianae
1313 242 1428 287 caput
1450 241 1620 279 traditur
1643 243 1841 293 Scriptura
1862 258 1895 284 s.

167 304 247 331 non
267 292 587 341 comprehensum
600 305 607 335 ;
622 291 834 336 inhaesiva,
857 293 969 340 cujus
983 293 1176 342 objectum
1192 295 1335 333 divinis
1350 310 1504 346 quoque
1520 300 1642 338 literis
1656 304 1895 342 continetur.

286 349 329 391 3.
352 351 514 389 Ratione
537 350 733 399 objecti
755 352 847 387 sunt
869 351 932 387 vel
955 350 1274 402 dogmaticae
1297 356 1358 392 vel
1381 356 1776 406 disciplinares;

285 407 329 450 4.
351 410 502 448 ratione
525 409 826 446 durationis
849 409 911 446 vel
932 414 1214 460 perpetuae
1236 414 1297 449 vel
1320 417 1655 463 temporales:

244 483 248 486 ⁴
285 467 326 509 ὅ.
348 469 502 506 ratione
524 468 625 505 loci
646 468 708 504 vel
729 468 1061 506 universales
1083 471 1144 507 vel
1167 471 1381 511 locales:

284 527 328 568 6.
351 528 501 565 ratione
524 539 545 564 o
557 527 751 575 bligati
763 527 870 564 onis
898 527 1195 566 distribuuntur
1226 530 1267 566 in
1289 543 1352 567 eas
1375 544 1474 580 quae
1499 537 1591 571 sunt
1614 548 1636 582 p
1648 548 1666 571 r
1678 549 1697 572 a
1711 549 1729 572 e
1742 548 1759 573 c
1772 550 1790 574 e
1802 552 1826 586 p
1839 544 1855 574 t
1868 539 1895 582 i,

165 589 206 625 et
227 599 290 624 eas
312 599 410 635 quae
433 588 528 624 sunt
549 585 773 623 consilii.
817 585 890 623 Sed
911 587 1076 624 maxime
1100 589 1270 626 notanda
1293 592 1350 627 est
1372 590 1574 628 distinctio

288 643 329 685 7.
360 645 511 683 ratione
542 657 563 682 0
577 658 596 682 r
609 645 622 681 i
636 645 785 694 ginis
801 674 808 689 ‚
851 645 1066 682 secundum
1097 659 1213 695 quam
1244 648 1546 698 distinguuntur
1577 652 1616 688 in
1648 652 1670 688 d
1687 653 1699 688 i
1713 666 1736 689 v
1751 654 1803 690 in
1819 668 1839 691 a
1853 668 1869 691 s
1886 685 1894 698 ,

167 705 484 754 apostolicas
507 705 546 740 et
568 704 970 741 ecclesiasticas.
1014 705 1187 742 Primum
1219 707 1438 744 membrum
1461 709 1604 746 iterum
1627 710 1803 748 bifariam
1825 726 1891 761 pa-

165 766 235 802 tet.
258 763 528 801 Traditionum
550 762 655 799 enim
677 762 900 800 divinarum
932 763 1032 800 aliae
1054 766 1147 801 sunt
1167 765 1214 802 ab
1237 766 1321 814 ipso
1346 767 1495 804 Christo
1518 768 1722 807 institutae
1744 773 1783 807 et-
1803 784 1891 819 pro-

166 823 376 873 mulgatae,
409 835 507 871 quae
540 824 728 859 vocantur
750 821 1051 867 dominicae;
1084 823 1180 860 aliae
1203 824 1249 861 ab
1273 826 1459 873 apostolis
1492 830 1585 864 sunt
1614 830 1894 878 promulgatae.

165 881 233 919 sed
255 881 425 919 dictante
447 893 475 918 s.
491 881 652 930 Spiritu,
678 893 776 929 quae
799 881 986 918 dicuntur
1009 881 1032 918 d
1044 882 1093 919 iv
1105 882 1156 919 in
1169 895 1188 919 0
1201 905 1217 910 -
1229 896 1249 920 a
1260 896 1285 932 p
1297 896 1318 920 o
1330 885 1430 922 stol
1444 885 1456 922 i
1469 897 1486 922 c
1499 898 1520 922 a
1531 898 1560 923 e.
1584 886 1666 924 Hoc
1688 887 1893 926 discrimen

163 941 298 978 innuit
311 953 422 983 conc.
444 940 704 977 tridentinum
726 940 858 977 verbis
881 952 997 989 supra
1019 954 1055 977 n.
1085 947 1162 982 108
1184 943 1197 966 1
1219 942 1361 979 allatis.
1391 943 1634 982 Traditiones
1657 947 1894 994 apostolicae

164 1012 230 1036 eae
260 999 458 1045 dicuntur,
491 1012 589 1048 quae
620 999 811 1048 originem
832 999 978 1036 habent
1010 1000 1057 1037 ab
1080 1002 1280 1049 apostolis,
1314 1004 1506 1049 quatenus
1530 1006 1641 1041 erant
1663 1007 1831 1042 rectores
1854 1010 1895 1043 et

162 1060 338 1107 pastores
359 1059 620 1101 ecclesiarum,
649 1057 719 1106 qui
740 1070 810 1106 pro
833 1062 989 1106 accepta
1010 1061 1204 1107 potestate
1227 1063 1408 1109 poterant
1429 1061 1621 1100 Ecclesiae
1645 1063 1891 1113 disciplinam

162 1117 356 1155 moderari
386 1121 425 1155 et
454 1130 524 1166 pro
555 1117 766 1166 prudentia
797 1117 873 1154 sibi
895 1117 1086 1155 divinitus
1108 1118 1239 1156 infusa
1260 1119 1301 1156 in
1323 1119 1500 1157 fidelium
1521 1122 1764 1160 commodum
1786 1124 1892 1172 leges

161 1175 264 1213 ferre
286 1176 347 1227 (cf.
375 1184 390 1216 1
419 1176 501 1214 Cor.
528 1184 562 1220 Τ,
593 1184 654 1217 10.
681 1173 763 1228 12).
790 1176 899 1213 Aliae
921 1176 1153 1215 traditiones
1175 1177 1384 1216 institutae
1406 1182 1497 1216 sunt
1521 1180 1567 1217 ab
1589 1181 1769 1227 Ecclesia,
1793 1194 1894 1230 quae

161 1247 241 1272 non
270 1235 452 1273 dissimili
481 1236 603 1284 pollet
634 1236 739 1284 leges
771 1235 961 1272 condendi
992 1236 1239 1282 auctoritate,
1272 1239 1310 1274 et
1341 1238 1412 1275 hae
1435 1239 1510 1276 dici
1533 1239 1659 1276 solent
1681 1241 1890 1278 ecclesi-

162 1294 366 1334 asticae.
388 1295 528 1332 Notari
548 1296 681 1332 tamen
703 1295 829 1338 debet,
851 1294 1082 1332 traditiones
1103 1296 1333 1344 apostolicas
1348 1297 1410 1334 vel
1424 1298 1699 1335 ecclesiasticas
1714 1300 1891 1348 quando-

161 1366 237 1401 que
268 1367 290 1390 a.
318 1353 495 1402 patribus
524 1354 656 1391 vocari
679 1353 844 1398 divinas,
878 1366 921 1391 eo
943 1354 1048 1402 quod
1070 1355 1172 1392 Deus
1194 1358 1233 1392 et
1257 1356 1443 1403 apostolis
1466 1358 1503 1393 et
1525 1357 1717 1394 Ecclesiae
1740 1370 1891 1396 conces-

161 1412 256 1449 serit
277 1413 469 1461 ejusmodi
489 1413 783 1457 auctoritatem
812 1413 913 1450 sicut
936 1413 1051 1450 etiam
1073 1414 1306 1451 traditiones
1328 1415 1481 1452 divinae
1504 1416 1736 1464 quandoque
1758 1419 1889 1466 appel-

159 1471 295 1509 lantur
315 1472 549 1520 apostolicae
564 1472 625 1508 vel
648 1472 941 1517 ecclesiasticae,
965 1472 1056 1519 quia
1079 1473 1243 1521 apostoli
1266 1476 1305 1510 et
1318 1474 1491 1511 Ecclesia
1512 1475 1597 1512 illas
1611 1483 1890 1525 propagarunt.

159 1531 275 1567 Patet
295 1533 428 1568 autem
450 1531 658 1568 discrimen
688 1531 793 1568 inter
814 1530 1046 1568 traditiones
1073 1532 1224 1569 divinas
1248 1535 1286 1569 et
1307 1545 1411 1569 mere
1433 1534 1661 1582 apostolicas
1684 1536 1747 1571 vel
1769 1536 1888 1572 eccle·

161 1589 357 1635 siasticas;
389 1590 486 1627 istae
527 1590 631 1627 enim
661 1592 869 1627 versantur
903 1590 1000 1627 circa
1040 1591 1157 1627 solam
1197 1591 1455 1640 disciplinam,
1491 1592 1657 1640 ideoque
1688 1605 1767 1630 11011
1799 1598 1891 1631 sunt

160 1660 312 1697 semper
339 1649 422 1686 loco
445 1649 506 1686 vel
538 1651 712 1697 tempore
735 1649 998 1693 universales3
1030 1649 1119 1686 illae
1143 1662 1233 1687 vero
1256 1650 1372 1687 etiam
1396 1651 1497 1688 circa
1519 1651 1710 1700 dogmata.
1754 1653 1892 1700 Neque

159 1707 304 1745 desunt
324 1708 495 1757 regulae,
519 1708 664 1756 quibus
688 1707 763 1744 etsi
784 1720 863 1745 non
886 1720 1038 1755 semper
1059 1708 1289 1746 traditiones
1311 1710 1524 1747 dominicae
1547 1723 1568 1747 a
1582 1710 1891 1760 divino-aposto-

159 1766 244 1804 licis
276 1763 397 1819 (quod
428 1767 527 1803 nihil
550 1764 698 1818 refert),
730 1766 961 1804 traditiones
993 1769 1127 1804 tamen
1149 1767 1303 1804 divinae
1325 1782 1345 1805 a
1367 1768 1645 1806 traditionibus
1668 1771 1892 1818 apostolicis

161 1828 200 1862 et
231 1825 502 1863 ecclesiasticis
534 1828 622 1863 tuto
654 1825 847 1875 distingui
879 1826 1043 1874 possint.
1087 1826 1126 1863 Si
1157 1827 1290 1876 agitur
1322 1827 1402 1864 scil.
1426 1827 1472 1865 de
1503 1828 1681 1865 doctrina
1711 1828 1801 1866 fidei
1830 1830 1893 1866 vel

160 1884 354 1932 ejusmodi
385 1885 587 1932 instituto,
619 1884 722 1933 quod
753 1885 879 1922 Deum
908 1886 1064 1921 tantum
1099 1888 1298 1922 auctorem
1328 1886 1469 1923 habere
1500 1887 1625 1935 possit
1656 1884 1892 1939 (cujusmodi

159 1947 254 1980 sunt
274 1941 540 1995 sacramenta),
564 1943 726 1980 traditio
749 1946 805 1980 est
828 1943 890 1980 vel
913 1943 1057 1980 divin
1071 1957 1092 1981 a
1113 1945 1175 1980 vel
1198 1945 1345 1982 nulla
1367 1945 1392 1981 i.
1416 1958 1446 1982 e.
1470 1956 1548 1982 non
1570 1946 1804 1991 authentica,
1831 1947 1893 1983 cui

158 2002 270 2039 nulla
298 2002 395 2040 fides
428 2015 496 2040 seu
527 2003 748 2040 obedientia
778 2002 977 2047 debeatur,
1011 2015 1098 2040 cum
1120 2003 1291 2041 Ecclesia
1322 2016 1461 2041 novam
1489 2004 1706 2042 doctrinam
1728 2018 1804 2043 non
1828 2018 1891 2043 ex-

158 2061 303 2111 cogitet
324 2064 364 2099 et
384 2063 586 2110 proponat.
628 2062 675 2098 In
706 2061 922 2110 praeceptis
942 2074 1032 2098 vero
1068 2063 1107 2099 et
1128 2062 1327 2100 institutis
1350 2062 1407 2100 ita
1429 2064 1673 2111 comparatis,
1697 2067 1742 2101 ut
1765 2077 1809 2101 ex
1831 2065 1891 2101 in-

158 2120 246 2158 dole
269 2133 339 2157 sua
359 2133 439 2158 non
460 2121 676 2158 necessario
709 2120 865 2157 divinae
897 2120 1062 2170 originis
1086 2133 1170 2158 esse
1193 2122 1478 2170 intelligantur,
1513 2123 1577 2159 sed
1601 2123 1753 2170 possint
1775 2124 1892 2160 etiam

156 2178 330 2227 profecta
360 2192 442 2217 esse
477 2180 524 2216 ab
547 2179 779 2217 auctoritate
801 2191 905 2216 mere
926 2180 1138 2228 apostolica
1160 2181 1222 2217 vel
1245 2181 1514 2225 ecclesiastica,
1547 2182 1723 2230 regulam
1745 2182 1792 2218 ad
1815 2182 1893 2218 dis-

157 2238 368 2276 cernendas
399 2238 632 2276 traditiones
661 2238 936 2276 ecclesiasticas
969 2239 1016 2275 ab
1049 2240 1274 2287 apostolicis
1308 2240 1533 2288 suppeditat
1562 2241 1822 2290 Augustin
1834 2254 1862 2281 u
1857 2253 1907 2285 ἑὲ
1930 2247 1933 2269 ³

157 2296 204 2334 de
233 2297 337 2346 bapt.
358 2297 422 2342 IV,
450 2304 521 2337 24:
556 2324 572 2341 »
583 2297 693 2342 Quod
727 2298 910 2335 universa
936 2300 1043 2334 tenet
1066 2298 1248 2344 Ecclesia,
1282 2311 1352 2336 nec
1375 2298 1547 2335 conciliis
1571 2290 1798 2336 institutum
1824 2299 1904 2336 sed*
1921 2295 1931 2306 ⁸

156 2367 306 2405 semper
335 2358 533 2393 retentum
565 2359 634 2401 est,
666 2356 824 2394 nonnisi
856 2357 1088 2394 auctoritate
1120 2357 1334 2405 apostolica
1357 2357 1550 2394 traditum
1572 2358 1787 2395 rectissime
1811 2370 1889 2395 cre-

157 2414 274 2452 ditur.
285 2420 302 2438 «
346 2415 491 2453 Norma
511 2417 643 2452 autem
665 2415 908 2452 discernendi
940 2414 1174 2453 traditiones
1197 2416 1348 2453 divinas
1371 2429 1392 2452 a
1413 2428 1517 2453 mere
1540 2416 1765 2464 apostolicis
1788 2417 1827 2453 in
1850 2429 1893 2453 re

155 2474 326 2522 practica
346 2477 553 2511 revocatur
574 2474 622 2511 ad
639 2474 832 2522 judicium
857 2476 895 2510 et
917 2486 1074 2511 sensum
1087 2474 1280 2511 Ecclesiae
1295 2487 1362 2512 seu
1378 2475 1626 2522 antiquitatis
1640 2475 1888 2512 christianae:

156 2532 224 2580 qui
247 2544 385 2570 sensus
408 2533 498 2570 inde
520 2533 563 2569 in
584 2532 722 2581 primis
745 2533 883 2577 elucet,
910 2533 942 2569 si
962 2533 1135 2570 Ecclesia
1157 2546 1358 2581 nunquam
1383 2546 1476 2570 ausa
1491 2537 1549 2570 est
1563 2534 1778 2582 quidquam
1792 2535 1888 2570 circa

118 2582 119 2587 ¹
153 2583 265 2628 1113111
289 2581 544 2629 tradition‘em
578 2594 731 2629 mutare
753 2594 821 2629 aut
843 2592 884 2628 in
906 2604 950 2628 ea
972 2591 1209 2640 dispensare,
1244 2595 1289 2629 ut
1312 2606 1368 2629 ex.
1391 2605 1448 2641 gr.
1473 2593 1571 2629 circa
1593 2593 1888 2629 celebrationem

155 2649 383 2696 dominicae,
407 2650 506 2688 circa
519 2650 797 2688 admixtionem
817 2663 939 2699 aquae
955 2662 1045 2687 cum
1058 2650 1150 2688 vino
1166 2651 1208 2687 in
1223 2651 1479 2688 eucharistiae
1495 2651 1752 2688 celebratione
1772 2649 1800 2702 1]
1818 2655 1889 2687 etc.

277 2721 370 2761 112.
400 2716 657 2759 Traditionis
681 2719 856 2771 acceptio
873 2719 1063 2772 propria.
1087 2743 1144 2748 -—
1166 2717 1367 2768 Quamvis
1401 2718 1571 2758 traditio
1598 2718 1792 2759 latiori
1816 2718 1888 2757 ali·

156 2799 240 2839 quo
262 2800 391 2829 sensu
414 2787 608 2830 dicantur
631 2801 656 2829 a
686 2788 875 2841 patribus
899 2789 1042 2829 omnia
1064 2788 1264 2840 dogmata
1289 2794 1329 2829 et
1351 2789 1541 2829 instituta
1563 2800 1613 2829 ex
1637 2788 1886 2840 antiquitate

154 2857 366 2899 Ecclesiae
389 2871 714 2912 quocunque
737 2859 906 2899 demum
930 2858 1056 2899 modo
1079 2859 1344 2908 transmissa,
1368 2859 1533 2900 etiamsi
1547 2858 1729 2899 medium
1745 2862 1883 2897 trans-

154 2929 366 2972 missionis
389 2928 512 2970 fuerit
534 2941 657 2970 sacra
671 2928 908 2982 Scriptura:
932 2928 1237 2980 significatione
1251 2934 1408 2970 tamem
1432 2929 1615 2970 stricti
1629 2941 1652 2968 0
1666 2929 1708 2967 ri
1731 2932 1770 2968 et
1785 2938 1878 2978 spe—

301 3024 323 3062 1)
342 3020 394 3055 Cf.
412 3021 717 3056 Bellarminu
730 3035 766 3056 m
794 3023 838 3056 de
857 3023 968 3056 verbo
987 3022 1053 3056 Dei
1074 3021 1098 3055 l.
1117 3027 1139 3056 4
1160 3033 1189 3056 0.
1209 3025 1241 3062 9,
1261 3023 1323 3066 qui
1343 3023 1505 3066 quinque
1522 3020 1670 3064 regulas
1689 3018 1885 3063 proponit2

155 3074 328 3108 Kilber
344 3074 528 3118 principia
545 3075 658 3110 theol.
678 3075 770 3119 disp.
794 3080 806 3109 1
829 3086 856 3111 c.
877 3080 895 3109 2
915 3086 944 3109 a.
966 3078 986 3109 3
1002 3076 1040 3108 in
1059 3075 1247 3120 theologia
1265 3074 1547 3118 wirceburgensi
1566 3075 1591 3105 t.
1619 3077 1644 3105 1.
