2175 3382
754 119 993 153 confirmatur
1011 118 1087 163 ejus
1106 119 1238 163 agendi
1257 119 1411 154 ratione.
1865 119 1949 161 319

207 239 390 282 cendum
413 243 505 280 erat
521 238 702 290 judaeis,
725 250 813 278 non
835 249 929 278 esse
952 237 1093 278 ebrios
1125 237 1362 288 apostolom
1396 249 1491 277 cum
1525 236 1700 277 claudus
1732 235 1949 280 sanandus

206 311 303 358 fuit;
326 309 496 362 quando
520 313 611 349 erat
635 307 989 355 concionandum,
1021 307 1089 347 hic
1121 311 1219 347 ante
1252 307 1357 347 alios
1389 312 1501 353 erat3
1533 307 1703 358 quando
1736 305 1946 357 agendum

209 393 305 421 cum
328 379 565 433 praefectis,
589 379 758 431 quando
794 391 891 419 cum
913 378 1091 426 Anania,
1127 382 1168 418 et
1202 389 1298 418 cum
1332 377 1485 418 umbra
1522 377 1767 417 sanationes
1790 376 1947 417 fierent.

209 451 290 493 Ubi
311 450 545 504 periculum
569 450 736 499 eminet,
759 450 827 490 hic
850 449 982 496 adest,
1018 452 1059 489 et
1080 448 1152 489 ubi
1174 447 1385 500 quaedam
1408 447 1694 499 dispensanda
1716 452 1824 489 sunt.
1869 446 1947 487 Ubi

209 534 311 563 vero
334 520 586 574 tranquillae
610 531 676 561 res
699 524 807 568 sunt,
830 520 872 560 in
895 530 1121 560 commune
1145 529 1311 559 omnes:
1344 518 1412 557 hic
1443 517 1651 569 majorem
1681 530 1766 557 non
1790 517 1947 569 appetit

204 593 423 635 honorem.
468 591 651 632 Rursum
675 603 771 632 cum
795 590 1000 631 miracula
1034 590 1160 631 edere
1192 588 1428 641 oportebat,
1460 588 1527 629 ille
1559 587 1837 641 prosiliebat*
1889 586 1945 629 Ci'.

204 662 564 703 Innocentius
594 661 654 701 III.
678 661 736 701 tit.
759 665 784 704 3
818 660 870 701 de
892 661 1076 713 primatu
1099 660 1289 713 (Migne
1323 662 1419 704 216.
1447 662 1557 703 1187
1584 660 1667 701 sss..
1710 658 1768 698 Ex
1795 658 1946 710 quibus

204 733 319 774 haud
340 732 521 773 obscure
543 732 683 785 liquet,
706 731 879 772 Petrum
902 732 1130 783 primatum
1153 731 1405 771 exercuisse.
1441 742 1519 770 nec
1552 729 1640 781 ejus
1664 729 1815 781 agendi
1838 730 1945 769 ratio

204 804 308 845 satis
322 803 523 856 explicari
537 806 676 854 potest
690 814 777 843 non
792 802 1011 854 supposito
1037 802 1127 854 ejus
1153 802 1347 854 primatu
1372 800 1428 841 Cf.
1452 800 1739 852 Passaglia
1762 800 1788 840 l.
1816 804 1868 843 123
1893 814 1947 841 ss.

323 896 419 930 363.
443 885 690 929 Scholion.
734 888 1031 936 Exceptiom'bus
1051 885 1199 934 satisfit.
1224 909 1280 914 —-
1302 888 1422 924 Plura
1445 890 1579 924 contra
1594 887 1701 924 Petri
1723 887 1937 934 primatum

202 948 404 997 excipiunt
425 949 700 996 protestantes,
725 950 764 984 et
787 944 827 987 1.
849 947 1009 995 quidem
1030 947 1148 984 verba
1170 947 1282 983 Pauli
1313 954 1343 985 1.
1369 947 1449 986 Cor.
1481 952 1540 990 12.
1569 952 1618 986 28
1644 948 1683 983 et
1697 946 1794 994 Eph.
1811 952 1846 984 4.
1869 954 1881 984 1
1902 954 1911 985 1
1937 959 1944 981 :

204 1008 254 1045 Et
274 1009 352 1056 ipse
375 1004 582 1058 (Christus)
618 1007 720 1043 dedit
741 1007 924 1055 quosdam
945 1007 1094 1055 quidem
1124 1006 1325 1054 apostolos,
1359 1006 1538 1054 quosdam
1573 1009 1697 1041 antem
1718 1005 1942 1052 prophetas,

203 1068 299 1104 alios
320 1079 409 1103 vera
431 1067 692 1115 evangelistas,
725 1066 822 1102 alios
853 1070 977 1102 antem
1006 1070 1180 1113 pastores
1210 1070 1242 1101 et
1274 1066 1465 1101 doctores:
1500 1065 1550 1101 ad
1583 1065 1940 1101 consuminationem

202 1131 421 1163 sanctorum
442 1127 482 1162 in
504 1137 599 1173 opus
621 1126 834 1173 ministerii,
868 1126 906 1161 in
929 1123 1231 1171 aedificationem
1253 1125 1424 1172 emporis
1450 1124 1605 1170 Christi,
1628 1124 1742 1160 donec
1764 1135 1940 1159 occurra-

203 1197 288 1222 mus
321 1197 448 1222 omnes
479 1186 519 1220 in
550 1185 733 1221 unitatem
760 1185 858 1231 fidei.
900 1183 1036 1232 Atqui,
1070 1183 1322 1227 subsumunt,
1356 1181 1505 1220 nullam
1536 1182 1597 1219 hic
1628 1182 1721 1219 facit
1745 1182 1947 1230 apostolus

201 1244 440 1281 mentionem
463 1243 668 1292 primatus.
710 1243 841 1290 Hujus
864 1255 956 1292 ergo
978 1242 1273 1279 institutionem
1296 1254 1374 1279 non
1397 1241 1590 1290 cognovit.

319 1303 464 1340 Verum
487 1312 530 1342 a.
554 1302 647 1339 haec
669 1302 843 1349 exceptio
866 1304 962 1338 tunc
984 1302 1112 1338 solum
1132 1302 1234 1338 foret
1257 1301 1423 1349 alicujus
1446 1300 1648 1344 momenti,
1674 1300 1706 1337 si
1730 1304 1943 1338 constaret.

201 1363 370 1399 Paulum
391 1361 559 1398 voluisse
581 1361 726 1410 gradus
750 1360 1106 1398 hierarchicos
1129 1362 1168 1397 et
1191 1360 1349 1408 quidem
1374 1372 1394 1397 o
1408 1372 1543 1396 mnes
1566 1371 1776 1397 recensere.
1819 1360 1944 1407 Atqui

201 1423 387 1458 neutrum
408 1422 584 1464 constat3
608 1433 686 1457 non
707 1420 820 1464 illud,
843 1419 1086 1469 probabilius
1109 1420 1212 1457 enim
1236 1422 1304 1465 est,
1329 1432 1418 1456 eum
1440 1419 1628 1464 voluisse,
1652 1419 1791 1455 saltem
1814 1426 1844 1458 1.
1861 1418 1942 1454 Cor.

209 1486 270 1525 12,
296 1486 361 1525 28,
384 1491 584 1517 recensere
607 1479 841 1516 charismata
863 1479 980 1523 varia,
1004 1491 1103 1527 quae
1125 1479 1230 1516 Deus
1252 1478 1294 1515 in
1315 1478 1535 1515 utilitatem
1558 1478 1732 1514 fidelium
1748 1477 1944 1514 Ecclesiae

201 1539 401 1583 concessit,
437 1538 528 1575 hinc
560 1540 738 1575 recenset
759 1538 879 1575 etiam
907 1540 1074 1587 virtutes,
1108 1539 1258 1587 gyratias
1280 1538 1536 1584 curationum,
1559 1537 1833 1585 opitulationes,
1867 1550 1940 1586 ρυ-

202 1599 449 1645 bernationes,
481 1610 621 1647 yenera
643 1598 850 1647 liquat-um,
882 1599 1216 1645 interpretationes
1248 1610 1460 1633 sermonum
1475 1610 1492 1641 ,·
1522 1609 1601 1634 non
1634 1596 1814 1633 alterum.
1848 1595 1940 1643 quia

201 1657 350 1695 omittit
369 1657 604 1706 presbyteros
625 1660 666 1693 et
686 1658 875 1693 diaconos.

319 1714 365 1756 b.
388 1716 572 1753 Concesso
594 1716 723 1759 etiam,
756 1716 923 1752 Paulum
953 1727 1151 1752 recensere
1174 1715 1344 1752 voluisse
1367 1715 1512 1764 gradus
1544 1714 1810 1751 hierarchicos.
1844 1726 1941 1751 non-

203 1775 297 1813 dum
327 1775 500 1824 profecto
531 1774 797 1823 consequitur,
831 1786 963 1811 omnes
996 1775 1191 1823 apostolos
1223 1774 1327 1811 inter
1360 1787 1400 1811 se
1440 1774 1686 1821 aequales
1716 1773 1837 1810 fuisse
1870 1773 1943 1810 sub

203 1834 335 1872 omni
357 1836 559 1882 respectu:
592 1847 681 1870 nam
714 1836 753 1870 et
785 1833 994 1871 concilium
1014 1833 1366 1870 tridentinum
1389 1845 1482 1870 sess
1510 1838 1560 1872 23
1585 1845 1666 1869 can.
1692 1839 1713 1870 6
1742 1844 1945 1869 recensens·

203 1893 440 1930 hierarchiae
463 1892 748 1930 ecclesiasticae
771 1893 938 1937 ordines,
962 1892 1085 1940 primo
1108 1893 1190 1930 loco
1212 1893 1325 1940 ponit
1347 1893 1569 1941 episcopos;
1594 1893 1798 1940 propterea
1811 1894 1943 1928 tamen

202 1965 281 1990 non
301 1954 439 1990 tuetur
460 1952 635 1989 omnium
658 1952 928 2000 episcoporum
942 1964 1029 1988 cum
1044 1952 1223 2000 episcopo
1237 1964 1395 1989 romano
1412 1951 1632 1988 absolutam
1656 1950 1944 1998 aequalitatem.

202 2011 398 2060 Loquitur
420 2011 521 2048 enim
547 2011 691 2048 Paulus
727 2011 774 2048 de
796 2011 914 2048 variis
935 2011 1124 2060 gradibus
1146 2010 1418 2048 ministrorum
1454 2023 1532 2047 non
1564 2009 1780 2047 secundum
1812 2021 1946 2046 eorum

201 2070 435 2108 relationem
456 2073 496 2107 et
518 2070 879 2107 subordinationem
894 2070 943 2106 ad
957 2070 1133 2114 invicem,
1159 2070 1226 2107 sed
1241 2070 1289 2106 ad
1303 2069 1480 2107 fidelium
1496 2072 1661 2113 coetum,
1686 2069 1810 2116 deque
1825 2068 1942 2105 mini-

202 2129 311 2167 sterii
333 2129 579 2167 ecclesiastici
606 2129 692 2166 fine.
735 2130 870 2177 quue
891 2129 1022 2166 minus

321 2198 361 2229 Ο.
383 2189 460 2226 dici
482 2190 614 2237 potest
636 2189 783 2226 Paulus
805 2188 1009 2225 excludere
1032 2188 1133 2225 vices
1156 2190 1355 2238 gerentem
1381 2187 1523 2225 Christi
1559 2187 1710 2235 capitis,
1746 2199 1824 2234 quo
1858 2199 1942 2224 sae-

202 2248 292 2296 pius
314 2247 487 2285 inculcat
507 2247 721 2284 Ecclesiam
744 2260 824 2285 esse
847 2260 972 2284 unum
994 2259 1156 2296 corpus:
1190 2247 1347 2284 aliunde
1370 2259 1461 2283 vero
1483 2246 1609 2290 sciret,
1633 2245 1832 2282 Christum
1855 2258 1944 2283 suas

201 2307 493 2356 praerogativas
517 2307 823 2344 communicasse
846 2306 1047 2355 apostolis,
1083 2308 1127 2343 ut
1157 2319 1227 2355 pro
1251 2306 1336 2355 ipso
1369 2306 1565 2354 legatione
1597 2304 1869 2354 fungerentur.
1905 2312 1943 2341 et

202 2366 414 2403 Ecclesiam
437 2366 520 2403 sine
542 2365 761 2403 ministerio
784 2365 933 2402 visibili
955 2367 1171 2402 conservari
1195 2377 1274 2402 non
1296 2377 1410 2413 posse
1432 2366 1473 2401 in
1495 2364 1660 2401 unitate.
1703 2394 1706 2396 .

320 2422 366 2464 d.
389 2425 526 2474 Neque
548 2424 579 2461 si
600 2424 740 2462 Petrus
760 2424 952 2461 Ecclesiae
975 2426 1036 2461 est
1057 2426 1185 2472 caput,
1210 2424 1389 2472 sequitur
1406 2424 1615 2460 Ecclesiam
1640 2422 1842 2459 dic-endam
1858 2435 1943 2459 esse

201 2484 346 2520 Petri
368 2496 519 2532 corpus.
561 2483 759 2532 Negamus
782 2483 886 2520 enim
910 2484 1249 2531 consequentiam:
1275 2482 1468 2531 siquidem
1492 2484 1531 2519 et
1552 2495 1617 2519 rex
1640 2484 1802 2519 vocatur
1824 2487 1941 2530 caput

201 2542 323 2592 regni,
348 2542 544 2580 societatis
566 2542 761 2590 politicae,
785 2554 855 2579 nec
875 2544 1009 2579 tamen
1032 2543 1140 2579 ullus
1162 2555 1329 2591 regnum
1351 2542 1522 2590 appellat
1544 2542 1628 2589 ejus
1644 2553 1794 2588 corpus,
1832 2540 1942 2577 Tunc

201 2604 355 2638 tantum
379 2602 511 2650 aliqua
534 2601 696 2638 societas
719 2601 860 2649 capitis
885 2601 947 2638 sui
970 2613 1111 2649 corpus
1144 2601 1218 2638 dici
1241 2603 1384 2649 potest,
1418 2601 1451 2637 si
1474 2603 1595 2649 caput
1616 2600 1840 2637 societatem
1863 2612 1941 2636 non

201 2662 359 2697 tantum
380 2661 605 2699 moderatur
627 2660 812 2704 exterius,
837 2660 904 2697 sed
927 2660 959 2696 si
982 2660 1021 2696 iu
1044 2660 1129 2708 ejus
1150 2659 1325 2697 membra
1346 2660 1425 2697 vim
1441 2660 1601 2697 vitalem
1616 2662 1734 2707 atque
1748 2659 1938 2695 virtutem

201 2719 370 2768 inspirat
391 2722 431 2757 et
453 2720 486 2757 si
508 2719 708 2757 societatis
742 2719 915 2756 membra
951 2719 1075 2767 ipsius
1107 2721 1199 2756 sunt
1230 2731 1318 2756 vere
1353 2719 1521 2767 propria.
1565 2719 1688 2766 Atqui
1719 2718 1810 2754 haec
1844 2717 1940 2753 circa

200 2778 409 2816 Ecclesiam
431 2779 477 2816 de
498 2791 577 2816 uno
599 2778 753 2816 Christo
776 2778 969 2815 affirmare
991 2778 1095 2817 licet.
1136 2778 1240 2815 Illud
1277 2779 1392 2815 etiam
1426 2778 1555 2815 notari
1586 2777 1712 2821 debet,
1738 2776 1936 2813 Christum

201 2837 358 2884 proprie
380 2849 463 2874 esse
494 2839 532 2874 vi
555 2837 732 2874 muneris
764 2841 803 2874 et
834 2837 1039 2886 dignitatis
1072 2836 1265 2874 Ecclesiae
1297 2839 1426 2886 caput,
1460 2837 1620 2874 Petrum
1652 2837 1767 2884 caput
1800 2834 1939 2871 Christi

200 2897 359 2932 tantum
379 2896 640 2941 vicarium,
673 2895 885 2933 invisibilis
909 2895 1051 2932 Christi
1073 2895 1211 2944 capitis
1233 2896 1358 2933 vicem
1380 2908 1539 2945 gerens:
1572 2907 1692 2943 quare
1715 2894 1746 2931 si
1770 2892 1938 2930 Ecclesia

202 2966 279 3001 qua
301 2965 440 3002 corpus
461 2955 509 2992 ad
530 2958 647 3003 caput
669 2955 848 2999 refertur,
882 2955 1014 3002 inepte
1036 2954 1207 2991 refertur
1239 2955 1286 2992 ad
1318 2957 1434 3003 caput
1468 2954 1658 2992 vicarium
1691 2955 1729 2990 et
1760 2952 1937 2988 ministe-

201 3012 309 3059 riale,
335 3013 400 3051 sed
424 3013 536 3051 unice
559 3013 729 3051 refertur
751 3013 799 3050 ad
820 3015 938 3062 caput
950 3013 1166 3062 principale
1181 3016 1219 3051 et
1234 3015 1446 3063 proprium.
1483 3014 1533 3050 Cf.
1556 3026 1583 3053 s.
1607 3013 1635 3049 T
1649 3013 1671 3048 h
1685 3024 1753 3048 om
1768 3024 1814 3047 as
1841 3017 1874 3049 3.
1898 3024 1938 3058 p.

202 3084 238 3119 q.
263 3077 285 3112 S
309 3085 341 3108 a.
366 3079 411 3117 ὅς
434 3072 782 3110 Bellarminus
804 3072 833 3116 I,
861 3079 903 3111 9:
930 3072 1199 3118 Passaglia
1219 3073 1249 3119 Ι,
1277 3079 1326 3113 25
1353 3086 1380 3109 s.
