2175 3382
227 146 309 185 :556
621 138 741 171 Traet.
761 137 818 173 111.
839 137 883 171 de
901 21 1368 254 priuiafflffiffffffix.
1387 136 1551 169 Christus

343 258 386 300 3.
409 259 606 297 Primatus
641 258 1004 304 excellentiae,
1041 250 1150 295 illius
1182 257 1376 306 proprius,
1413 257 1480 306 qui
1517 258 1557 294 in
1592 260 1697 295 certo
1731 257 1866 295 ordine
1899 272 1966 294 ce-

225 329 327 357 teros
351 319 481 366 aliqua
513 318 602 355 dote
632 318 845 366 praecellit,
878 329 955 365 quo
987 329 1103 354 sensu
1137 317 1419 355 Demosthenes
1450 329 1485 354 v.
1516 329 1573 365 gr.
1604 316 1786 365 princeps
1818 316 1965 354 dicitur

226 382 436 416 oratorum.

0 443 146 478 μ’*
344 433 386 476 4.
411 436 605 473 Primatus
623 435 1039 484 jurisdictionis,
1067 434 1136 482 qui
1160 437 1355 483 potestate
1388 433 1549 484 regendi
1579 433 1758 471 subditos
1790 446 1869 471 non
1902 447 1961 471 5ο-

0 490 140 561 ιξμ*
164 521 174 554 2
199 497 307 546 'lum
330 495 531 547 dire-ctiya,
565 495 630 532 sed
663 497 701 531 et
724 494 973 547 praeceptiva
1003 493 1238 531 continetur.
1281 493 1564 541 Complectitur
1593 493 1758 559 proine
1791 492 1851 530 hie
1882 493 1964 541 pri-

0 559 116 618 NL„
225 558 355 592 matus
386 556 623 603 potestatem
658 539 1006 603 legiferaffl
1076 553 1309 589 1c1ariam
1344 557 1383 589 et
1414 564 1465 590 co
1555 564 1708 589 ivam.
1750 551 1837 589 Jam
1872 564 1964 589 vero

0 610 180 660 Μ
224 617 490 662 protestantes
513 613 683 650 libenter
707 612 924 650 concedunt
945 612 981 649 b.
1004 612 1122 648 Petro
1143 612 1313 660 primum
1347 614 1385 648 ct
1417 611 1449 648 si
1473 611 1530 648 vis
1552 611 1722 648 alterum
1743 611 1862 648 etiam
1883 610 1964 659 pri-

225 676 388 716 matum,
411 684 528 720 quem
551 671 612 708 vel
634 672 683 708 ob
705 675 873 708 aetatem
896 670 1177 719 provectiorem
1199 671 1261 707 vel
1285 670 1333 707 ob
1356 670 1582 708 alacriorem
1598 670 1787 708 fervorem
1803 669 1838 707 ei
1854 669 1962 707 Chri-

226 735 332 769 stum
355 730 593 768 concessisse
617 730 720 767 haud
745 730 975 769 infitiantur.
1004 730 1064 766 lta
1086 741 1130 766 ex
1153 742 1209 779 gr.
1232 729 1512 767 Forbesius
1535 729 1674 766 scribit
1693 725 1745 781 ¹):
1771 729 1966 773 „Necesse

225 793 283 828 est
304 791 519 839 primatum
543 789 735 837 quendam
768 789 809 825 in
831 788 1029 837 apostolos
1062 800 1315 838 agnoscamus
1347 800 1428 825 csse
1453 789 1566 825 Petro
1599 788 1775 837 apostolo
1806 799 1962 825 conces-

226 862 324 892 sum,
347 849 572 898 primatum.
608 848 780 895 inquam.
814 847 974 891 ordinis,
1011 847 1080 895 qui
1111 847 1153 884 in
1185 847 1290 884 omni
1322 847 1506 885 societate
1541 850 1600 885 est·
1633 847 1888 891 necessarius,
1924 853 1962 883 et

225 908 425 957 cujusdam
450 906 731 956 praesidentiae
753 910 870 955 atque
893 906 1031 943 aetatis
1054 909 1093 943 et
1109 905 1389 943 reverentiae<
1427 906 1532 943 Petri
1547 907 1760 955 primatum
1775 905 1823 942 ad
1836 918 1961 954 quan-

226 967 312 1004 dam
336 971 492 1004 tantum
516 966 672 1003 honoris
695 965 1007 1014 praerogativam
1030 965 1269 1014 redegerunt
1302 965 1406 1002 haud
1430 964 1543 1013 pauci
1566 965 1685 1002 etiam
1716 977 1737 1002 e
1759 964 1964 1002 catholicis

226 1039 246 1062 a
268 1038 338 1066 sec,
362 1025 459 1063 XVI.
483 1028 522 1062 et
544 1025 725 1073 deinceps
747 1025 915 1061 nimium
937 1023 1182 1072 principibus
1205 1023 1423 1064 adulantes,

345 1108 441 1150 342.
466 1105 629 1157 Doyma
652 1103 894 1145 catholicum
919 1103 968 1144 de
985 1104 1187 1157 primatu.
1209 1129 1268 1134 —
1282 1101 1442 1144 Contra
1463 1103 1669 1155 primatus
1691 1102 1961 1144 adversarios

227 1175 354 1253 docet
375 1180 417 1252 et
439 1175 627 1253 declarat
651 1187 768 1219 conc,
792 1188 815 1214 v
829 1175 1109 1215 aticanum
1132 1185 1234 1214 sess
1264 1178 1302 1228 4.,
1326 1185 1417 1226 cap.
1438 1176 1471 1222 1,
1501 1173 1642 1250 „juxta
1662 1172 1889 1251 Evangelii
1898 1178 1964 1214 te-

227 1322 269 1358 et
290 1317 448 1358 directe
471 1316 508 1357 b.
525 1316 651 1358 Petro
675 1316 869 1370 apostolo
885 1316 1140 1369 promissum
1158 1320 1284 1369 atque
1308 1315 1509 1356 collatum
1534 1315 1681 1368 fuisse3
1672 1320 1704 1339 ·“
1734 1320 1777 1356 et
1799 1314 1852 1358 ib.
1874 1319 1963 1356 sta-

226 1388 324 1428 tuit:
332 1362 402 1406 l
355 1386 422 1437 ,Si
443 1388 537 1440 quis
559 1388 684 1440 igitur
697 1387 845 1428 dixerit
868 1387 906 1430 b
923 1386 1094 1428 Petrum
1117 1399 1182 1439 ap.
1204 1399 1293 1428 non
1316 1398 1410 1428 esse
1432 1399 1458 1428 a
1473 1385 1639 1428 Christo
1653 1385 1835 1427 Domino
1857 1397 1964 1427 con-

226 1459 417 1499 stitutum
450 1457 742 1510 apostolorum
774 1458 965 1498 omnium
996 1457 1231 1509 principem
1266 1461 1308 1497 et
1341 1457 1469 1498 totius
1500 1455 1714 1498 Ecclesiae
1745 1456 1964 1498 militantis

228 1529 388 1570 visibile
410 1532 549 1581 caput
571 1528 638 1569 vel
660 1527 842 1569 eundem
864 1528 1040 1568 honoris
1062 1532 1239 1576 tantum,
1261 1540 1349 1569 non
1371 1533 1514 1569 autem
1536 1539 1664 1569 verae
1678 1528 1964 1581 propriaeque

221 1600 534 1664 Jurisdictionis
534 1601 779 1665 primatum
812 1599 866 1640 ab
900 1599 1051 1640 eodem
1073 1598 1119 1639 D.
1143 1597 1189 1640 N
1211 1598 1245 1642 J.
1269 1598 1435 1640 Christo
1459 1599 1617 1640 directe
1649 1604 1691 1640 et
1720 1598 1965 1640 immediate

0 1633 194 1676 Q
227 1644 534 1727 ffcfflsffl.
542 1669 610 1712 S.
534 1647 775 1722 Ἣὲῢῖἷᾶτθ
790 1649 955 1711 c⁵ollatis
915 1631 1286 1722 Scripffiu'm
1302 1670 1553 1711 testimoniis
1575 1681 1627 1711 ex
1650 1670 1798 1711 ordine
1819 1674 1964 1711 osten-

227 1742 386 1789 demus,
418 1740 629 1783 Christum
652 1741 823 1783 Petrum
856 1741 1008 1782 ceteris
1039 1741 1382 1794 praetulisse
1418 1741 1633 1794 apostolis,
1664 1741 1894 1794 primatum
1926 1742 1964 1781 ei

225 1812 552 1866 promisisse
574 1813 915 1865 promissumque
938 1811 1268 1861 contulisse,
1300 1817 1428 1865 atque
1450 1811 1623 1853 Petrum
1644 1812 1743 1854 inde
1773 1811 1828 1853 ab
1859 1811 1962 1864 ipsis

225 1883 439 1925 Ecclesiae
463 1883 694 1936 originibus
715 1885 957 1936 primatum,
990 1888 1196 1936 quantum
1229 1883 1270 1924 id
1302 1888 1584 1936 exposcerent
1612 1888 1853 1936 temporum
1885 1882 1963 1923 ad-

220 1955 382 2006 juncta,
404 1954 533 1995 etiam
557 1967 580 1996 e
590 1968 617 1995 x
629 1967 651 1996 e
663 1967 717 2001 rc
729 1968 755 1996 u
766 1955 779 1995 i
791 1968 810 1996 s
822 1968 841 1996 5
854 1953 902 1998 e(

345 2053 442 2094 343.
465 2050 631 2093 Thesis
654 2050 830 2094 LXIX.
881 2065 955 2098 Ex
989 2064 1224 2107 sinqulari
1262 2064 1435 2099 Christi
1462 2065 1657 2099 Domini
1692 2065 1744 2098 in
1771 2065 1961 2098 Petrum

226 2124 492 2157 oeconomia
519 2126 560 2157 et
587 2133 645 2157 ecc
670 2124 1062 2166 eranqelistarum
1092 2124 1312 2166 loquendo·
1338 2125 1394 2159 de
1425 2125 1559 2158 Petro
1585 2118 1769 2172 rafione
1788 2124 1964 2157 merito

226 2184 445 2224 infertur,
472 2183 705 2217 Christum
732 2185 894 2218 ceteris
919 2184 1141 2227 apostolis
1162 2185 1444 2227 praetulisse
1472 2185 1678 2218 Petmem.

346 2263 707 2306 Demonstratio
739 2277 785 2318 p.
817 2263 859 2307 Ι.
901 2263 948 2304 In
978 2263 1088 2305 thesi
1118 2263 1309 2305 nondum
1338 2261 1651 2313 vindicabimus
1680 2230 1806 2308 l'etro
1833 2262 1962 2315 juris-

227 2333 421 2374 dictionis
444 2336 684 2386 primatum,
716 2334 791 2375 sed
816 2334 1060 2387 probationi
1083 2346 1133 2376 ex
1156 2335 1261 2375 locis
1283 2334 1470 2375 classicis
1492 2334 1607 2374 viam
1629 2325 1890 2381 sternemus;
1920 2333 1962 2374 id

226 2404 336 2445 enim
361 2404 498 2445 solum
523 2405 652 2446 modo
681 2406 951 2456 intendimus,
984 2406 1221 2448 ostendere
1253 2405 1466 2447 Christum
1488 2405 1659 2458 saepius
1681 2405 1834 2446 ceteris
1856 2416 1962 2457 apo-

228 2474 345 2515 stolis
367 2475 617 2527 praetulisse
639 2475 823 2526 Petrum,
845 2477 953 2518 adeo
976 2482 1023 2518 ut
1043 2478 1154 2519 inter
1176 2489 1251 2519 eos
1273 2477 1489 2520 emineret
1530 2471 1834 2574 Expendaptur

374 2615 398 2660 ¹)
418 2614 539 2649 Instit.
558 2615 868 2652 historico-theol.
887 2618 910 2652 l.
932 2622 973 2652 15
992 2628 1021 2653 c.
1046 2623 1081 2654 1:
1102 2618 1221 2652 Fried.
1240 2617 1331 2662 Spa
1344 2617 1503 2651 nheim
1519 2612 1723 2650 Miscellan
1741 2616 1766 2649 l.
1785 2617 1807 2649 3
1825 2615 1908 2650 diss
1933 2619 1962 2651 1.

225 2672 244 2708 g
262 2671 306 2701 41
326 2668 370 2701 ut
385 2669 533 2712 patrum
553 2668 663 2703 effata
693 2669 737 2703 de
754 2670 863 2704 Petro
890 2671 1092 2705 honorifica
1118 2669 1255 2710 eludat,
1283 2681 1339 2705 no
1352 2682 1403 2705 ve
1416 2682 1450 2704 m
1477 2669 1659 2714 primatus
1685 2668 1824 2712 speeies
1853 2668 1960 2702 Petro

226 2721 384 2765 benigne
403 2721 582 2765 conc-edit,
597 2733 752 2765 quarum
766 2723 890 2757 tamen
901 2724 1003 2758 nulla
1015 2723 1273 2769 complectitur
1288 2723 1451 2767 aliquam
1461 2721 1767 2767 jurisdictionem.
1786 2721 1839 2756 Cf.
1859 2721 1887 2756 R
1898 2732 1918 2756 o
1931 2733 1960 2755 s·

226 2775 420 2818 kovany
451 2774 496 2808 de
522 2776 686 2818 primatu
711 2786 802 2811 rom.
830 2779 934 2821 pont.
963 2778 983 2823 ξ
1006 2783 1052 2812 44
1079 2788 1124 2811 ss.
1158 2777 1409 2821 Figmentum‚
1435 2775 1534 2819 quod
1559 2775 1812 2810 recentissime
1837 2776 1963 2809 tuetur

226 2826 369 2861 Fried
385 2827 487 2860 rich
515 2827 585 2860 Zur
611 2827 770 2862 alies-ten
798 2828 1014 2864 Gesihichte
1040 2830 1104 2864 des
1130 2829 1310 2863 Primates
1336 2829 1375 2863 in
1402 2827 1466 2862 der
1494 2827 1637 2868 Kirche,
1665 2827 1790 2862 Bonae
1810 2829 1898 2863 1879
1915 2828 1962 2862 de

225 2880 388 2924 primatu
407 2879 542 2914 collato
563 2890 632 2914 non
651 2880 770 2917 Petro.
790 2882 852 2916 sed
871 2882 1008 2916 Jacobo
1025 2883 1142 2917 Justo.
1160 2882 1266 2916 fratri
1284 2882 1434 2916 Domini
1461 2884 1498 2916 et
1515 2881 1636 2926 primo
1654 2881 1826 2926 episcopo
1844 2881 1960 2915 hiero-

225 2933 460 2978 solymitano,
490 2932 822 2968 considerationem
848 2946 922 2968 non
950 2937 1076 2972 meret.
1112 2935 1236 2970 Solide
1262 2935 1358 2969 illud
1383 2934 1521 2968 refellit
1547 2934 1687 2968 Brfill
1713 2935 1754 2968 in
1780 2934 1870 2971 fasc.
1896 2934 1959 2968 tri-

224 2990 348 3023 mestr.
367 2987 515 3030 tubing.
534 2997 566 3020 a.
588 2989 678 3022 1880
697 2997 780 3031 pag.
798 2990 961 3024 454—69
980 2988 1189 3026 ostendens.
1209 2988 1336 3022 inania
1352 2998 1500 3032 prorsus
1519 2998 1597 3022 esse
1613 2991 1834 3031 argumenta
1850 2985 1960 3022 nulli·

223 3049 338 3082 usque
355 3038 528 3083 ponderis
547 3038 770 3074 testimonia.
794 3039 928 3082 quibus
950 3039 1135 3074 innititur.
1167 3039 1221 3074 Cf.
1239 3039 1351 3074 etiarn
1370 3039 1544 3074 Zeitschr.
1563 3039 1622 3074 ffir
1637 3039 1739 3074 kath.
1759 3038 1960 3083 Theologie

224 3094 314 3128 1892
331 3104 367 3137 p.
387 3094 456 3127 364
472 3103 517 3126 ss.
