2175 3382
636 103 689 133 est
710 111 834 134 norma
854 100 1173 145 interpretationis
1194 116 1219 135 s.
1239 102 1458 147 Scripturae.
1831 110 1910 151 141

181 234 317 259 arenae
339 222 452 259 modo
475 221 630 258 steriles
653 224 770 270 atque
794 222 953 259 inutiles
976 223 1167 271 adjacent,
1191 223 1415 273 intelligere
1439 238 1515 262 non
1530 229 1702 274 possunt.
1716 233 1732 250 «
1765 227 1913 266 Eadem,

181 281 227 318 de
249 292 365 318 causa
406 280 543 317 laudat
565 280 788 317 Rufinus
811 279 874 331 (H.
897 280 938 317 E.
960 281 991 322 Ι,
1020 280 1059 331 9)
1085 281 1312 330 Gregorium
1346 295 1424 319 naz.
1458 292 1495 320 et
1518 285 1728 322 Basilium:
1766 286 1913 331 „Solis,

179 340 372 388 inquiens,
405 339 560 377 divinae
584 339 809 387 Scripturae
840 339 1110 376 voluminibus
1142 352 1298 388 operam
1330 341 1486 386 dabant,
1520 355 1729 391 earumque
1761 345 1909 382 intelli-

179 398 351 448 gentiam
373 411 451 435 non
473 411 516 435 ex
539 398 695 446 propria
716 398 1044 447 praesumptione,
1071 398 1139 435 sed
1161 411 1205 435 ex
1228 399 1416 447 majorum
1441 401 1594 448 scriptis
1617 405 1655 438 et
1678 404 1915 441 auctoritate·

178 457 456 506 sequebantur,
480 469 577 505 quos
600 459 639 493 et
661 457 766 505 ipsos
782 469 826 494 ex
842 457 1056 504 apostolica
1072 458 1313 495 successione
1329 458 1577 508 intelligendi
1591 461 1765 509 regulam
1781 475 1911 500 susce·

177 516 282 565 pisse
304 517 546 553 constabat.«
591 515 644 553 Cf.
668 528 786 564 supra
810 516 926 553 verba
946 515 1216 553 Vincentii
1241 516 1299 553 lir.
1323 530 1358 553 11.
1384 524 1464 557 417
1480 531 1511 554 3.

297 575 422 619 Quare
452 575 500 612 ad
530 587 612 611 rem
635 575 792 612 omnino
824 577 918 612 sunt
940 575 1237 623 Hieronymi
1259 576 1375 613 verba
1397 588 1454 624 ep.
1480 584 1530 616 53
1556 589 1591 613 11.
1617 584 1652 616 6.
1680 585 1697 617 7
1724 579 1908 616 adversus

176 634 481 683 protestantium
504 633 695 682 placitum
717 634 877 670 cuilibet
899 634 1214 682 permittentium
1237 646 1315 671 non
1330 635 1455 671 solum
1471 635 1760 683 scripturarum
1774 638 1908 674 lectio-

177 705 278 737 nem,
301 693 366 730 sed
389 695 428 730 et
449 692 823 741 interpretationem.
847 694 1059 741 Postquam
1073 693 1177 730 enim
1190 694 1338 737 retulit,
1363 694 1587 731 eunuchum
1608 694 1722 731 illum
1737 693 1837 747 (Act.
1855 698 1906 746 a),

177 752 357 800 quamvis
379 751 590 801 diligenter
611 752 784 800 legisset,
809 751 1028 800 Scripturas
1050 764 1129 789 non
1150 752 1404 798 intellexisse,
1432 752 1672 790 intellexisse
1694 767 1784 791 vero
1807 754 1907 791 divi-

176 811 285 848 nitus
307 811 422 848 misso
444 811 659 859 interprete
681 811 875 860 Philippo,
901 811 1020 853 „haec
1042 824 1063 847 a
1084 823 1156 853 me,
1189 811 1254 856 ait,
1291 811 1496 859 perstricta
1518 814 1611 849 sunt
1641 812 1813 849 breviter
1839 842 1845 848 .
1870 844 1876 850 .
1902 843 1907 849 .

175 872 222 907 ut
242 869 487 919 intelligeres
509 873 549 906 te
570 870 612 906 in
635 869 849 917 Scripturis
873 870 1018 907 sanctis
1043 870 1127 906 sine
1148 870 1303 918 praevio
1326 873 1364 907 et
1386 873 1628 908 monstrante
1643 871 1819 908 semitam
1832 884 1913 909 non

175 941 287 977 posse
308 928 475 978 ingredi.
517 929 636 966 Taceo
659 928 706 965 (le
728 929 1006 978 grammaticis,
1030 929 1263 972 rhetoribus,
1294 929 1547 978 philosophis,
1581 931 1799 979 geometris,
1823 931 1906 967 dia-

175 988 297 1032 lectis,
319 988 495 1033 musicis,
518 988 765 1033 astronomis,
789 988 1006 1037 astrologis,
1040 987 1200 1025 medicis
1225 1020 1231 1026 .
1256 1018 1263 1024 .
1288 1017 1294 1024 .
1319 988 1378 1025 Ad
1410 989 1576 1026 minores
1608 991 1710 1025 artes
1741 989 1907 1031 veniam,

175 1049 215 1084 et
237 1060 336 1095 qua-e
357 1058 436 1084 non
457 1050 538 1083 tam
572 1045 689 1100 λόγῳ,
722 1059 839 1095 quam
869 1060 988 1084 manu
1019 1046 1355 1084 administrantur.
1398 1047 1611 1096 Agricolae,
1647 1049 1907 1093 caementarii,

173 1105 285 1150 fabri,
310 1106 558 1144 metallorum
580 1106 827 1155 lignorumve
849 1118 1029 1151 caesores,
1062 1105 1201 1142 lanarii
1233 1118 1388 1154 quoque
1420 1108 1461 1143 et
1492 1107 1671 1150 fullones,
1704 1109 1743 1144 et
1775 1108 1904 1151 ceteri,

175 1165 244 1213 qui
265 1165 412 1202 variam
434 1165 715 1213 supellectilem
751 1168 790 1202 et
820 1165 915 1202 vilia
949 1165 1136 1213 opuscula
1169 1164 1421 1209 fabricantur,
1458 1165 1603 1213 absque
1641 1165 1796 1203 doctore
1831 1178 1912 1202 non.

173 1227 339 1272 possunt
360 1236 442 1262 esse
465 1225 566 1272 quod
591 1224 768 1272 cupiunt.

800 1282 922 1327 ‚Quod
946 1282 1187 1320 mediocrum
1210 1285 1269 1320 est

292 1342 550 1386 ‚Promittunt
573 1342 723 1386 medici,
746 1344 920 1379 tractant
942 1341 1097 1378 fabrilia
1118 1342 1219 1379 fabri
1242 1339 1446 1394 (Horatius
1469 1342 1493 1378 l.
1516 1342 1553 1378 ΙΙ
1576 1355 1633 1390 ep.
1664 1340 1725 1394 l).¹

174 1401 263 1438 Sola
285 1401 579 1449 Scripturarum
604 1413 664 1438 ars
687 1403 755 1444 est,
781 1414 898 1448 quam
921 1401 997 1437 sibi
1019 1413 1151 1438 omnes
1173 1401 1319 1449 passim
1342 1400 1552 1438 vindicant.

292 1459 524 1504 ‚Scribimus
547 1460 696 1497 indocti
719 1460 903 1507 doctique
925 1463 1103 1508 poemata
1126 1462 1272 1508 passim
1298 1457 1437 1511 (ibid.)‘

172 1519 280 1556 Hanc
302 1520 461 1569 garrula
483 1531 593 1564 anus,
618 1520 715 1556 hanc
738 1518 886 1556 delirus
910 1531 1036 1563 senex,
1070 1520 1168 1555 hanc
1191 1519 1362 1567 sophista
1383 1519 1580 1564 verbosus,
1614 1519 1709 1555 hanc
1732 1519 1905 1555 universi

171 1580 438 1626 praesumunt,
462 1579 645 1622 lacerant,
680 1578 829 1620 docent,
854 1580 1063 1625 antequam
1096 1578 1284 1615 discant<
1328 1578 1374 1614 111
1405 1578 1571 1615 eundem
1604 1589 1761 1614 sensum
1790 1589 1901 1626 prae-

171 1637 272 1674 clare
303 1637 481 1686 disputat
512 1649 540 1675 s.
564 1637 898 1686 Augustinus
931 1637 977 1674 de
999 1637 1174 1674 moribus
1197 1637 1297 1673 Eccl.
1331 1649 1360 1673 c.
1390 1644 1400 1676 ]
1442 1639 1479 1673 et
1514 1637 1561 1673 de
1584 1636 1705 1673 utilit.
1729 1637 1826 1673 cred.
1850 1648 1903 1672 cc.

173 1702 209 1735 6.
248 1703 281 1736 Τ.
316 1709 354 1733 11.
395 1704 457 1742 17,
490 1696 559 1733 ubi
594 1697 650 1733 ita
682 1696 787 1733 inter
819 1696 896 1733 alia
927 1696 1081 1733 scribit:
1125 1696 1272 1740 „Nulla
1314 1695 1490 1732 imbutus
1520 1695 1671 1744 poetica
1701 1694 1904 1743 disciplina

171 1755 449 1792 Terentianum
471 1755 653 1792 Maurum
676 1755 759 1792 sine
781 1755 967 1804 magistro
991 1754 1182 1804 attingere
1204 1767 1280 1791 non
1295 1754 1457 1791 auderes
1479 1783 1486 1790 .
1511 1786 1517 1792 .
1542 1784 1548 1791 .
1571 1756 1617 1791 tu
1639 1754 1681 1791 in
1695 1766 1758 1791 eos
1771 1754 1902 1794 libros,

147 1851 152 1854 ,
171 1815 239 1862 qui
262 1827 417 1863 quoque
440 1814 552 1851 modo
575 1827 613 1851 se
636 1814 813 1859 habeant,
847 1814 972 1851 sancti
992 1816 1124 1850 tamen
1147 1814 1447 1861 divinarumque
1469 1826 1601 1850 rerum
1631 1813 1749 1861 pleni,
1782 1825 1906 1860 prope

169 1873 292 1911 totius
315 1873 469 1922 generis
490 1873 652 1910 humani
675 1873 914 1910 confessione
937 1873 1198 1916 diffamantur,
1236 1873 1318 1909 sine
1341 1872 1440 1909 duce
1462 1872 1580 1909 irruis
1605 1874 1644 1908 et
1665 1871 1711 1909 de
1734 1872 1793 1908 his
1818 1871 1901 1908 sine

169 1936 418 1981 praeceptore
442 1932 561 1969 audes
582 1932 681 1969 ferre
697 1932 948 1969 sententiam:
972 1944 1041 1968 nec
1056 1931 1089 1968 si
1102 1931 1178 1969 tibi
1193 1932 1325 1979 aliqua
1339 1933 1559 1975 occurrunt,
1582 1943 1680 1978 quae
1695 1931 1902 1967 videantur

170 1991 352 2037 absurda,
375 1991 602 2028 tarditatem
624 1993 733 2028 tuam
755 1991 1022 2040 putrefactum
1044 1991 1133 2028 tabe
1156 1991 1276 2039 hujus
1298 1990 1436 2026 mundi
1458 1990 1644 2032 animum,
1669 1989 1797 2037 qualis
1820 2002 1901 2026 om-

170 2050 281 2087 nium
303 2051 517 2088 stultorum
540 2053 610 2095 est,
643 2062 799 2087 accusas
820 2050 966 2099 potius,
1001 2063 1116 2097 quam
1139 2062 1214 2095 eos,
1238 2050 1306 2097 qui
1328 2049 1490 2086 fortasse
1513 2062 1533 2085 a
1554 2049 1699 2085 talibus
1730 2047 1901 2096 intelligi

169 2111 372 2157 nequeunt
391 2106 432 2162 1).
444 2115 461 2134 ‘¹

296 2186 387 2221 127.
411 2181 609 2217 Decretum
632 2181 890 2217 tridentinum.
905 2167 962 2206 —K
977 2179 1237 2223 Quamobrem
1259 2178 1306 2215 ad
1328 2179 1384 2215 rei
1409 2178 1616 2214 veritatem
1631 2177 1900 2225 antiquitatis-
1928 2150 2175 2224 fflssw

170 2252 246 2287 que
279 2252 435 2277 sensum
469 2251 696 2287 expressum
722 2241 780 2276 est
801 2238 1132 2287 sapientissimum
1163 2237 1316 2275 concilii
1348 2236 1636 2274 tridentini
1672 2248 1762 2273 sess.
1788 2242 1810 2275 4
1835 2190 2175 2306 deve-W

170 2300 338 2335 cretum:
363 2325 380 2343 ,>
390 2298 451 2335 Ad
474 2298 706 2336 co'e‘ercenda
727 2297 945 2347 petulantia
966 2297 1125 2346 ingenia
1148 2296 1323 2333 decernit
1346 2293 1609 2347 (sacrosancta
1630 2293 1831 2344 synodus).
1856 2297 1900 2331 ut
1965 2295 1972 2301 '

169 2370 282 2395 nemo
306 2370 397 2395 suae
418 2357 653 2406 prudentiae
675 2358 833 2394 innixus
855 2357 897 2393 in
918 2356 1036 2393 rebus
1059 2356 1150 2392 fidei
1172 2358 1212 2392 et
1233 2368 1385 2392 morum
1413 2355 1459 2391 ad
1483 2354 1788 2391 aedificationem
1812 2335 2170 2395 doc-W

169 2416 297 2453 trinae
329 2417 563 2454 christianae
594 2417 890 2465 pertinentium,
922 2428 949 2452 s.
983 2415 1224 2463 Scripturam
1255 2414 1302 2451 ad
1337 2425 1425 2451 suos
1458 2425 1593 2450 sensus
1625 2417 1902 2460 contorquens,
1976 2382 2175 2473 ,lxv-st·

170 2478 304 2512 contra
325 2489 415 2512 eum
436 2488 603 2520 sensum,
628 2488 740 2523 quem
761 2475 894 2512 tenuit
915 2477 955 2511 et
975 2475 1085 2511 tenet
1107 2475 1238 2510 sancta
1252 2474 1376 2509 mater
1390 2472 1570 2517 Ecclesia,
1594 2472 1705 2520 cujus
1722 2473 1781 2508 est
1790 2470 1898 2518 judi·
1913 2452 1999 2499 0⁹¹7

170 2546 254 2572 care
276 2534 324 2572 de
345 2547 436 2572 vero
460 2547 579 2572 sensu
593 2536 631 2572 et
644 2534 973 2583 interpretatione
989 2532 1276 2581 Scripturarum
1293 2533 1526 2575 sanctarum,
1551 2531 1749 2567 autetiam
1764 2532 1897 2566 contra
1914 2499 2162 2605 wana—2

169 2594 383 2631 unanimen
404 2606 635 2631 consensum
657 2595 815 2642 patrum
837 2593 959 2641 ipsam
984 2591 1225 2639 Scripturam
1261 2602 1404 2628 sacram
1435 2589 1683 2638 interpretari
1715 2588 1866 2625 audeat.
1879 2593 1895 2609 «
1936 2585 1994 2613 ‘F‘

170 2652 281 2696 Quod
315 2653 527 2699 decretum,
559 2665 648 2689 cum
669 2666 690 2689 a
712 2651 949 2701 quibusdam
979 2663 1096 2699 prave
1131 2649 1352 2699 expositum
1382 2649 1529 2693 fuisset,
1560 2647 1763 2684 renovavit
1794 2659 1894 2683 cone.

169 2711 462 2748 vaticanum
484 2723 574 2749 sess.
600 2718 621 2751 3
647 2723 725 2760 cap.
754 2719 769 2751 1
797 2711 894 2747 hanc
914 2710 1024 2747 illius
1046 2711 1216 2746 mentem
1252 2721 1334 2746 esse
1366 2708 1574 2751 declarans,
1607 2708 1680 2750 ‚ut
1710 2706 1750 2742 in
1780 2705 1895 2741 rebus

169 2769 259 2806 fidei
281 2772 320 2807 et
340 2783 505 2816 morum,
537 2770 585 2807 ad
607 2770 909 2807 aedificationem
933 2768 1132 2805 doctrinae
1163 2767 1399 2805 christianae
1430 2765 1723 2814 pertinentium,
1760 2763 1793 2800 is
1827 2775 1894 2810 pro

169 2841 262 2866 vero
284 2841 403 2866 sensu
425 2841 453 2868 S.
477 2829 699 2878 Scripturae
721 2828 922 2866 habendus
944 2827 1004 2871 sit,
1029 2839 1144 2874 quem
1167 2827 1296 2863 tenuit
1317 2838 1359 2862 ac
1380 2827 1488 2862 tenet
1514 2837 1541 2861 s.
1564 2827 1688 2860 mater
1713 2822 1894 2859 Ecclesia.

170 2888 281 2935 cujus
303 2889 363 2924 est
379 2888 554 2936 judicare
578 2888 623 2925 de
645 2900 736 2925 vero
759 2900 873 2925 sensu
908 2889 944 2923 et
979 2885 1306 2934 interpretatione
1331 2884 1619 2932 Scripturarum
1651 2883 1893 2918 sanctarum:

318 3016 339 3053 ¹)
358 3011 409 3047 Cf·
427 3014 541 3056 praef.
569 3023 692 3057 opusc.
711 3013 758 3046 IX
775 3024 809 3046 n.
833 3014 894 3049 192
923 3011 1064 3045 Pcrro
1077 3022 1130 3044 ne
1157 3010 1331 3055 praelect.
1348 3011 1375 3042 t.
1395 3012 1414 3043 3
1443 3008 1485 3041 de
1506 3006 1691 3049 Scriptura
1711 3015 1738 3037 c.
1758 3006 1778 3035 3
1798 3014 1828 3035 a.
1854 3005 1866 3033 1
1884 3015 1894 3034 ·.

171 3066 205 3099 Μ
220 3070 239 3100 'o
251 3065 296 3099 111
311 3075 357 3098 er
373 3064 564 3109 Symbolik
584 3067 600 3103 ξ
618 3068 680 3100 42:
702 3065 787 3099 Fra
798 3077 820 3098 n
833 3077 849 3098 z
862 3064 962 3098 elin
980 3064 1073 3097 thesi
1095 3067 1149 3098 18.
