2175 3382
840 127 1003 162 Ecclesia.
1021 138 1107 162 vera
1125 129 1181 162 est
1198 128 1394 163 catholica.
1906 134 1994 177 325

251 262 346 287 vero
367 252 406 287 et
428 249 561 287 unitas
592 249 684 286 facit
713 249 963 287 catholicos«
1007 250 1146 298 Itaque
1178 249 1357 297 quamvis
1386 263 1573 288 numerus
1607 264 1752 297 eorum,
1786 252 1854 301 qui
1887 255 1995 291 extra

250 308 461 346 Ecclesiam
484 311 590 354 sunt,
614 307 790 345 fidelium
811 320 974 346 numero
1010 308 1061 345 sit
1083 308 1218 357 major,
1251 320 1330 345 non
1361 310 1493 346 tamen
1524 314 1731 358 propterea
1761 311 1821 348 illi
1852 312 1992 350 turbae

252 367 531 405 catholicitatis
553 367 827 417 praerogativa
847 367 973 405 tribui
994 368 1125 416 potest
1146 370 1307 415 propter
1328 379 1442 405 verae
1463 368 1632 405 unitatis
1655 369 1861 406 detectum.

372 424 415 467 3.
440 426 480 463 Si
503 425 720 475 quaeritur,
753 428 901 475 quanta
923 425 1171 463 desideretur
1201 425 1375 469 diffusio,
1408 425 1552 474 duplex
1582 427 1693 475 prius
1723 428 1995 478 distinguatur

252 485 517 523 catholicitas:
542 487 621 522 act
633 484 769 522 ualis
793 486 928 530 altera,
952 485 1077 522 altera
1100 496 1117 521 s
1131 497 1157 521 u
1169 496 1249 522 cce
1261 497 1278 522 s
1291 484 1371 521 siv
1385 498 1417 530 a,
1440 497 1518 533 qua
1539 486 1757 523 seculorum
1772 499 1891 524 cursu
1905 500 1993 536 gra·

253 545 375 582 datim
409 544 457 581 ad
489 556 621 581 omnes
655 546 792 593 gentes
825 544 997 581 Ecclesia
1030 543 1279 582 diffunditur.
1322 543 1405 588 Qua
1439 544 1694 581 distinctione
1726 546 1867 593 posita,
1904 546 1993 584 haec

253 603 375 641 statui
397 604 589 651 possunt:
612 612 653 643 a.
675 615 754 640 non
776 602 925 651 requiri
948 602 1199 640 diffusionem
1221 604 1338 640 actu
1362 603 1584 640 absolutam
1607 603 1714 648 adeo,
1736 606 1784 641 ut
1804 617 1918 641 nemo
1943 605 1992 642 sit

251 665 361 700 extra
381 661 615 706 Ecclesiam;
649 661 716 699 sed
740 660 786 701 b.
811 661 990 699 sufficere
1012 661 1199 698 moralem
1223 664 1260 698 et
1283 662 1501 702 relativam.
1534 664 1580 699 ut
1602 662 1743 699 habeat
1766 663 1848 700 scil.
1872 676 1993 711 quen-

253 721 341 758 dam
362 721 405 758 in
427 720 518 758 orbe
541 720 696 770 cognito
720 721 968 769 splendorem
991 720 1270 766 universalem,
1295 733 1371 768 quo
1388 720 1561 770 dignitas
1577 721 1662 769 ejus
1679 725 1797 769 atque
1812 723 1994 770 majestas

253 780 430 829 cognosci
453 782 494 817 et
515 779 562 816 ab
585 779 870 818 haereticorum
893 779 1022 816 turbis
1046 779 1311 817 discriminari
1333 781 1469 828 possit.
1511 780 1610 816 Nam
1633 782 1680 817 ut
1702 780 1750 817 ab
1773 780 1834 817 his
1850 781 1992 818 distin-

251 843 408 889 guatur,
444 851 535 876 vera
569 837 738 876 Ecclesia
772 841 934 876 vocatur
968 839 1157 876 catholica
1192 835 1246 889 (n.
1272 836 1394 886 305):
1439 842 1676 887 quapropter
1712 839 1993 877 haereticorum

251 900 386 936 coetus
409 897 668 946 amplitudine
690 910 872 946 superare
905 897 1032 935 debet.
1074 897 1180 935 Illud
1212 910 1303 935 vero
1334 897 1535 947 colligitur
1565 910 1611 934 ex
1641 898 1804 935 solemni
1836 901 1993 947 patrum

252 956 590 1004 interpretatione,
623 957 837 994 secundum
872 969 970 1005 quos
992 957 1166 994 Ecclesia
1191 956 1274 1004 jam
1305 957 1434 994 seculo
1459 956 1537 997 111..
1562 956 1626 994 IV.
1658 960 1697 994 et
1719 957 1761 994 V.
1792 957 1994 995 verissime

251 1018 336 1053 erat
357 1015 559 1053 catholica.
603 1016 782 1053 Ceterum
806 1028 887 1053 eam
911 1016 1092 1066 graphice
1117 1015 1302 1053 describit
1323 1017 1354 1053 A
1371 1016 1661 1065 ugustinus
1693 1028 1804 1053 serm.
1830 1023 1881 1056 46
1916 1029 1945 1054 0.
1970 1023 1991 1057 8

251 1088 289 1112 11.
319 1082 389 1114 18:
414 1074 476 1118 „N
482 1087 529 1111 on
553 1085 686 1112 omnes
709 1075 905 1117 haeretici,
927 1076 1072 1123 inquit,
1095 1087 1165 1124 per
1186 1075 1309 1112 totam
1332 1074 1468 1112 faciem
1488 1077 1627 1118 terrae,
1663 1075 1728 1112 sed
1751 1078 1883 1112 tamen
1904 1076 1993 1113 hae-

252 1133 364 1171 retici
383 1146 454 1182 per
474 1135 599 1171 totam
620 1133 759 1171 faciem
781 1137 920 1172 terrae.
966 1134 1044 1171 Alii
1065 1134 1140 1176 hic,
1165 1133 1232 1171 alii
1256 1133 1321 1178 ibi,
1344 1146 1540 1182 nusquam
1560 1136 1691 1170 tamen
1715 1133 1878 1171 desunt:
1916 1134 1994 1183 ipsi

252 1206 291 1230 se
313 1206 394 1230 non
415 1195 570 1231 norunt.
614 1193 703 1230 Alia
726 1195 829 1230 secta
850 1193 892 1230 in
913 1193 1055 1232 Africa.
1079 1193 1156 1230 alia
1177 1192 1347 1230 haeresis
1369 1193 1408 1229 in
1433 1192 1604 1240 Oriente,
1638 1193 1713 1230 alia
1736 1192 1779 1230 in
1801 1194 1992 1242 Aegypto,

251 1252 327 1289 alia
348 1252 389 1289 in
411 1252 688 1300 Mesopotamia
710 1252 819 1289 verbi
844 1253 982 1302 gratia.
1025 1251 1198 1290 Diversis
1230 1252 1326 1289 locis
1356 1254 1449 1289 sunt
1471 1251 1649 1288 diversae
1674 1280 1680 1287 .
1704 1282 1711 1289 .
1736 1281 1743 1288 .
1767 1252 1840 1289 Sed
1862 1258 1994 1290 tamen

252 1311 320 1348 illa
343 1309 529 1362 (Ecclesia
553 1309 758 1362 catholica)
783 1323 915 1348 omnes
938 1312 1059 1351 novit.
1083 1311 1176 1359 quia
1198 1323 1286 1348 cum
1309 1311 1492 1348 omnibus
1514 1311 1602 1348 fusa
1616 1314 1686 1348 est.
1721 1311 1841 1348 Verbi
1855 1312 1992 1360 gratia.

254 1372 314 1407 est
335 1370 377 1407 in
399 1369 529 1407 Africa
550 1382 638 1418 pars
662 1370 815 1413 Donati,
840 1370 1065 1408 eunomiani
1087 1383 1167 1408 non
1190 1372 1286 1408 sunt
1307 1370 1348 1407 in
1363 1369 1513 1415 Africa3
1537 1370 1605 1407 sed
1620 1382 1708 1407 cum
1722 1375 1834 1419 parte
1851 1371 1992 1407 Donati

252 1431 312 1466 est
333 1429 395 1467 1110
418 1429 624 1467 Catholica.
668 1429 771 1466 Sunt
792 1429 832 1466 in
856 1429 1014 1467 Oriente
1037 1429 1273 1473 eunomiani,
1298 1429 1354 1466 ibi
1375 1442 1453 1466 non
1468 1432 1526 1466 est
1538 1442 1627 1478 pars
1644 1429 1794 1466 Donati.
1823 1429 1891 1466 sed
1905 1442 1993 1466 011111

253 1488 495 1525 eunomianis
516 1488 573 1525 1111
594 1490 654 1525 051
677 1488 881 1526 Catholica.
923 1489 997 1525 Illa
1019 1489 1072 1526 sic
1095 1490 1155 1526 est
1177 1492 1379 1537 tamquam
1402 1488 1495 1525 vitis
1519 1487 1721 1525 crescendo
1743 1488 1895 1535 ubique
1917 1488 1992 1525 dif-

253 1547 360 1584 fusa:
388 1547 448 1584 illi
471 1547 526 1584 sic
547 1549 640 1584 sunt
661 1550 862 1596 tamquam
887 1551 1084 1585 sarmenta
1105 1547 1266 1584 inutilia
1297 1547 1488 1596 agricolae
1519 1547 1615 1584 falce
1648 1547 1819 1596 praecisa
1851 1548 1991 1585 merito

253 1606 473 1643 sterilitatis
495 1618 599 1653 suae,
622 1608 669 1643 ut
690 1606 784 1643 vitis
807 1609 1030 1655 putaretur,
1054 1619 1133 1644 non
1155 1609 1201 1644 ut
1223 1609 1507 1656 amputaretur.
1545 1606 1794 1643 Sacramenta
1816 1618 1907 1655 ergo
1924 1606 1992 1644 illa

251 1665 322 1702 ubi
343 1665 522 1714 praecisa
544 1667 650 1710 sunt,
673 1665 729 1702 ibi
743 1668 1027 1703 remanserunt.
1060 1666 1164 1703 Vitis
1179 1671 1307 1703 autem
1325 1677 1499 1703 crescens
1515 1677 1584 1713 per
1599 1664 1730 1702 omnia
1744 1669 1783 1702 et
1798 1667 1992 1702 sarmenta

254 1736 325 1762 sua
345 1724 467 1770 novit,
503 1736 601 1772 quae
623 1724 665 1760 in
687 1724 755 1761 illa
785 1727 1029 1769 manserunt,
1062 1727 1101 1761 et
1126 1726 1241 1773 juxta
1272 1737 1312 1761 se
1344 1736 1442 1773 quae
1474 1723 1520 1760 de
1552 1724 1620 1761 illa
1651 1724 1825 1772 praecisa
1857 1726 1990 1761 sunt<

255 1783 350 1827 Quis
372 1794 450 1820 non
473 1783 581 1820 videt
602 1783 693 1820 haec
726 1783 889 1820 mutatis
921 1784 1120 1821 haeresum
1150 1783 1375 1821 nominibus
1406 1783 1453 1820 de
1476 1783 1645 1820 Ecclesia
1676 1783 1992 1821 romano-catho—

253 1842 330 1879 lica
351 1846 508 1880 nostrae
530 1842 668 1879 aetatis
688 1842 814 1890 repeti
836 1844 978 1891 posse?
1014 1842 1114 1880 Hinc
1137 1852 1177 1883 (3.
1202 1842 1284 1880 fieri
1306 1844 1447 1891 potest,
1472 1844 1519 1879 ut
1542 1838 1740 1879 Ecclesiae
1763 1842 1991 1890 amplitudo,

255 1901 444 1938 incolumi
464 1903 647 1938 manente
671 1902 756 1949 ejus
780 1901 1059 1945 catholicitate,
1083 1914 1188 1939 nunc
1211 1906 1370 1946 crescat,
1407 1904 1608 1950 augeatur.
1642 1913 1748 1938 nunc
1779 1901 1992 1938 minuatur.

255 1961 459 1997 Praeterea
489 1957 535 2000 (l.
559 1960 717 1997 evidens
751 1962 822 2000 est.
855 1960 953 1997 hanc
983 1960 1266 2009 proprietatem
1297 1960 1493 1997 Eccle>iae
1524 1960 1699 1997 nascenti
1730 1959 1992 1998 destinatione

253 2022 410 2056 tantum
432 2021 472 2056 et
493 2019 652 2065 virtute,
689 2018 906 2056 formaliter
927 2032 1017 2057 vero
1041 2020 1112 2056 soli
1145 2019 1338 2057 Ecclesiae
1370 2019 1526 2056 adultae
1554 2018 1773 2057 convenire.
1817 2019 1993 2067 Denique

254 2088 294 2119 e.
322 2078 501 2126 quamvis
523 2090 680 2115 necesse
702 2091 781 2115 non
804 2078 868 2124 sit,
902 2080 948 2115 ut
970 2078 1143 2116 Ecclesia
1165 2081 1255 2116 actu
1276 2082 1414 2128 gentes
1447 2090 1581 2115 omnes
1613 2078 1772 2115 omnino
1804 2078 1992 2127 complec-

253 2139 374 2182 tatur,
407 2137 455 2174 ad
477 2149 610 2175 omnes
632 2139 766 2174 tamen
789 2137 977 2186 temporis
1008 2138 1122 2186 lapsu
1152 2137 1409 2181 diffundetur,
1447 2150 1537 2174 nam
1570 2150 1615 2174 ex
1637 2137 1781 2174 Christi
1812 2137 1993 2190 mandato

185 2219 188 2222 -
255 2196 391 2233 Matth.
418 2202 482 2241 28,
513 2202 560 2236 19
585 2208 720 2234 omnes
744 2196 860 2233 debet
882 2196 1018 2234 docere
1040 2200 1189 2246 gente<.
1234 2197 1283 2233 Et
1304 2208 1440 2233 revera
1462 2199 1599 2245 gentes
1622 2195 1701 2232 fere
1723 2208 1870 2241 omnes,
1894 2208 1993 2244 quae

253 2268 429 2304 unquam
450 2255 606 2292 fuerant
641 2255 884 2301 christianae,
916 2269 986 2304 per
1009 2256 1220 2293 Ecclesiam
1253 2255 1483 2292 catholicam
1515 2255 1561 2292 ad
1594 2254 1706 2292 fidem
1731 2254 1875 2292 Christi
1905 2267 1993 2304 per-

255 2315 394 2352 ductae
417 2316 522 2351 sunt.
566 2313 618 2352 Cf.
642 2314 837 2359 Suarez,
861 2314 1032 2352 defensio
1054 2315 1143 2352 fidei
1165 2315 1266 2352 cath.
1289 2315 1319 2359 I,
1348 2320 1397 2354 12
1415 2326 1483 2358 ss.;
1507 2313 1877 2351 Thomassinus
1901 2313 1993 2351 diss.

259 2380 307 2413 16
334 2373 381 2410 de
404 2372 597 2415 0011011115ς
620 2373 888 2422 Binterim,
913 2373 1024 2422 epist.
1048 2373 1186 2410 cathol.
1212 2379 1233 2412 2
1259 2385 1288 2410 0.
1315 2379 1336 2412 2
1363 2371 1382 2415 ξ
1408 2379 1429 2412 6
1454 2372 1608 2410 exercit.
1635 2379 1670 2412 5.

373 2455 470 2497 3111.
501 2452 878 2496 Demonstratio.
923 2453 963 2496 1.
997 2452 1210 2494 Ecclesiae
1243 2451 1508 2493 catholicitas
1540 2456 1886 2504 praemonstrata
1917 2450 1992 2492 fuit

255 2537 297 2566 a.
321 2522 441 2564 titulo
465 2523 602 2563 crucis
624 2523 866 2575 conscripto
882 2523 1016 2564 tribus
1030 2522 1181 2576 linguis
1204 2522 1295 2570 illis,
1318 2534 1428 2575 quae
1449 2527 1549 2563 tunc
1572 2527 1707 2564 totum
1732 2523 1818 2564 fere
1842 2522 1991 2563 orbem

254 2598 401 2634 notum
425 2598 708 2646 occuparant:
732 2593 845 2646 quod
867 2594 1115 2647 mysterium
1137 2593 1494 2646 praesignificavit
1515 2594 1633 2646 regni
1648 2592 1801 2635 Christi
1824 2605 1899 2646 per
1922 2605 1991 2634 or-

254 2663 353 2704 bem
367 2663 633 2705 diffusionem
647 2678 656 2711 ;
679 2665 723 2707 b.
747 2675 849 2704 arca
864 2663 967 2713 Noe,
989 2676 1173 2717 quacum
1188 2664 1371 2705 conferri
1385 2663 1511 2705 debet
1524 2664 1629 2705 visio
1645 2677 1675 2704 s.
1692 2663 1805 2704 Petri
1819 2664 1909 2706 Act.
1927 2666 1993 2706 111.

259 2737 312 2776 io
334 2747 402 2783 ss.,
424 2746 534 2787 quae
556 2734 826 2776 adumbravit
848 2734 1080 2776 Ecclesiam
1105 2735 1458 2787 complectentem
1482 2746 1630 2776 omnes
1653 2741 1822 2787 gentes;
1845 2747 1886 2778 c.
1912 2734 1990 2774 mi-

256 2805 413 2854 raculo,
438 2805 551 2858 quod
574 2806 747 2858 contigit
768 2806 812 2846 in
834 2805 1013 2846 solemni
1034 2805 1248 2847 Ecclesiae
1270 2806 1595 2857 inauguratione
1618 2806 1684 2846 die
1707 2805 1992 2846 Pentecostes.

257 2887 353 2915 cum
376 2875 567 2928 discipuli
588 2875 825 2927 linguarum
849 2875 1107 2917 charismate
1129 2876 1391 2918 donarentur
1412 2875 1465 2917 ib.
1489 2880 1527 2926 2,
1548 2880 1587 2920 4.

373 2960 434 2997 Ad
454 2960 527 2998 hoc
547 2961 783 2999 miraculum
804 2961 948 3010 passim
971 2963 1156 3010 provocat
1175 2962 1525 3012 Augustinus:
1563 2988 1580 3006 »
1590 2961 1688 3006 Quid
1726 2960 1803 2997 sibi
1825 2959 1990 3005 volebat,

256 3019 397 3067 inquit.
420 3031 450 3058 0.
472 3020 532 3057 111.
555 3020 670 3058 Petit.
693 3020 717 3057 1.
743 3026 764 3060 2
789 3033 826 3057 11.
854 3026 874 3061 7
882 3027 921 3066 4,
941 3020 1044 3057 illud
1067 3020 1225 3070 signum
1247 3033 1290 3058 ac
1311 3021 1563 3070 prodigium?
1587 3021 1662 3058 Cur
1676 3019 1788 3056 modo
1804 3018 1861 3055 ita
1877 3019 1993 3055 datur

258 3077 427 3126 Spiritus
449 3080 619 3124 sanctus,
643 3081 690 3116 ut
709 3091 836 3125 nemo,
870 3079 933 3116 cui
954 3079 1081 3126 datur,
1114 3080 1261 3129 linguis
1284 3080 1464 3117 omnibus
1486 3079 1594 3127 loqui
1623 3077 1759 3126 possit,
1792 3076 1869 3113 nisi
1900 3076 1993 3124 quia
