2175 3382
190 123 276 161 3350
433 114 552 148 'Pi-act.
576 113 634 147 lll.
654 114 699 146 «10
718 112 890 156 primatu.
913 111 1198 156 Exceptionibus
1217 114 1344 145 contra
1364 111 1564 155 primatum
1588 112 1680 146 l'etri

315 244 408 277 364.
445 237 699 285 Reprehensio
725 236 871 284 (f'eplme
891 248 960 283 per
982 235 1156 272 Paulum.
1181 257 1235 261 —
1258 231 1298 273 ⁸2.
1323 234 1541 282 Opponunt
1561 236 1826 282 protestantes
1849 234 1930 274 Gal.

196 306 229 341 2,
265 296 426 371 'l'fflbi
459 297 496 333 P·
514 296 555 332 ul
588 309 604 331 s
715 308 754 332 se
804 307 866 331 ξιτ
891 298 930 330 t:
965 294 1046 331 Can
1093 299 1218 330 autem
1251 294 1405 330 venisset
1437 292 1581 341 Cephas
1601 293 1860 340 Antiochiam,
1891 294 1931 331 in

190 357 329 402 faelem
358 295 1135 404 ecwfflffibmimw
1160 382 1166 389 .
1192 384 1199 391 .
1223 380 1230 387 .
1257 352 1351 388 Cum
1381 353 1569 396 vidissem,
1603 352 1702 400 quod
1731 364 1807 390 non
1838 356 1932 389 recte

193 415 432 452 ambularent
455 412 620 466 (Cephas
652 417 691 451 et
714 409 928 464 Barnabas)
961 413 1013 449 ad
1048 413 1237 448 ret-itatem
1270 411 1480 459 Evangelii,
1512 411 1595 448 dixi
1627 410 1771 459 cephae
1801 423 1931 448 coram

191 489 228 511 ‹a›
257 474 389 511 nibus:
413 473 456 510 Si
477 479 489 509 t
577 486 626 509 a»
652 473 822 568 chgaeas
843 472 1118 541 siswiliter
1140 472 1242 515 viris,
1267 475 1299 506 et
1322 483 1344 506 η
1371 484 1395 508 n
1426 470 1577 514 'udaie-e,
1601 470 1784 519 quomodo
1803 474 1932 520 qentes

0 506 173 563 ”W
233 546 293 583 ys
326 486 684 579 Jufflffiffhiz
728 544 820 579 xcep
843 513 929 567 idne
964 482 1449 578 usffiffiiffrmsfflzi
1481 531 1519 566 et
1551 529 1814 575 marcionitae,
1837 529 1931 566 Por—

191 592 356 641 phyrius
379 594 419 629 et
440 592 626 629 Julianus
649 593 835 639 apostata.
865 589 1154 637 Respondemus

312 662 352 692 a.
380 651 481 688 Petri
505 649 844 698 reprehensionem
866 660 945 685 non
967 648 1163 685 adversari
1186 647 1384 696 primatui,
1409 660 1497 684 cum
1521 647 1682 684 inferior
1695 647 1935 695 quandoque

192 711 322 760 possit
344 710 477 747 debita
498 722 586 747 cum
610 708 831 746 reverentia
854 707 1095 756 superiorem
1118 707 1311 756 corrigere
1350 706 1589 743 correctione
1620 718 1711 743 sane
1742 706 1933 750 fraterna;

313 768 357 810 b.
379 768 609 818 praesertim
641 780 729 805 cum
752 771 832 804 tam
864 779 907 803 ex
946 774 977 806 l.
1001 766 1081 803 Cor.
1125 774 1154 811 1,
1186 772 1256 810 123
1291 772 1327 809 9,
1354 773 1390 810 5,
1419 772 1482 810 15,
1509 772 1544 810 5,
1568 767 1608 802 et
1629 777 1673 802 ex
1695 765 1779 802 Gal.
1807 772 1840 810 1,
1870 771 1932 810 18,

193 843 310 877 quam
335 842 379 866 ex
405 829 475 865 hoc
498 827 581 876 ipso
605 827 671 875 qui
695 826 880 874 objicitur
901 825 996 873 loco,
1023 825 1130 862 Petri
1146 824 1339 873 primatus
1353 824 1457 862 haud
1473 824 1637 862 obscure
1651 823 1784 874 colligi
1797 823 1932 872 possit.

196 889 250 925 Ex
273 901 331 937 ep.
363 896 372 927 1
404 887 451 924 ad
474 888 567 930 Cor.,
591 886 685 934 quia
706 885 816 922 nulla
840 884 951 921 reddi
974 884 1073 921 ratio
1095 883 1311 933 probabilis
1333 885 1474 932 potest,
1511 895 1632 932 quare
1663 885 1806 932 urgeat
1826 883 1933 920 Petri

191 947 480 989 auctoritatem,
506 957 622 994 quem
646 944 837 982 Corinthii
857 956 1060 992 nunquam
1083 943 1273 988 viderant,
1295 942 1372 979 nisi
1394 943 1486 990 quia
1507 942 1612 980 inter
1627 942 1822 991 apostolos
1835 941 1932 979 emi·
1991 970 2000 999 ,

193 1009 316 1043 neret.
359 1006 412 1042 Ex
437 1005 518 1042 Gal.
546 1013 580 1050 i,
610 1012 656 1044 18
681 1016 784 1047 vero,
820 1003 912 1051 quia
935 1002 1152 1040 secundum
1173 1004 1305 1050 patres
1328 1001 1471 1039 idcirco
1492 1002 1639 1039 Paulus
1670 1013 1763 1050 prae
1794 1001 1934 1039 ceteris

195 1065 334 1102 invisit
355 1065 529 1104 Petrum.
567 1063 671 1111 quod
694 1062 876 1111 primatis
899 1062 1024 1099 instar
1045 1061 1218 1109 reliquos
1249 1061 1510 1109 praecelleret.
1553 1060 1655 1099 Hinc
1685 1060 1934 1109 Hierony-

193 1138 265 1161 mu
279 1136 295 1161 s
318 1136 377 1172 ep.
407 1131 418 1163 1
438 1129 482 1163 12
508 1123 555 1160 ad
577 1122 851 1172 Augustinum
875 1121 1013 1159 scribit
1035 1134 1072 1159 n.
1099 1130 1143 1159 s:
1178 1120 1352 1164 ,Tantae
1374 1120 1622 1157 auctoritatis
1644 1119 1723 1157 fuit
1743 1115 1934 1172 (Petrus),

195 1189 239 1219 ut
262 1183 407 1220 Paulus
438 1183 478 1219 in
511 1195 569 1230 ep.
603 1194 675 1219 sua
698 1178 763 1232 (ad
787 1181 867 1218 Gal.
899 1188 929 1225 1,
960 1179 1025 1228 18)
1058 1179 1276 1228 scripserit:
1312 1179 1462 1216 Deinde
1484 1184 1572 1228 post
1594 1191 1715 1216 annos
1746 1181 1824 1216 tres
1854 1179 1935 1216 veni

191 1243 471 1291 jerosolymam
489 1242 611 1278 videre
631 1242 779 1278 Petrum
796 1245 827 1277 et
842 1241 969 1277 mansi
991 1240 1096 1288 apud
1118 1252 1203 1276 eum
1224 1239 1353 1275 diebus
1375 1239 1612 1287 quindecim7·
1632 1249 1872 1286 rursumque
1892 1237 1936 1275 in

195 1301 548 1349 consequentibus:
603 1301 690 1337 Post
726 1311 847 1336 annos
881 1300 1142 1349 quatordecim
1177 1299 1330 1335 ascendi
1366 1299 1502 1335 iterum
1535 1297 1816 1347 Jerosolymam
1851 1309 1936 1334 cum

196 1361 384 1398 Barnaba
405 1365 601 1411 assumpto
623 1365 654 1396 et
686 1359 777 1396 Tito.
821 1359 987 1395 Ascendi
1018 1363 1141 1395 autem·
1173 1358 1379 1395 secundum
1411 1358 1683 1400 revelationem,
1715 1361 1749 1393 et
1778 1357 1936 1404 exposui

192 1433 279 1456 ‘cum
302 1421 358 1457 eis
379 1419 641 1469 Evangselium,
666 1419 766 1468 qaod
784 1419 966 1466 praedico
987 1419 1028 1454 in
1047 1417 1231 1467 qentibuS,
1267 1416 1476 1454 ostendens
1499 1428 1539 1453 se
1561 1428 1639 1454 non
1660 1415 1843 1453 habuisse
1876 1427 1934 1452 se-

195 1480 402 1516 curitatem
424 1478 672 1528 praedicandi
696 1477 912 1526 Evangelii,
935 1477 1013 1514 nisi
1035 1476 1144 1513 Petri
1166 1483 1205 1513 et
1227 1479 1446 1513 ceterorum
1462 1475 1740 1524 apostolorum,
1762 1474 1936 1524 quicum

190 1551 235 1575 eo
259 1540 383 1583 erant,
407 1538 547 1575 suisset
578 1537 774 1575 sententia
807 1537 1028 1573 roboratus.
1040 1540 1058 1558 «
1099 1535 1151 1572 Et
1173 1535 1566 1584 Chrysostomus
1596 1534 1698 1572 hom.
1724 1539 1776 1574 88
1809 1533 1852 1570 in
1873 1533 1935 1571 Jo.

192 1611 227 1633 n.
260 1606 272 1637 1
293 1611 300 1634 z
327 1597 458 1641 „Dicit
479 1596 516 1634 ei
539 1593 672 1649 (Petro
695 1593 852 1647 Jesus):
888 1596 1006 1632 Pasce
1028 1607 1118 1632 oves
1139 1606 1256 1632 meas.
1298 1594 1349 1630 Et
1371 1606 1440 1631 cur
1463 1594 1550 1631 aliis
1572 1592 1857 1642 praetermissis
1889 1592 1935 1630 de

191 1657 254 1693 his
278 1657 383 1694 hunc
404 1656 624 1704 alloquitur
633 1659 650 1692 ἱ)
686 1655 863 1691 Eximius
886 1656 970 1692 erat
992 1654 1097 1691 inter
1118 1653 1327 1702 apostolos,
1352 1665 1393 1690 os
1415 1652 1700 1701 discipulorum
1730 1653 1771 1690 et
1800 1653 1935 1690 coetus

193 1715 305 1753 illius
329 1718 456 1765 caput,
493 1715 580 1752 ideo
602 1714 749 1752 Paulus
771 1726 864 1762 prae
887 1713 975 1751 aliis
997 1714 1103 1751 hunc
1124 1713 1283 1750 visurus
1314 1712 1462 1750 venit«
1507 1711 1862 1749 Theodoretus
1893 1711 1936 1748 in

193 1775 228 1811 h.
261 1775 285 1812 l.
330 1801 347 1818 »
358 1775 640 1823 Apostolorum
672 1773 840 1822 principi
872 1772 1172 1810 convenientem
1201 1772 1344 1810 tribuit
1373 1772 1586 1809 honorem«
1619 1773 1660 1808 et
1688 1783 1748 1820 ep.
1777 1776 1855 1811 113
1887 1770 1937 1807 ad

190 1835 360 1871 Leonem
383 1832 512 1886 (Mig.
532 1833 674 1882 patrol.
698 1845 753 1881 gr.
780 1838 844 1878 83,
875 1829 1026 1884 1312):
1062 1831 1131 1876 „Si
1153 1831 1300 1869 Paulus
1322 1843 1461 1880 praeco
1482 1830 1662 1868 veritatis
1684 1829 1734 1867 ad
1754 1841 1939 1879 magnum

194 1894 355 1930 Pet-rum
377 1905 416 1930 se
438 1893 620 1938 contulit,
643 1895 689 1930 ut
711 1891 774 1935 iis,
809 1892 878 1939 qui
901 1891 1129 1929 Antiochiae
1152 1890 1199 1928 de
1222 1891 1340 1940 legali
1362 1889 1653 1928 conversatione
1675 1889 1939 1938 ambigebant,

191 1952 492 2000 explicationem
517 1952 563 1988 ab
585 1952 655 1989 illo
677 1951 862 1988 referret:
900 1951 1028 1988 multo
1050 1949 1175 1999 magis
1196 1962 1267 1987 nos
1290 1949 1460 1987 humiles
1482 1951 1522 1987 et
1542 1948 1683 1998 pusilli
1713 1947 1762 1985 ad
1784 1949 1940 1996 aposto-

193 2012 307 2048 licam
331 2011 462 2048 sedem
485 2012 655 2049 vestram
681 2010 933 2054 accurrimus,
971 2011 1018 2047 ut
1039 2008 1291 2046 ecclesiarum
1315 2009 1513 2046 ulceribus
1536 2007 1754 2045 remedium
1776 2020 1798 2044 a
1827 2006 1940 2044 vobis

192 2070 436 2119 accipiamus.
448 2075 466 2094 ⁴<
509 2070 657 2107 Marius
689 2069 999 2107 Victorinus
1031 2068 1073 2105 in
1103 2069 1140 2105 h.
1172 2068 1198 2104 l.
1231 2065 1338 2119 (Mig.
1373 2074 1409 2113 8,
1450 2064 1596 2119 1155):
1630 2066 1814 2111 „Etenim
1844 2065 1879 2103 si
1899 2065 1942 2102 in

195 2130 309 2166 Petro
332 2129 632 2167 fundamentum
657 2129 852 2166 Ecclesiae
874 2128 1048 2177 positum
1069 2130 1141 2173 est,
1177 2129 1222 2164 ut
1243 2128 1284 2164 in
1306 2126 1520 2176 Evangelio
1543 2126 1714 2167 dictum:
1746 2125 1811 2163 cui
1831 2137 1940 2162 reve-

195 2189 273 2225 lata
295 2190 408 2226 erant
420 2189 561 2232 omnia,
585 2189 733 2226 Paulus
750 2188 868 2225 scivit
879 2187 1012 2225 videre
1029 2199 1069 2224 se
1092 2187 1116 2223 d
1130 2186 1281 2224 ebere
1303 2187 1476 2231 Petrum,
1501 2185 1613 2234 quasi
1628 2197 1729 2230 eum,
1753 2184 1816 2222 cui
1828 2185 1943 2221 tanta

191 2247 407 2285 auctoritas
429 2261 451 2285 a
474 2248 625 2285 Christo
649 2247 739 2285 data
760 2249 875 2292 esset,
908 2259 988 2284 non
1020 2248 1067 2283 ut
1088 2246 1136 2283 ab
1159 2258 1203 2283 eo
1225 2245 1378 2294 aliquid
1409 2245 1618 2283 disceret«
1661 2243 1715 2282 Cf.
1739 2243 1940 2281 Ambro-

196 2307 358 2343 siaste
373 2320 389 2343 r
411 2307 452 2343 in
476 2307 556 2345 Gal.
582 2313 617 2350 2,
645 2313 679 2347 3.
723 2306 827 2343 Hinc
849 2306 897 2343 ad
918 2318 1002 2343 rem
1024 2306 1246 2343 Bossuet
1268 2304 1387 2343 Serm.
1424 2316 1492 2341 sur
1513 2304 1537 2340 Γ
1550 2303 1662 2341 unite
1693 2303 1740 2340 de
1770 2301 1795 2339 Γ
1807 2301 1940 2352 Eglise

195 2365 285 2402 inde
310 2365 439 2410 infert,
462 2366 633 2403 voluisse
655 2366 824 2403 Paulum
846 2365 1016 2414 posteris
1040 2363 1183 2402 seculis
1219 2364 1310 2401 dare
1334 2364 1568 2412 exemplum,
1599 2364 1646 2400 ut
1676 2374 1830 2411 semper
1850 2373 1940 2399 con-

196 2427 332 2470 staret,
355 2425 507 2470 etiamsi
530 2425 619 2473 quis
643 2425 696 2462 sit
717 2425 867 2469 doctus,
890 2424 955 2462 vel
977 2426 1150 2469 sanctus,
1174 2423 1252 2460 imo
1275 2424 1340 2461 vel
1362 2423 1462 2460 alter
1484 2422 1642 2468 Paulus,
1678 2434 1770 2459 eum
1800 2420 1942 2458 debere

196 2483 328 2520 videre
350 2484 532 2521 Petrum!
568 2484 622 2520 Ex
656 2484 742 2532 ipso
764 2495 856 2521 vero
890 2484 973 2521 loco
1006 2483 1159 2532 objecto
1191 2482 1386 2531 primatus
1416 2481 1687 2531 praerogativa
1719 2473 1941 2529 colligitur}

195 2554 323 2590 neque
345 2543 449 2579 enim
472 2544 572 2580 ratio
604 2543 799 2580 sufficiens
832 2542 943 2580 reddi
963 2544 1096 2591 potest
1117 2543 1272 2590 praeter
1301 2541 1493 2590 potiorem
1515 2539 1624 2577 Petri
1653 2538 1940 2583 auctoritatem,

195 2613 315 2649 quare
337 2602 601 2649 praevaluerit
623 2602 707 2650 ejus
730 2602 950 2650 exemplum
985 2601 1025 2638 in
1047 2613 1088 2638 re
1118 2601 1294 2649 alioquin
1316 2600 1469 2637 difficili
1497 2611 1589 2648 prae
1619 2598 1794 2647 exemplo
1815 2597 1940 2642 Pauli,

194 2659 290 2697 adeo
313 2662 359 2697 ut
379 2660 514 2709 ipsumv
532 2673 688 2709 quoque
711 2661 932 2698 Barnabam
955 2659 1211 2697 individuum
1233 2659 1346 2697 Pauli
1367 2658 1548 2697 comitem
1569 2658 1616 2694 ad
1630 2656 1941 2695 observationem

196 2719 383 2769 legalium
397 2719 600 2756 induceret
615 2722 653 2756 et
667 2722 804 2769 gentes
822 2717 918 2771 (non
934 2719 1063 2757 solum
1073 2716 1256 2771 judaeos)
1272 2718 1447 2767 exemplo
1462 2718 1556 2763 solo,
1577 2721 1720 2767 coyeret
1727 2715 1941 2765 judaizare.

317 2787 359 2818 (3.
382 2778 488 2816 Adeo
510 2778 709 2815 veteribus
731 2778 809 2816 fuit
831 2779 941 2815 Petri
963 2778 1160 2827 primatus
1184 2781 1326 2823 certus,
1360 2779 1408 2814 ut
1428 2776 1495 2814 alii
1516 2773 1546 2828 1)
1570 2787 1659 2813 cum
1681 2775 1940 2813 Clemente

198 2837 295 2874 alex.
319 2838 478 2886 propter
498 2837 596 2874 hanc
618 2837 893 2874 difficultatem
916 2839 1053 2875 contra
1074 2849 1228 2874 omnem
1259 2837 1342 2874 veri
1365 2835 1533 2884 speciem
1555 2837 1595 2872 et
1617 2838 1678 2872 sat
1697 2835 1943 2872 constantem

197 2896 451 2934 traditionem
472 2898 675 2945 negarent.
711 2896 876 2944 Cepham
900 2909 921 2933 a
944 2896 1067 2933 Paulo
1088 2895 1367 2945 reprehensum
1397 2894 1518 2932 fuisse
1539 2895 1724 2939 Petrum3
1755 2892 1823 2930 alii
1853 2904 1942 2930 cum

347 3033 371 3075 ¹)
391 3031 442 3066 Ex
459 3031 646 3076 theologis
664 3030 1110 3076 Wirceburgenses
1138 3033 1183 3066 de
1201 3032 1273 3077 leg.
1292 3044 1327 3069 n.
1347 3033 1392 3066 60
1409 3041 1474 3066 ss:
1504 3030 1742 3063 Vincenzi
1769 3029 1813 3062 de
1841 3028 1941 3062 hebr.

200 3088 235 3118 et
255 3084 542 3119 christianorum
561 3096 590 3118 s.
611 3083 834 3125 monarchia,
854 3083 991 3120 Romae
1011 3086 1101 3120 1875
1119 3096 1156 3129 p.
1174 3087 1242 3121 305
1261 3096 1307 3119 ss.
1327 3084 1381 3120 ed.
1401 3086 1433 3117 ⁶2.
