2175 3382
787 112 1008 157 Theologiae
1027 112 1268 147 scholasticae
1288 113 1400 147 notio.
1884 113 1889 118 '
1927 118 1952 159 3

221 236 393 285 canaliS,
425 247 508 288 quo
531 232 801 274 revelationis
824 231 1063 284 depositum
1085 231 1324 271 continetur
1347 235 1388 271 et
1409 231 1462 271 ad
1485 243 1562 272 nos
1586 231 1810 281 derivatur,
1842 231 1953 273 unde

222 320 300 350 sua
323 309 573 359 argumenta
597 303 807 357 depromit
830 303 884 344 ad
907 302 1071 354 singula
1093 302 1294 354 dogmata
1315 303 1513 354 ponenda
1536 314 1610 343 seu
1631 302 1864 355 probanda,
1891 301 1954 343 di-
2006 294 2011 297 ἢ

222 377 375 429 stingui
396 377 549 418 iterum
571 375 725 428 poterit
749 375 791 414 in
812 373 1012 414 biblicam
1032 375 1061 426 1)
1086 385 1160 414 seu
1184 385 1278 414 exe
1291 373 1523 425 geticam
1547 374 1631 428 (cui
1653 378 1872 426 tamquam
1893 373 1954 413 di-

222 448 424 501 sciplinae
447 446 674 488 auxiliares
698 444 978 497 subjiciuntur
999 444 1266 491 introductio,
1299 443 1609 495 archaeologia,
1640 444 1956 485 hermeneutica

223 519 331 576 etc),
352 518 705 571 patristicam
723 516 768 572 2),
801 515 1138 568 synodicam,
1171 514 1548 567 symbolicam,
1580 513 1894 565 liturgicam
1912 515 1957 569 3),

223 587 685 631 monumentalem
709 591 785 627 etc.

340 672 402 715 III.
430 670 671 725 leeoloyicce
711 669 973 710 scholasticae
1005 668 1124 708 notio.
1157 694 1214 698 —
1245 666 1367 717 Quod
1399 679 1499 707 vero
1523 667 1779 718 theologiam
1811 667 1960 707 attinet

224 743 526 785 scholasticam
540 742 588 796 4),
624 739 825 781 falluntur
846 740 1132 788 vehementer,
1154 738 1225 791 qui
1246 742 1403 790 putent,
1437 737 1560 790 hujus
1582 737 1709 777 veluti
1732 737 1959 778 essentiam

225 814 458 856 consistere
481 826 522 857 a.
546 812 588 852 in
612 811 760 852 ordine
782 814 988 864 system
1002 810 1170 858 atico,
1199 820 1326 862 quein
1349 809 1391 848 in
1413 807 1672 860 exponendis
1695 806 1961 860 dogmatibus

225 886 432 937 sequitur:
465 895 565 924 nam
598 883 677 923 etsi
711 881 815 922 ordo
839 881 1137 934 systematicus
1160 884 1200 920 et
1224 880 1459 920 cohaerens
1483 891 1577 919 eam
1600 879 1826 931 plurimum
1843 878 1963 930 juvat

225 955 292 997 vel
313 955 440 996 etiam
465 958 618 1007 sponte
642 965 721 994 sua
744 953 1029 1005 consequitur,
1051 964 1138 992 non
1161 955 1308 992 tamen
1328 950 1372 990 in
1394 961 1444 991 eo
1469 950 1659 990 consistit
1681 949 1770 1001 ejus
1791 950 1899 989 ratio
1924 953 1965 988 et

226 1026 430 1073 essentia;
465 1025 659 1067 ordinem
691 1025 803 1065 enim
836 1022 1009 1076 quilibet
1041 1022 1264 1074 theologus
1284 1020 1472 1073 prudens
1493 1019 1559 1060 vel
1580 1020 1643 1060 vir
1664 1020 1866 1060 scientiae
1889 1018 1964 1059 ali-

227 1097 344 1150 cujus
367 1096 582 1138 studiosus
604 1095 846 1137 sectabitur.
868 1093 1016 1147 Neque
1035 1095 1080 1137 b.
1097 1105 1148 1134 ea
1171 1092 1363 1133 consistit
1383 1092 1426 1132 in
1448 1104 1544 1131 usu
1566 1089 1773 1143 frequenti
1794 1088 1964 1142 philo-

227 1168 457 1220 sophiae
489 1167 785 1216 aristotelicae,
817 1165 1063 1206 dialecticae
1095 1163 1359 1216 praesertim,
1391 1162 1584 1215 quamvis
1614 1161 1721 1201 haec
1744 1165 1890 1212 aptum
1912 1159 1966 1199 ad

227 1239 342 1280 illam
376 1238 656 1280 excolendam
688 1238 741 1278 sit
764 1237 970 1287 medium,
1002 1235 1171 1285 nedum,
1203 1239 1249 1276 ut
1271 1234 1390 1274 multi
1412 1233 1735 1281 calumniantur,
1766 1231 1808 1271 in
1830 1230 1966 1283 philo-

228 1310 405 1370 sophiae
438 1309 575 1350 abusu
606 1309 819 1362 foedaque
850 1308 948 1348 hinc
981 1307 1133 1348 aborta
1156 1305 1457 1347 commixtione
1480 1304 1707 1345 veritatum
1728 1302 1905 1343 rationis
1927 1305 1968 1342 et

228 1381 521 1430 revelationis;
544 1392 683 1434 neque
699 1393 738 1424 e.
755 1382 799 1420 in
819 1392 900 1420 usu
922 1377 1254 1432 syllogismi,
1277 1388 1360 1429 quo
1381 1376 1439 1416 nil
1459 1375 1652 1427 ineptius,
1675 1385 1771 1414 cum
1785 1371 1968 1425 quilibet,

230 1452 300 1504 qui
321 1451 484 1493 fruatur
505 1439 683 1500 ratione,
715 1450 951 1499 ratiocinio,
986 1449 1100 1502 quod
1132 1449 1187 1489 ad
1209 1447 1437 1502 syllogismi
1458 1446 1638 1487 formam
1662 1444 1805 1486 reduci
1826 1442 1969 1495 possit,

229 1593 393 1627 tunitate
411 1593 580 1626 accurate
598 1593 737 1626 utatur.
756 1591 883 1626 Prouti
904 1592 1030 1624 tamen
1047 1601 1122 1624 una
1139 1589 1196 1623 vel
1215 1588 1331 1622 altera.
1348 1585 1547 1621 disserendi
1564 1584 1759 1619 methodus
1777 1594 1888 1628 penes
1902 1582 1966 1616 ali-

230 1655 339 1690 quem
357 1646 560 1690 praevalet,
585 1644 889 1679 denominabitur
904 1644 980 1688 ejus
996 1644 1201 1688 disputatio
1216 1641 1273 1675 vel
1288 1639 1519 1680 scholastica,
1538 1637 1968 1683 polemico-scholastica,

232 1699 689 1745 dogmatico-scholastica
707 1700 777 1733 etc.
1896 1701 1899 1703 ·

379 1754 402 1799 ¹)
420 1753 493 1788 Alii
514 1754 642 1787 tamen
660 1752 811 1786 nomine
828 1751 1041 1794 theologiae
1059 1760 1077 1783 e
1088 1762 1111 1783 x
1123 1760 1142 1784 e
1154 1762 1177 1795 g
1189 1759 1208 1783 e
1219 1749 1292 1783 tic
1305 1760 1325 1782 a
1338 1759 1356 1783 e
1375 1758 1456 1782 eam
1473 1746 1703 1791 intelligunt,
1723 1754 1816 1788 quae
1830 1742 1970 1787 simpli-

232 1806 324 1840 citer
340 1816 469 1840 verum
487 1817 513 1839 s.
533 1806 747 1849 Scriptui-ae
766 1814 914 1837 sensum
931 1802 1143 1846 investigat,
1163 1811 1316 1845 eamque
1334 1800 1508 1834 dividunt
1525 1799 1564 1832 in
1582 1797 1605 1831 d
1616 1807 1636 1831 o
1650 1808 1667 1831 c
1680 1807 1698 1831 e
1710 1808 1733 1829 n
1745 1797 1762 1830 t
1773 1805 1792 1829 e
1804 1807 1850 1835 m,
1878 1805 1971 1838 quae

232 1859 380 1904 regulas
397 1869 528 1893 verum
547 1871 572 1892 s.
592 1857 808 1902 Sci-ipt-urae
827 1867 972 1891 sensum
991 1855 1202 1890 inveniendi
1220 1854 1338 1888 tradit.
1363 1855 1400 1888 et
1426 1853 1450 1886 h
1462 1863 1480 1886 e
1491 1864 1555 1885 rm
1568 1862 1587 1886 e
1598 1864 1622 1885 n
1634 1861 1651 1884 e
1663 1863 1686 1884 u
1697 1852 1714 1884 t
1724 1850 1736 1883 i
1746 1860 1764 1883 c
1776 1860 1798 1882 a
1824 1848 1970 1888 dicitur,

233 1915 272 1947 et
288 1925 309 1946 u
322 1915 338 1946 t
350 1923 368 1946 e
380 1914 431 1946 nt
443 1922 520 1951 em,
539 1921 633 1955 quae
651 1911 797 1955 regulas
816 1910 898 1944 illas
917 1909 1092 1953 applicat.
1130 1906 1236 1950 Quod
1255 1907 1285 1940 si
1302 1905 1492 1950 theologia
1511 1904 1699 1948 exegetica
1717 1901 1868 1946 exponit
1879 1901 1973 1934 vati-

235 1966 342 2003 cinia,
360 1965 552 2010 theologia
569 1977 593 2009 p
605 1975 653 1998 ro
666 1976 689 2008 p
701 1965 726 1998 h
740 1974 758 1998 e
770 1967 784 1997 t
796 1963 808 1996 i
821 1974 838 1996 c
851 1974 871 1996 a
889 1962 935 1996 ab
953 1961 1084 1996 iisdem
1104 1961 1258 1997 dicitur:
1277 1962 1293 1994 t
1303 1972 1327 2004 y
1338 1960 1415 2004 pic
1426 1970 1457 1999 a,
1477 1959 1507 1992 si
1524 1959 1563 1992 in
1583 1956 1792 1991 scrutandis
1805 1956 1844 1989 et
1859 1953 1973 1998 expli-

234 2018 362 2053 candis
389 2029 511 2052 rerum
540 2017 753 2052 futurarum
780 2017 881 2062 typis
910 2017 945 2050 et
973 2015 1152 2060 symbolis
1180 2017 1392 2059 occupatur.
1440 2013 1491 2047 Cf.
1518 2012 1565 2046 W
1578 2013 1589 2045 i
1601 2022 1619 2045 e
1631 2012 1684 2045 st.
1712 2009 1831 2044 instit.
1859 2008 1974 2043 theol.

232 2073 260 2107 t.
281 2075 298 2106 1
319 2075 336 2112 ἓ
358 2074 411 2106 18.

377 2129 404 2168 2)
425 2127 454 2158 A
471 2124 664 2169 theologia
680 2136 704 2168 p
717 2135 737 2158 a
748 2125 763 2158 t
775 2136 790 2157 r
802 2123 813 2156 i
826 2136 841 2157 s
852 2124 916 2157 tic
930 2134 960 2163 a,
980 2133 1074 2166 quae
1093 2132 1136 2156 ex
1154 2121 1301 2166 scriptis
1320 2132 1365 2154 ss.
1383 2120 1532 2164 patrum
1544 2119 1638 2152 eruit
1657 2117 1702 2151 ad
1716 2116 1826 2150 fidem
1840 2125 1975 2149 mores-

235 2189 307 2223 que
322 2184 360 2212 et
373 2178 610 2222 disciplinam
626 2178 833 2223 spectantia
849 2186 962 2220 eaque
977 2176 1168 2220 injustum
1181 2175 1321 2219 redigit
1334 2173 1513 2213 ordinem,
1529 2171 1709 2215 distingui
1724 2169 1817 2204 solet
1832 2181 1853 2214 p
1864 2169 1974 2213 atro-

235 2231 385 2277 logia,
414 2241 488 2274 qua
506 2231 723 2276 designatur
741 2229 939 2275 disciplina
958 2230 1134 2263 exhibens
1162 2228 1286 2262 onmia
1314 2237 1368 2268 ea,
1396 2236 1489 2270 quae
1517 2224 1564 2258 ad
1590 2226 1799 2258 sanctorum
1826 2222 1975 2267 patrum

236 2287 379 2320 rectum
396 2285 436 2318 in
453 2284 644 2329 theologia
662 2296 771 2318 usum
788 2283 1038 2327 requiruntur.
1922 2284 1925 2285 ’

381 2339 409 2383 3)
429 2338 598 2372 Ceterum
615 2337 828 2382 theologiae
846 2337 909 2370 lit
921 2348 944 2370 11
956 2336 1059 2380 rgic
1072 2346 1091 2368 a
1104 2345 1122 2368 e
1149 2335 1299 2369 nomine
1325 2333 1554 2377 frequentius
1582 2341 1624 2365 ea
1651 2330 1745 2364 solet
1769 2328 1977 2372 theologiae

237 2391 424 2437 practicae
440 2402 526 2436 pars
543 2390 717 2435 intelligi,
748 2401 843 2435 quae
861 2390 969 2424 docet
985 2389 1134 2422 modum
1153 2389 1294 2422 cultum
1321 2387 1487 2422 divinum
1514 2387 1585 2420 rite
1611 2382 1821 2429 peragendi.
1855 2381 1977 2414 Aliam

237 2445 451 2490 theologiae
469 2445 602 2489 symb
615 2445 712 2478 olic
727 2455 746 2477 a
759 2455 777 2478 e
797 2444 1052 2488 acceptionem
1070 2441 1115 2477 cf.
1135 2441 1233 2476 infra.
1251 2442 1377 2476 adnot.
1406 2440 1452 2474 ad
1471 2453 1504 2474 n.
1524 2440 1586 2473 Vl.
1604 2437 1832 2486 Eruditionis
1858 2434 1978 2480 gratia

240 2498 418 2532 addemus
437 2499 476 2532 et
501 2497 612 2532 aliam
631 2497 843 2542 theologiae
863 2496 1095 2535 divisionem,
1114 2507 1187 2540 qua
1207 2506 1249 2530 ea
1265 2495 1408 2529 ratione
1436 2493 1540 2538 subj
1556 2503 1602 2527 ec
1615 2493 1653 2525 ti
1681 2489 1923 2534 distinguitur
1940 2488 1979 2521 in

238 2551 466 2596 theologiam
484 2562 563 2585 arc
576 2552 599 2585 h
612 2553 691 2596 ety
704 2564 727 2597 p
740 2562 759 2584 a
772 2564 818 2591 m,
839 2561 934 2595 quae
953 2551 1008 2584 est
1027 2550 1192 2591 scientia,
1220 2559 1330 2592 quam
1348 2547 1445 2581 Deus
1474 2547 1519 2581 de
1546 2556 1582 2579 se
1609 2545 1688 2589 ipso
1706 2544 1835 2581 habet;
1863 2543 1899 2575 et
1917 2552 1935 2575 e
1947 2552 1978 2574 c-

239 2607 324 2651 tyxp
336 2616 357 2639 a
369 2617 416 2645 m,
435 2615 529 2648 quae
545 2606 651 2639 estin
667 2605 865 2646 creaturis:
883 2605 973 2638 haec
989 2614 1073 2637 vero
1087 2603 1223 2637 iterum
1239 2602 1482 2646 distinguitur
1496 2601 1531 2634 in
1547 2598 1774 2643 theologiam
1791 2607 1816 2640 p
1828 2607 1847 2629 a
1859 2597 1875 2630 t
1886 2596 1951 2628 ria
1961 2605 1978 2628 e

242 2665 278 2692 et
294 2658 522 2703 theologiam
541 2659 621 2693 via
634 2670 663 2699 e,
683 2669 777 2703 quae
796 2659 921 2703 potest
939 2667 1017 2691 esse
1035 2655 1093 2690 vel
1111 2655 1290 2690 divinitus
1308 2655 1441 2688 int'us
1453 2664 1486 2697 a,
1506 2651 1626 2697 qualis
1644 2651 1716 2685 fuit
1734 2651 1772 2683 in
1790 2649 1976 2693 apostolis,

242 2713 299 2746 vel
318 2713 440 2747 studio
460 2724 481 2747 a
493 2724 511 2747 c
524 2725 547 2757 q
558 2725 581 2747 u
593 2713 605 2747 i
619 2725 634 2747 s
648 2712 688 2747 it
701 2723 733 2753 a,
754 2713 875 2757 qualis
894 2712 988 2746 solet
1006 2720 1084 2744 esse
1103 2709 1348 2743 communiter
1365 2708 1403 2742 in
1420 2707 1614 2751 theologis,

384 2767 413 2812 ⁴¹)
434 2766 493 2806 ,Si
507 2767 588 2812 jam
605 2766 752 2810 quaeris
771 2766 814 2800 de
832 2766 911 2809 ipso
929 2763 1078 2797 nomine
1095 2763 1318 2796 scholasticae
1334 2760 1553 2805 theologiae,
1573 2758 1672 2803 apud
1689 2756 1861 2799 antiquos
1877 2754 1977 2788 scho-

242 2818 367 2853 lastici
384 2819 625 2860 vocabantur,
656 2818 721 2863 qui
741 2818 910 2852 doctrina
939 2817 1029 2851 clari
1057 2817 1188 2850 essent.
1224 2814 1457 2858 Quapropter
1475 2824 1556 2846 cum
1584 2823 1605 2845 a
1623 2823 1690 2845 sec,
1709 2810 1790 2844 ΧΠ.
1808 2805 1978 2842 nonnulli

243 2872 312 2906 viri
338 2874 540 2917 praeeunte
559 2872 667 2907 Petro
686 2873 888 2907 Lombardo
908 2898 916 2906 .
936 2898 944 2905 .
964 2898 971 2904 .
990 2880 1178 2916 universas
1206 2867 1418 2913 theologiae
1445 2866 1700 2902 institutiones
1726 2864 1764 2897 in
1793 2860 1978 2896 doctrinae

245 2935 375 2970 corpus
393 2926 632 2970 redegissent,
651 2926 715 2970 qui
734 2927 802 2960 has
819 2924 969 2970 publico
988 2923 1257 2968 profitebantur
1274 2922 1424 2956 honoris
1443 2930 1552 2954 causa
1575 2916 1783 2952 scholastici
1803 2912 1977 2948 vocaban-

244 2980 315 3013 tur·
350 2979 479 3023 Itaque
500 2980 682 3024 principio
702 2979 925 3013 scholastica
941 2977 1134 3022 theologia
1146 2977 1243 3010 idem
1259 2974 1495 3020 significabat
1509 2971 1607 3016 quod
1620 2970 1806 3013 theologia
1824 2966 1977 3004 erudita,

245 3033 288 3067 ut
301 3042 413 3076 quam
427 3043 533 3067 nemo
548 3033 694 3077 assequi
707 3033 843 3078 posset,
860 3032 931 3066 nisi
946 3031 1009 3075 qui
1020 3031 1198 3073 magistro
1210 3029 1350 3063 ducein
1363 3028 1498 3062 scholis
1510 3025 1731 3060 didicisset<
1752 3022 1782 3055 Κ
1793 3021 1802 3054 l
1814 3022 1978 3062 eutgen

245 3085 363 3121 instit.
374 3085 510 3121 theom
519 3099 554 3121 n.
563 3090 620 3121 41.
638 3086 690 3120 Cf.
705 3086 737 3119 K
746 3087 790 3120 ih
799 3097 824 3119 n
839 3084 1108 3129 Encyclop‘adie
1118 3082 1194 3117 und.
1205 3079 1478 3125 Methodologie
1488 3076 1680 3113 dei-Theol.
1692 3075 1866 3118 Freiburg
1878 3074 1978 3107 1892.

1745 3138 1758 3150 .

1725 3139 1739 3169 l
