2175 3382
475 120 602 154 Thesis
621 120 716 154 XVI.
736 120 1000 155 Testimonium
1019 131 1087 156 sec.
1107 122 1337 165 posterorum
1355 123 1399 156 dc
1418 123 1573 158 Christo.
1835 132 1887 173 81

153 242 476 292 exspectabimus,
500 242 620 279 donec
642 241 818 279 Socrates
842 242 990 290 aliquid
1015 243 1139 279 sciat?
1161 245 1230 280 aut
1251 244 1498 293 Anaxagoras
1518 246 1557 282 in
1573 247 1743 284 tenebris
1756 248 1890 286 lumen

153 301 356 340 inveniat?
379 303 448 338 aut
464 300 706 338 Democritus
728 300 931 338 veritatem
956 301 1002 337 de
1023 304 1142 349 puteo
1165 302 1373 341 extrahat?
1396 306 1465 339 aut
1479 304 1728 353 Empedocles
1751 307 1891 345 dilatet

152 361 271 399 animi
293 360 354 397 sui
375 359 533 396 semitas
544 361 560 395 ἱ)
593 362 662 396 aut
682 359 878 396 Arcesilas
914 363 953 397 et
977 360 1189 397 Carneades
1219 361 1391 409 videant,
1425 363 1606 403 sentiant.
1641 365 1889 413 percipiant?

152 420 249 457 Ecce
270 430 343 457 vox
366 418 413 455 de
435 418 540 455 coelo
562 418 770 456 veritatem
793 418 942 460 docens,
967 420 1006 455 et
1028 419 1139 455 nobis
1162 419 1242 456 sole
1264 420 1348 467 ipso
1364 420 1507 457 clarius
1524 422 1655 458 lumen
1672 424 1888 462 ostendens.

154 478 255 522 Quid
277 477 389 515 nobis
410 477 539 524 iniqui
562 489 699 514 sumus
715 479 753 514 et
769 477 1000 525 sapientiam
1025 478 1221 526 suscipere
1243 480 1485 524 cunctamur,
1511 492 1628 527 quam
1650 481 1751 518 docti
1769 484 1891 520 homi-

152 549 220 574 nes
243 536 421 574 contritis
441 536 483 572 in
505 536 726 583 quaerendo
759 536 955 572 aetatibus
988 536 1067 573 suis
1098 549 1302 585 nunquam
1336 538 1505 585 reperire
1541 543 1782 586 potuerunt?
1818 542 1890 585 Qui

152 596 240 634 vult
261 595 416 644 sapiens
438 606 480 631 ac
502 594 639 632 beatus
662 607 755 639 esse,
792 594 926 631 audiat
950 595 1018 631 Dei
1040 607 1184 640 vocem,
1218 596 1341 632 discat
1359 596 1572 644 justitiam,
1607 603 1892 637 sacramentum

153 667 244 692 suae
265 653 485 691 nativitatis
507 654 632 691 norit:
664 654 837 690 humana
860 655 1095 699 contemnat,
1119 654 1252 691 divina
1274 655 1471 703 suscipiat,
1506 659 1552 692 ut
1573 668 1769 694 summum
1792 658 1892 695 illud

152 713 311 759 bonum,
334 713 382 750 ad
404 712 508 760 quod
530 715 647 749 natus
669 715 737 752 est.
773 712 900 760 possit
922 713 1123 761 adipisci«
1168 713 1219 750 of.
1253 714 1366 750 etiam
1392 726 1421 750 0.
1448 720 1512 758 26,
1537 717 1576 751 et
1598 716 1753 764 egregia
1775 717 1893 753 verba

153 771 441 821 Augustini
462 771 509 808 de
531 771 706 808 moribus
729 771 830 808 Eccl.
854 771 878 808 l.
907 779 920 810 ]
951 783 981 808 0.
1008 778 1058 811 30
1094 785 1130 808 n.
1156 779 1207 812 63
1233 784 1361 820 opusc.
1384 773 1549 818 XXVII:
1583 773 1629 810 de
1659 775 1781 812 utilit.
1813 787 1892 812 cre-

153 831 269 868 dendi
297 843 326 868 c.
355 837 416 870 17.

789 909 1133 953 Articulus
1165 910 1259 952 ΙΙΙ.

275 992 343 1034 De
375 992 722 1040 testimonio,
755 991 896 1044 quod
931 991 1119 1032 secula
1151 996 1377 1044 postera
1401 991 1619 1033 Christo
1654 1005 1767 1045 per-

874 1062 1182 1103 hibuerunt¹

275 1149 340 1190 70.
363 1145 529 1198 Triplex
551 1145 910 1197 posteritatis
942 1145 1230 1185 testimonium
1253 1158 1329 1197 pro
1354 1145 1496 1186 divina
1519 1144 1672 1186 Christi
1694 1147 1894 1188 missione

154 1217 350 1268 distingui
363 1221 523 1269 potest:
539 1216 827 1257 testimonium
845 1216 930 1256 scil.
947 1227 1008 1267 ap
1024 1228 1048 1256 o
1062 1215 1353 1265 stolorum,
1376 1228 1580 1269 synago
1594 1229 1690 1268 gae
1714 1222 1755 1258 et
1776 1230 1894 1270 gen-

153 1287 342 1330 tilium.
384 1287 576 1340 Apostoli
617 1287 805 1327 divinam
837 1284 994 1327 Christi
1034 1286 1282 1327 missionem
1316 1288 1542 1328 contestati
1573 1293 1670 1328 sunt
1700 1289 1895 1338 verbis,

155 1358 421 1410 sanguine
453 1363 494 1399 et
524 1358 835 1405 miraculis,
869 1370 893 1397 a
926 1357 1076 1410 quibus
1108 1358 1324 1398 miraculis
1347 1357 1573 1399 verborum
1597 1360 1895 1411 sanguinisque

155 1429 444 1470 testimonium
466 1429 667 1469 invictam
688 1429 773 1468 vim
798 1427 1008 1480 probandi
1030 1433 1269 1468 mutuatum
1301 1433 1374 1473 est.
1409 1428 1513 1469 Cum
1537 1441 1638 1470 vero
1662 1429 1713 1470 de
1736 1430 1799 1469 his
1823 1441 1894 1470 ea-

159 1498 255 1540 dem
287 1498 374 1540 fere
404 1500 538 1552 repeti
569 1500 732 1552 possint
764 1504 804 1540 et
836 1498 1032 1548 debeant,
1065 1511 1174 1551 quae
1197 1499 1248 1540 de
1270 1499 1484 1540 miraculis
1507 1498 1660 1540 Christi
1682 1500 1789 1541 thesi
1811 1499 1894 1541 XII.

159 1570 351 1620 diximus,
374 1571 425 1612 de
448 1572 691 1612 testimonio
707 1571 942 1624 apostolico
959 1583 1084 1623 agere
1100 1571 1437 1623 supersedemus
1460 1572 1554 1612 Jam
1578 1571 1631 1612 ad
1647 1570 1758 1611 aliud
1772 1570 1893 1611 illud-

159 1652 240 1694 que
263 1641 415 1694 duplex
437 1642 728 1683 testimonium
754 1641 1023 1682 accedamus,

280 1727 345 1767 71·
367 1725 537 1768 TheSiS
561 1725 688 1768 XVI·
740 1739 864 1773 Hinc
902 1740 1163 1773 laetissima
1199 1739 1404 1781 (Jentium
1443 1740 1506 1772 (ul
1534 1738 1765 1772 Christum
1793 1746 1897 1771 con-

158 1799 322 1840 versio,
335 1799 467 1832 illinc
479 1808 744 1841 synaqoyae
758 1802 950 1833 ‘mortem
975 1800 1145 1833 Clu-isti
1162 1807 1272 1831 moa:
1289 1800 1444 1832 secuta
1462 1797 1656 1839 jamque
1675 1805 1763 1838 per
1781 1797 1896 1829 dno-

159 1859 382 1900 deviyinti
396 1859 550 1892 secula
564 1860 747 1893 (lurcms
763 1860 1035 1892 tristissima
1049 1859 1250 1892 conditio
1270 1858 1517 1891 ostendunt
1544 1854 1583 1888 1.
1602 1856 1648 1889 J.
1665 1856 1897 1889 Christum

159 1926 255 1951 esse
281 1918 434 1960 illum,
461 1919 541 1960 qm·
580 1919 632 1952 in
668 1919 875 1952 oraculis
908 1919 1244 1961 prophetam-mn
1275 1918 1449 1950 dicitur
1474 1916 1760 1949 desiderium
1788 1924 1898 1948 cem-

159 1978 343 2010 ctarum
369 1978 574 2019 flentium
613 1980 655 2011 et
680 1978 839 2011 lumen
863 1977 1144 2020 populorum
1162 1988 1177 2017 ,·
1212 1977 1253 2009 2.
1280 1979 1408 2009 vetus
1438 1976 1777 2008 Testamentum
1805 1982 1899 2007 esse

160 2037 406 2070 rescissum
431 2045 692 2079 novumque
722 2038 763 2070 ei
789 2037 1086 2070 substitutum
1103 2047 1119 2077 ;
1144 2036 1188 2069 3.
1214 2043 1499 2077 syuayofflnn
1520 2034 1789 2075 yravissimv·
1809 2034 1899 2066 cri-

159 2097 304 2130 minis
328 2105 423 2130 esse
448 2105 596 2137 ream,
622 2097 744 2138 quod
770 2096 813 2128 4.
840 2096 975 2129 aliud
1002 2104 1097 2128 esse
1122 2095 1297 2137 nequit,
1323 2103 1461 2136 qumn
1493 2091 1675 2134 rejectio
1699 2093 1897 2126 Alessiae

160 2156 190 2189 i.
229 2165 265 2189 e.
293 2155 464 2189 Christi
488 2154 632 2194 Jesu‚·
667 2163 812 2197 quare
839 2154 883 2187 ὅ.
910 2155 1008 2195 ipse
1048 2155 1200 2187 eac-itus
1239 2153 1504 2193 comprobat
1544 2152 1753 2185 divinam
1788 2153 1899 2185 mis-

159 2216 303 2249 sionis
330 2214 501 2249 Christi
527 2215 768 2255 origlinem.

278 2283 638 2326 Demonstratio
661 2296 707 2337 p.
723 2283 760 2326 I.
784 2282 1005 2334 Legantur,
1029 2293 1138 2334 quae
1154 2281 1205 2321 de
1228 2293 1250 2320 0
1263 2293 1286 2321 0
1301 2293 1326 2320 n
1339 2294 1364 2320 v
1379 2291 1400 2320 e
1413 2292 1433 2319 r
1445 2280 1524 2319 sio
1538 2291 1565 2319 n
1578 2291 1600 2319 e
1623 2279 1809 2330 gentium
1824 2290 1898 2330 per

161 2354 358 2395 Messiam
388 2353 622 2406 prophetae
653 2365 782 2405 saepe
805 2353 1022 2393 vaticinati
1054 2356 1151 2392 sunt
1171 2353 1214 2406 1).
1257 2350 1384 2403 Atqui
1415 2351 1523 2390 haec
1550 2349 1781 2401 adimpleta
1804 2360 1897 2390 esse

162 2429 203 2465 et
219 2424 373 2477 jugiter
394 2423 614 2475 adimpleri
635 2424 679 2464 in
700 2422 867 2464 Christo
892 2427 934 2464 et
956 2434 1030 2474 per
1053 2421 1276 2469 Christum,
1300 2433 1425 2473 quern
1450 2421 1517 2460 vix
1540 2425 1687 2460 natum
1711 2420 1821 2472 magi
1843 2431 1895 2460 ex

162 2494 332 2536 Oriente
355 2496 638 2547 quaesierunt,
661 2494 728 2534 vix
751 2493 1043 2546 praedicatum
1067 2492 1169 2532 fines
1191 2491 1304 2532 orbis
1328 2495 1603 2543 agnoverunt,
1626 2503 1711 2531 non
1732 2495 1896 2530 tantum

161 2570 370 2607 testantur
392 2565 574 2617 apostoli
595 2564 661 2605 vel
683 2564 910 2616 scriptores
934 2563 1104 2616 antiqui,
1128 2563 1202 2603 sed
1225 2575 1304 2603 nos
1328 2562 1405 2614 ipsi
1428 2574 1573 2602 sumus
1596 2566 1735 2602 testes.

220 2685 223 2686 ⁷
280 2641 401 2677 Plane
422 2639 469 2676 ad
490 2652 572 2677 rem
595 2641 655 2676 est
677 2639 826 2676 invicta
847 2637 1112 2687 Augustini
1134 2636 1351 2685 disputatio
1369 2633 1424 2687 2);
1449 2662 1464 2679 »
1477 2636 1536 2672 Me
1559 2635 1761 2678 attendite,
1785 2634 1895 2671 vobis

163 2699 258 2737 dicit
287 2699 468 2743 Ecclesia,
501 2711 561 2735 me
592 2698 794 2743 attendite,
828 2710 945 2745 quam
976 2696 1133 2740 videtis,
1166 2695 1318 2732 etiamsi
1348 2695 1478 2732 videre
1510 2694 1654 2733 nolitis.
1698 2694 1768 2738 Qui
1794 2693 1896 2729 enim

310 2815 332 2854 ¹)
352 2811 407 2845 ΡΒ.
427 2814 459 2847 2.
477 2813 518 2849 8;
539 2814 595 2851 21,
614 2813 677 2848 28ς
695 2812 752 2852 71,
770 2810 985 2847 8:1s.·2,2;
1009 2812 1062 2849 11,
1081 2812 1121 2847 9;
1143 2819 1191 2842 ce.
1210 2813 1359 2845 41:542
1381 2808 1670 2845 55;60;Je1·.3.
1692 2807 1750 2844 17;
1774 2807 1895 2841 16.19;

162 2865 274 2899 Mich.
291 2868 326 2905 4,
346 2868 358 2897 1
376 2878 383 2901 ς
402 2864 471 2908 Ag.
490 2867 521 2904 2,
538 2865 578 2902 ’ῖς
598 2863 683 2898 Mal.
706 2868 735 2903 1,
758 2868 798 2899 10
818 2867 885 2897 ete.
921 2862 977 2897 Cf.
998 2862 1029 2895 H
1042 2875 1063 2895 u
1077 2862 1167 2895 etii
1186 2860 1383 2894 demonstr.
1404 2870 1534 2903 evang.
1552 2869 1656 2904 prop.
1675 2860 1694 2891 9
1714 2869 1741 2891 0.
1764 2861 1828 2891 158
1849 2869 1892 2890 ss.

309 2920 334 2959 2)
353 2916 406 2949 De
423 2915 495 2950 fide
510 2926 645 2956 rerum,
663 2925 757 2960 quae
775 2927 847 2950 non
866 2916 1038 2950 videntur
1057 2925 1086 2948 c.
1105 2919 1128 2948 4
1146 2925 1267 2958 opusc.
1283 2914 1310 2947 t.
1327 2913 1393 2951 1ἳῆ
1414 2912 1458 2946 cf.
1474 2912 1585 2945 etiaim
1601 2923 1628 2945 c.
1645 2914 1666 2946 3
1680 2912 1713 2944 et
1729 2913 1768 2948 7;
1789 2920 1892 2944 serm.

166 2972 232 3004 116
251 2982 286 3003 n.
305 2971 346 3008 6;
377 2979 483 3003 serm.
501 2972 547 3003 86
565 2969 604 3002 in
621 2969 712 3003 bibl.
731 2980 827 3003 nova
845 2969 912 3004 ΡΡ,
932 2969 986 3002 ed.
1008 2969 1039 3001 M
1056 2968 1099 3000 ai
1126 2980 1161 3000 n.
1182 2971 1221 3004 2:
1253 2967 1297 2999 de
1315 2965 1485 3001 catechiz.
1504 2965 1656 2997 rudibus
1675 2974 1703 2996 0.
1723 2966 1766 2996 27
1785 2974 1818 2994 11.
1839 2963 1891 2995 53.

165 3034 290 3068 opusc.
305 3024 332 3056 t.
350 3022 975 3067 Vlll;Ch1·ysostomuminls.
994 3023 1017 3057 7
1033 3033 1069 3054 n.
1090 3024 1127 3059 1;
1148 3019 1508 3054 Theodoretum
1528 3027 1632 3051 serm.
1654 3020 1696 3051 10
1717 3016 1758 3048 de
1776 3024 1892 3058 graec,

165 3075 284 3112 affect,
303 3075 502 3109 curatione.

306 3135 467 3166 Hurter,
488 3134 634 3165 Compend.
655 3134 807 3167 theologiae
831 3134 851 3160 l.
876 3134 918 3159 10.
941 3133 986 3159 ed.
1662 3131 1681 3160 (i
