2175 3382
231 143 315 181 540
789 133 817 167 Τ
820 139 910 168 raet.
932 133 991 166 lv.
1011 132 1054 165 de
1075 132 1155 165 fide.
1175 133 1401 176 Argumenta

351 265 444 298 520.
468 255 548 297 IV.
573 256 738 294 Plurimi
761 257 848 293 ideo
871 255 986 292 tidem
1009 257 1251 298 aversantur,
1286 254 1389 302 quod
1412 266 1496 291 eam
1519 253 1798 297 irrationalem,
1821 253 1883 291 vel
1904 265 1965 290 ra-

231 320 336 355 tione
368 318 505 354 saltem
538 317 691 354 exculta
722 316 924 364 indignam
955 316 1117 352 censent
1146 313 1313 360 ideoque
1345 314 1616 350 contemnunt.
1657 312 1758 350 Hinc
1778 312 1879 350 utile
1900 311 1967 349 ad·

232 377 388 414 modum
411 376 488 413 erit.
509 376 712 413 ostendere
735 387 849 424 quam
874 374 1077 411 rationalis
1097 374 1146 410 sit
1166 373 1271 419 fides.
1312 371 1529 409 Rationalis
1551 373 1614 409 est

354 445 392 488 l.
416 447 509 496 quia
539 448 755 496 geneiatim
789 445 1006 483 secundum
1037 444 1228 482 rationem
1261 446 1321 481 est
1351 443 1446 480 testi
1478 442 1553 480 fide
1583 441 1703 489 digno
1734 441 1890 479 credere
1912 438 1968 494 (n.

235 505 355 559 42³3)
379 510 526 555 quanto
549 506 673 555 magis
696 518 788 555 ergo
809 506 904 542 testi
925 506 1037 541 tanta
1058 504 1291 540 auctoritate
1313 502 1491 550 praedito
1514 498 1656 553 (475);
1684 499 1886 539 rationalis
1909 502 1969 538 est

351 564 393 606 2.
419 565 621 614 speciatim
644 565 739 602 tides
762 564 907 604 divina,
942 564 1035 610 quia
1063 562 1229 599 rationis
1246 561 1337 609 jura
1358 573 1436 598 non
1460 560 1580 598 laedit-
1601 562 1642 597 et
1661 560 1761 598 ratio
1782 559 1869 608 ipsa
1888 571 1970 597 om-

233 627 297 662 nia
320 625 409 662 fidei
433 624 633 673 postulata
656 623 847 673 approbat
870 621 972 673 (493
989 620 1045 674 4);
1068 619 1273 658 rationalis
1295 622 1357 658 est

351 692 392 736 3.
415 696 507 744 quia
538 695 634 732 ratio
667 695 791 744 logica
821 693 1055 731 necessitate
1087 692 1246 729 adducit
1276 691 1323 728 ad
1356 691 1490 728 fidem:
1525 689 1699 727 ostendit
1720 690 1824 727 enim
1846 690 1972 727 Deum

233 766 317 792 esse
341 767 491 792 summe
514 766 699 798 veracem,
724 756 828 790 certo
851 765 936 790 esse
959 752 1135 789 locutum
1151 747 1205 802 (n.
1223 747 1315 801 97);
1333 750 1530 788 hominem
1551 748 1677 787 teneri
1691 749 1769 787 Deo
1790 747 1973 793 loquenti

233 813 386 850 credere
402 811 455 865 (n.
473 820 524 853 98
542 828 549 859 ;
568 810 681 864 474).
706 812 831 856 Quare
845 812 1041 856 voluntas,
1064 809 1141 846 nisi
1163 809 1392 846 manifestae
1406 807 1638 858 obligationi
1658 807 1847 858 refragari
1862 807 1971 851 velit,

234 872 377 910 mentis
410 884 614 909 assensum
645 871 871 920 praecipiet.
906 870 967 907 Ita
1005 869 1198 913 ,rationis
1239 880 1338 905 usus
1369 868 1484 905 fidem
1518 867 1717 916 praecedit
1750 870 1791 904 et
1815 866 1863 904 ad
1889 878 1973 904 eam

235 931 431 968 hominem
454 943 525 979 ope
547 931 802 968 revelationis
825 932 864 967 et
886 929 1034 978 gratiae
1057 927 1278 966 conducit«
1321 926 1537 964 Rationalis
1559 928 1621 963 est

352 998 395 1041 4.
420 1002 512 1050 quia
533 1001 628 1038 fides
651 1001 871 1050 praecipua,
895 1013 974 1037 una
995 1002 1034 1037 et
1056 999 1171 1036 unica
1193 998 1267 1041 via,
1298 1010 1375 1046 qua
1397 997 1444 1035 de
1466 996 1704 1035 veritatibus
1725 996 1870 1034 summi
1891 1008 1974 1034 mo-

237 1061 358 1098 menti
381 1073 452 1110 pro
475 1061 675 1098 hominum
700 1060 829 1098 salute
851 1059 1000 1097 instrui
1022 1057 1221 1107 possimus
1243 1055 1297 1105 (n.
1326 1064 1374 1097 10
1400 1068 1449 1094 ss.
1476 1063 1557 1097 493
1576 1053 1631 1107 3);

355 1117 396 1160 ἴ).
418 1120 623 1157 rationalis
646 1122 717 1158 est.
743 1119 834 1168 quia
856 1118 951 1156 fides
974 1118 1167 1155 rationem
1188 1128 1269 1153 non
1289 1128 1370 1153 uno
1392 1116 1507 1153 modo
1528 1114 1682 1164 perficit
1702 1111 1758 1167 (n.
1782 1110 1905 1167 494);

355 1178 399 1218 6.
423 1179 515 1227 quia
537 1178 634 1215 fides
658 1178 850 1216 rationem
874 1178 922 1215 ad
944 1177 1124 1214 altiorem
1148 1175 1217 1212 Dei
1239 1175 1505 1224 cognitionem
1526 1174 1705 1223 disponit
1724 1176 1845 1222 atque
1866 1185 1977 1222 prae-

238 1243 348 1285 parat.
371 1236 425 1290 (n.
450 1237 564 1290 495).
608 1237 713 1282 Quae
735 1237 915 1274 innuisse
939 1236 1120 1281 sufficiat,
1142 1234 1270 1272 fusius
1292 1234 1398 1271 enim
1421 1246 1464 1271 ea
1486 1234 1511 1271 l.
1535 1245 1565 1271 c.
1587 1233 1849 1283 exposuimus.

361 1325 453 1360 521.
476 1317 532 1360 Υ.
556 1321 716 1358 Praeter
737 1321 825 1366 alia,
860 1333 958 1367 quae
979 1319 1163 1357 fidelibus
1195 1320 1351 1358 utiliter
1381 1317 1642 1356 commendari
1663 1317 1831 1366 possunt
1850 1319 1891 1354 et
1912 1316 1979 1353 de-

239 1379 333 1415 bent
356 1379 454 1416 circa
475 1379 593 1417 fidem
616 1392 793 1428 quaeque
816 1379 972 1417 abunde
995 1379 1254 1428 suppeditant
1275 1380 1455 1416 auctores
1482 1390 1519 1415 n.
1545 1383 1628 1417 454
1647 1377 1687 1401 ¹1
1707 1389 1740 1413 a.
1762 1375 1887 1419 citati,
1918 1375 1980 1412 in-

239 1438 383 1475 culcari
417 1450 559 1487 magno
592 1451 679 1476 cum
707 1438 841 1476 fructu
862 1440 1029 1488 possunt
1050 1439 1139 1485 fidei
1160 1440 1372 1487 necessitas,
1405 1436 1769 1486 supernaturalitas,
1798 1435 1978 1482 felicitas.

362 1507 400 1549 1.
425 1509 584 1547 Summa
606 1510 691 1556 eius
714 1510 1030 1547 necessitas:
1053 1519 1096 1550 a.
1120 1511 1185 1558 qui
1206 1522 1279 1547 non
1301 1509 1518 1556 crediderit,
1540 1506 1853 1545 condemnabitur
1863 1505 1981 1543 Marc.

248 1575 308 1613 16,
338 1575 410 1609 16:
442 1570 523 1605 sine
554 1570 628 1617 fide
658 1566 887 1617 impossibile
915 1573 967 1606 est
983 1569 1136 1617 placere
1158 1569 1235 1606 Deo
1258 1569 1374 1606 Hebr.
1404 1575 1465 1612 11,
1491 1573 1513 1606 6
1539 1564 1602 1618 (cf.
1623 1566 1679 1603 th.
1709 1562 1828 1616 ἶ-96);
1859 1576 1982 1613 quare

242 1626 288 1667 b.
314 1628 397 1665 sine
429 1640 473 1665 ea
494 1628 594 1665 nihil
625 1628 672 1665 ad
697 1628 864 1665 salutem
889 1629 1056 1676 prosunt
1077 1627 1249 1673 divitiae,
1275 1627 1448 1672 scientia,
1480 1625 1668 1675 potentia,
1698 1623 1890 1661 nobilitas
1910 1624 1982 1661 etc.

242 1686 305 1734 (cf.
329 1687 384 1723 th·
412 1692 490 1727 134
517 1700 553 1736 p.
580 1684 639 1740 2):
677 1688 791 1736 cujus
813 1687 1059 1724 necessitatis
1083 1695 1125 1726 e.
1148 1686 1247 1724 ratio
1270 1685 1567 1723 convenientiae
1585 1683 1793 1721 admodum
1814 1682 1983 1720 illustris

243 1745 352 1782 reddi
375 1748 516 1794 potest.
562 1746 699 1784 Cultus
723 1746 803 1784 scil.
828 1743 1036 1797 (Bildung)
1069 1748 1109 1783 et
1135 1745 1340 1783 institutio
1363 1756 1578 1794 congruere
1599 1742 1745 1780 debent
1765 1741 1985 1780 conditioni

243 1807 380 1850 status,
406 1805 453 1842 ad
476 1818 593 1853 quem
616 1805 705 1853 quis
728 1812 889 1843 vocatus
911 1807 981 1842 est.
1024 1805 1149 1853 Atqui
1170 1805 1298 1842 vocati
1329 1815 1466 1842 sumus
1496 1803 1538 1840 in
1559 1801 1757 1852 praesenti
1778 1801 1914 1839 ordine
1935 1800 1984 1838 ad

244 1866 391 1901 statum
424 1863 592 1902 filiorum
616 1864 697 1902 Dei.
741 1864 905 1913 Oportet
936 1876 1029 1913 ergo
1061 1864 1289 1913 cogitemus,
1325 1863 1542 1901 sentiamus
1574 1874 1656 1899 non
1685 1863 1734 1898 ut
1762 1860 1835 1897 filii
1865 1860 1983 1909 hujus

246 1922 378 1967 seculi,
411 1923 483 1960 filii
506 1923 641 1967 Adam,
673 1923 850 1961 homines
883 1923 1083 1967 animales,
1118 1923 1187 1960 sed
1217 1925 1264 1960 ut
1295 1922 1406 1960 decet
1435 1921 1538 1959 filios
1561 1921 1643 1967 Dei,
1675 1919 1745 1969 qui
1774 1930 1984 1970 agnoscere

244 1981 391 2019 debent
420 1982 547 2019 Deum
570 1983 734 2027 Patrem,
766 1982 910 2020 imbuti
942 1994 1028 2019 esse
1055 1983 1142 2031 ejus
1164 1982 1395 2031 praeceptis,
1428 1980 1612 2025 consiliis,
1645 1979 1782 2024 sensis,
1813 1990 1984 2027 quorum

246 2040 488 2078 conversatio
515 2042 597 2090 jam
620 2042 733 2079 modo
757 2054 838 2079 esse
860 2041 976 2078 debet
1005 2041 1049 2078 in
1079 2041 1184 2079 coelo
1206 2041 1303 2078 Phil.
1330 2047 1364 2085 3,
1391 2046 1455 2081 20.
1497 2039 1644 2077 Verum
1666 2036 1713 2078 d.
1735 2039 1782 2075 ut
1802 2037 1895 2075 huic
1915 2049 1984 2075 ne-

245 2099 419 2136 cessitati
443 2100 618 2141 satisfiat.
642 2113 721 2138 11011
744 2100 891 2138 sufficit
913 2100 1114 2148 quaelibet
1133 2100 1242 2145 fides,
1267 2101 1335 2137 sed
1349 2099 1570 2148 requiritur
1584 2098 1759 2147 ejusdem
1773 2096 1983 2146 professio:

249 2157 368 2195 Corde
403 2160 500 2196 enim
531 2161 700 2197 creditur
722 2161 773 2197 ad
795 2160 1003 2209 justifiam,
1028 2172 1092 2197 ore
1114 2164 1240 2197 autem
1261 2160 1446 2207 confessio
1467 2159 1509 2206 fit
1529 2158 1582 2195 ad
1601 2158 1762 2194 salutem
1783 2155 1892 2193 Rom.
1918 2162 1982 2200 10,

250 2224 299 2257 10
325 2215 379 2270 (11.
405 2215 526 2270 290);
559 2218 779 2268 requiritur
811 2228 852 2259 e.
875 2218 970 2256 fides
1002 2231 1184 2267 operosa:
1216 2219 1309 2268 quid
1341 2218 1445 2255 enim
1463 2217 1650 2266 proderit,
1679 2216 1823 2265 fratres
1844 2215 1928 2260 mei,
1951 2215 1986 2252 si

244 2276 357 2322 fidem
379 2279 463 2325 quis
485 2278 586 2314 dicat
606 2290 643 2315 se
665 2278 813 2325 habere,
847 2290 962 2326 opera
988 2283 1114 2315 autem
1134 2290 1211 2315 non
1231 2277 1375 2315 habeat.
1419 2276 1618 2326 Numquid
1637 2276 1729 2322 fides
1747 2274 1888 2323 poterit
1907 2274 1985 2310 sal-

247 2347 333 2372 rare
353 2334 468 2373 eum?
507 2336 587 2373 Jac.
613 2343 648 2382 2,
678 2344 740 2377 14.

368 2404 410 2447 ⁶2.
434 2407 537 2444 Haec
558 2420 650 2445 vero
681 2408 777 2445 fides
799 2408 893 2445 adeo
925 2408 1140 2446 necessaria
1162 2407 1277 2445 debet
1298 2419 1381 2444 esse
1412 2404 1863 2455 supernaturalis:
1894 2416 1985 2441 nam

246 2466 328 2503 sine
351 2466 480 2514 gratia
501 2479 581 2504 non
601 2479 812 2515 possumus
845 2467 1000 2504 credere
1032 2467 1135 2504 sicut
1156 2468 1311 2515 oportet
1333 2463 1387 2517 (n.
1411 2471 1489 2506 481
1520 2462 1580 2518 s).
1621 2465 1677 2502 Ex
1698 2477 1778 2512 qua
1797 2475 1985 2512 superna-

244 2524 446 2562 turalitate
468 2525 649 2574 colligere
670 2526 763 2563 licet

425 2606 464 2635 a.
485 2595 578 2633 fidei
598 2608 623 2644 p
634 2609 653 2633 r
664 2609 685 2633 a
697 2609 715 2633 e
728 2609 745 2633 s
756 2598 773 2633 t
786 2610 806 2634 a
817 2609 843 2634 n
856 2597 928 2634 tia
940 2610 979 2634 m
992 2626 1000 2642 ‚
1025 2609 1113 2634 cum
1136 2597 1183 2634 ad
1205 2609 1288 2634 eam
1303 2596 1498 2645 impotens
1520 2595 1572 2632 sit
1583 2596 1736 2639 natura,
1759 2592 1987 2642 requiratur

246 2653 413 2702 speciale
427 2653 498 2691 Dei
519 2655 730 2699 auxilium3
754 2668 874 2704 quare
897 2668 979 2693 eam
1002 2656 1136 2705 magni
1155 2655 1354 2700 faciamus,
1377 2657 1551 2692 nostram
1574 2652 1845 2691 infirmitatem
1866 2663 1986 2701 agno-

246 2725 416 2751 scamus:

426 2782 472 2824 b.
493 2784 583 2821 fidei
615 2797 701 2834 gra
715 2784 961 2822 tuit-atem
976 2815 984 2831 ,
1015 2797 1103 2822 cum
1125 2785 1173 2822 de
1195 2785 1345 2822 ratione
1367 2784 1518 2834 gratiae
1539 2783 1591 2820 sit
1620 2782 1835 2832 gratuitas;
1866 2793 1987 2829 quare

247 2843 326 2880 Deo
349 2845 482 2892 gratos
504 2855 585 2880 esse
608 2845 765 2891 oportet
786 2856 858 2892 pro
881 2844 982 2881 dono
1005 2843 1098 2881 fidei
1120 2855 1244 2892 eoque
1266 2843 1404 2893 magis,
1429 2854 1517 2880 cum
1530 2841 1732 2879 videamus
1753 2852 1797 2879 eo
1811 2840 1913 2878 dono
1926 2841 1987 2877 tot

246 2902 422 2939 homines
445 2901 635 2946 destitui,

426 2981 468 3013 c.
491 2971 582 3010 fidei
603 2985 632 3009 u
644 2984 660 3010 s
672 2985 700 3009 11
712 2985 751 3010 111
772 2972 1013 3010 faciendum:
1038 2973 1072 3010 si
1094 2973 1199 3011 enim
1220 2974 1268 3010 de
1281 2973 1389 3010 omni
1403 2972 1515 3017 dono,
1540 2968 1832 3020 supernaturali
1843 2971 1885 3006 et
1896 2981 1986 3019 gra-

247 3032 351 3069 tuito
382 3032 484 3069 ratio
506 3031 586 3069 Deo
616 3033 677 3068 est
706 3031 923 3069 reddenda:
958 3034 1106 3079 quanto
1127 3032 1253 3081 magis
1285 3031 1332 3069 de
1361 3033 1442 3069 tam
1464 3030 1646 3079 pretioso,
1678 3028 1808 3072 feraci,
1830 3027 1986 3077 copioso

247 3091 407 3128 talento.
