2175 3382
857 93 1114 127 miraculorum
1136 94 1284 129 Cin-isti.
1882 103 1934 145 67

204 224 303 254 vero
337 216 490 252 noscat
520 211 705 251 indolem
737 211 957 252 hominum
990 223 1181 263 pronam,
1213 218 1256 253 ut
1291 215 1502 255 miraculis
1530 217 1712 258 maxime
1736 218 1789 258 ad
1812 217 1935 260 fidem

204 283 482 324 inducantur:
513 282 612 322 hinc
643 282 886 334 permittere
917 283 1072 334 nequit,
1095 289 1139 324 ut
1161 284 1253 336 quis
1277 284 1318 324 in
1350 284 1526 337 alicujus
1557 286 1774 328 doctrinae
1804 288 1935 330 salsae

204 352 569 394 confirmationem
603 352 704 392 talia
738 357 877 404 patret
899 365 1041 405 opera,
1075 365 1184 406 quae
1207 359 1371 395 tantum
1394 356 1581 397 habeant
1603 369 1698 398 cum
1723 359 1934 401 miraculis

203 423 529 472 similitudinem,
560 430 604 463 ut
636 422 776 463 nullus
797 423 1017 464 hominum
1039 435 1117 475 par
1139 425 1192 464 sit
1214 424 1266 464 ad
1290 436 1341 465 ea
1364 438 1389 465 a
1411 426 1622 467 miraculis
1645 428 1933 471 discernenda.

203 494 343 545 Quare
365 494 400 534 si
422 505 554 546 opera
569 492 721 534 Christi
743 506 831 534 non
853 499 951 534 sunt
970 495 1187 545 miracula,
1210 495 1384 537 deberet
1403 496 1644 538 hominibus
1666 501 1934 552 suppeditare

202 566 283 615 via,
306 577 390 618 qua
411 565 453 605 id
474 569 649 617 possent
671 576 912 616 agnoscere.
949 565 1077 617 Atqui
1098 566 1292 607 homines
1315 572 1463 608 carent
1484 568 1622 609 medio
1646 581 1720 609 seu
1744 572 1811 610 via
1834 584 1933 624 cog-

203 636 407 677 noscendi
439 647 571 688 opera
593 635 745 676 Christi
777 640 821 676 ut
854 647 970 676 mere
994 636 1204 677 naturalia
1226 648 1300 677 seu
1323 650 1410 678 non
1432 639 1697 682 miraculosa.
1740 640 1798 681 Ea
1821 643 1932 683 enim

203 705 393 748 Christus
414 707 599 759 patravit
619 706 661 746 in
685 705 1051 747 confirmationem
1075 719 1178 748 suae
1199 707 1429 754 doctrinae,
1452 721 1560 761 quae
1583 722 1730 751 omnes
1746 712 1933 753 miraculi

204 778 476 818 characteres
507 789 610 829 prae
642 789 688 818 se
720 776 870 825 ferunt,
902 782 948 818 ut
978 778 1129 818 merito
1162 790 1356 830 quaeras,
1387 779 1623 831 cujusmodi
1655 792 1748 822 esse
1783 782 1935 823 debeat

201 848 352 901 aliquis
383 847 568 897 effectus,
598 852 642 888 ut
669 847 951 888 miraculosus
977 849 1030 888 sit
1046 848 1313 900 judicandus,
1345 850 1379 889 si
1402 849 1470 890 illa
1492 863 1579 891 non
1601 856 1697 891 sunt
1719 853 1934 897 miracula.

205 918 310 970 Ergo
333 918 450 959 hisce
471 918 513 958 in
537 918 745 970 adjunctis
768 918 967 959 habenda
990 924 1088 959 sunt
1114 931 1246 971 opera
1268 918 1421 960 Christi
1443 933 1519 972 pro
1543 922 1741 973 operibus
1764 922 1836 964 Dei
1859 935 1934 964 seu

201 1001 278 1041 pro
301 989 528 1030 miraculis.

319 1063 379 1100 Ad
410 1075 492 1100 rem
522 1063 647 1112 igitur
679 1063 815 1100 scribit
848 1063 1058 1100 Grotius
1081 1064 1105 1100 1.
1128 1076 1157 1101 c.
1186 1071 1218 1103 1.
1245 1070 1265 1103 2
1292 1061 1311 1106 ἓ
1337 1071 1382 1103 4:
1416 1064 1620 1108 „Fuerunt
1651 1078 1802 1114 semper
1832 1067 1935 1104 inter

199 1123 367 1160 cultores
389 1122 534 1160 Christi
553 1121 718 1171 plurimi
735 1122 885 1171 judicio
906 1122 1073 1171 praediti
1095 1124 1134 1160 et
1163 1122 1368 1160 literarum
1399 1135 1474 1160 non
1506 1124 1622 1161 rudes
1645 1156 1651 1163 .
1676 1154 1683 1160 .
1708 1155 1714 1161 .
1737 1125 1806 1173 qui
1837 1126 1933 1163 tales

199 1194 287 1218 cum
309 1183 449 1226 essent,
474 1193 544 1219 cur
564 1180 713 1218 homini
735 1181 998 1230 ignominiosa
1018 1184 1137 1219 morte
1159 1182 1293 1219 affecto
1317 1193 1356 1219 se
1380 1182 1550 1219 cultores
1567 1183 1798 1230 addixerint,
1822 1198 1932 1233 prae-

199 1240 333 1277 sertim
355 1253 444 1278 cum
464 1253 586 1289 prope
607 1240 802 1289 omnes-in
824 1240 910 1277 aliis
932 1240 1190 1290 religionibus
1213 1241 1366 1278 educati
1389 1243 1530 1286 essent,
1562 1254 1631 1279 nec
1666 1242 1706 1279 in
1728 1243 1934 1281 christiana

132 1316 136 1319 ·
199 1299 414 1348 quidquam
435 1302 535 1336 esset
557 1299 713 1336 honoris
735 1301 802 1336 aut
835 1300 1035 1345 commodi,
1068 1300 1178 1337 nulla
1207 1302 1337 1348 potest
1369 1312 1483 1337 causa
1513 1300 1623 1337 reddi
1654 1305 1807 1349 praeter
1837 1302 1933 1340 hanc

198 1371 327 1404 unam,
359 1358 464 1407 quod
486 1358 669 1407 diligenti
690 1358 955 1406 inquisitione,
989 1359 1115 1407 qualis
1136 1360 1239 1396 viros
1258 1359 1473 1408 prudentes
1495 1359 1536 1396 in
1558 1360 1716 1396 maximi
1746 1362 1932 1398 momenti

197 1417 354 1467 negotio
377 1418 498 1463 decet,
522 1417 813 1465 comperissent,
846 1429 976 1454 veram
999 1420 1038 1455 et
1059 1418 1181 1455 firmis
1202 1418 1372 1455 testibus
1393 1418 1596 1455 subnixam
1628 1419 1748 1456 fuisse
1778 1419 1930 1465 famam,

198 1489 297 1524 quae
319 1477 366 1514 de
386 1475 588 1513 miraculis
611 1476 658 1513 ab
681 1489 724 1514 eo
747 1476 864 1513 editis
878 1477 1192 1524 percrebuerat<
1227 1477 1335 1515 Idem
1344 1477 1426 1525 jam
1439 1477 1766 1515 animadverterat
1786 1480 1930 1515 Arno-

196 1535 315 1573 bius
337 1536 362 1572 l.
391 1543 407 1575 1
436 1548 465 1573 c.
491 1541 555 1580 54,
579 1535 648 1572 ubi
670 1534 840 1572 affirmat
861 1535 1139 1573 miraculorum
1163 1535 1304 1573 Christi
1318 1538 1436 1572 testes
1453 1548 1535 1573 esse
1552 1562 1568 1579 »
1579 1538 1728 1585 gentes,
1752 1538 1929 1586 populos,

199 1594 376 1632 nationes
398 1597 438 1632 et
459 1594 708 1632 incredulum
742 1591 793 1646 (si
815 1594 894 1631 scil.
918 1595 1050 1643 agitur
1072 1595 1118 1631 de
1150 1595 1320 1642 objectis,
1357 1607 1457 1642 quae
1489 1595 1770 1643 cupiditatibus
1802 1596 1930 1633 adver-

198 1650 351 1706 santur)
374 1653 474 1691 illud
497 1666 621 1703 genus
644 1653 871 1697 humanum,
907 1653 1012 1702 quod
1034 1654 1111 1690 nisi
1133 1657 1267 1701 aperta
1288 1666 1348 1690 res
1370 1655 1471 1690 esset
1493 1656 1532 1690 et
1553 1654 1639 1690 luce
1670 1654 1763 1703 ipsa,
1795 1668 1930 1703 quem-

197 1713 406 1750 admodum
429 1712 585 1757 dicitur‚
611 1712 760 1756 clarior,
784 1725 987 1760 nunquam
1009 1713 1127 1749 rebus
1150 1712 1374 1760 hujusmodi
1398 1712 1641 1750 credulitatis
1657 1725 1749 1751 suae
1764 1726 1929 1751 commo-

198 1772 308 1809 daret
328 1784 544 1809 assensum.
589 1772 640 1808 At
661 1771 857 1819 numquid
880 1771 1063 1816 dicemus,
1100 1771 1212 1808 illius
1246 1771 1434 1819 temporis
1469 1771 1644 1808 homines
1679 1785 1802 1821 usque
1837 1773 1930 1809 adeo

197 1830 315 1868 fuisse
338 1843 467 1876 vanos,
491 1830 704 1874 mendaces,
738 1830 909 1875 stolidos,
941 1830 1089 1875 brutos,
1122 1832 1168 1866 ut
1199 1842 1297 1877 quae
1328 1842 1529 1878 nunquam
1562 1830 1753 1876 viderant,
1786 1831 1931 1868 vidisse

197 1901 235 1926 se
258 1890 479 1939 fingerent?
502 1892 552 1935 et,
577 1901 676 1938 quae
698 1888 797 1925 facta
822 1889 979 1926 omnino
1001 1902 1079 1926 non
1101 1891 1223 1934 erant,
1247 1888 1357 1926 falsis
1379 1889 1590 1937 proderent
1611 1889 1847 1927 testimoniis
1863 1893 1931 1927 aut

198 1948 343 1996 puerili
365 1948 581 1985 assertione
612 1948 844 1985 firmarent?
877 1960 1043 1996 cumque
1074 1950 1231 1996 possent·
1252 1947 1454 1985 vobiscum
1476 1951 1515 1984 et
1536 1948 1775 1985 unanimiter
1800 1949 1931 1986 vivere

197 2009 235 2044 et
256 2007 462 2045 inoffensas
496 2007 636 2044 ducere
670 2007 978 2055 conjunctiones,
1011 2007 1185 2056 gratuita
1220 2006 1462 2055 susciperent
1484 2007 1573 2044 odia
1607 2009 1645 2044 et
1680 2008 1931 2045 exsecrabiles

197 2066 435 2104 haberentur
455 2067 497 2103 in
518 2066 704 2104 nomine?
716 2071 733 2088 «

315 2138 383 2179 59.
407 2135 770 2178 Demonstratio
793 2147 840 2188 p.
864 2134 956 2176 III.
991 2132 1167 2174 Constat
1198 2133 1377 2185 denique
1410 2132 1461 2173 de
1487 2133 1725 2173 relativa
1747 2134 1929 2173 miracu-

197 2205 334 2246 lorum
357 2204 512 2246 Christi
534 2205 724 2253 veritate,
756 2203 970 2245 Christum
1002 2204 1089 2245 scil.
1113 2203 1262 2245 eadem
1287 2208 1479 2256 patrasse
1501 2204 1543 2243 in
1566 2203 1929 2244 confirmationem

197 2289 216 2317 s
249 2287 300 2319 ae
322 2276 536 2317 missionis
559 2287 746 2328 suaeque
769 2275 1008 2323 doctrinae3
1033 2275 1145 2327 quod
1169 2274 1439 2315 manifestum
1463 2279 1526 2314 est
1548 2286 1599 2315 ex
1619 2275 1806 2326 repetitis
1821 2274 1930 2326 ejus-

76 2348 98 2367 Γ
127 2289 463 2396 &matis
486 2346 639 2400 quibus
662 2346 716 2387 ad
738 2358 817 2386 sua
843 2357 973 2398 opera
995 2349 1212 2398 provocat,
1235 2349 1281 2385 ut
1302 2344 1426 2384 fidem
1448 2343 1527 2384 sibi
1549 2344 1753 2385 conciliet.
1782 2347 1828 2386 Si·
1850 2358 1928 2384 non

197 2418 309 2470 facio
332 2431 458 2472 opera
480 2417 626 2458 Patris
648 2418 739 2470 mei,
762 2416 886 2456 nolite
909 2417 1070 2456 credere
1091 2415 1203 2455 mihi.
1240 2416 1286 2457 Sa·
1308 2419 1443 2456 autem
1465 2414 1591 2468 facio,
1613 2419 1649 2455 et
1671 2416 1706 2455 si
1727 2415 1828 2455 milti
1851 2428 1930 2456 non

198 2489 320 2529 vultis
341 2491 517 2542 credere,
540 2487 731 2542 operibus
753 2487 916 2539 credite,
930 2486 1051 2527 Joan.
1072 2489 1136 2536 lo,
1159 2490 1235 2533 373
1270 2485 1414 2539 Verba,
1436 2499 1539 2540 quae
1561 2500 1630 2539 eqo
1652 2486 1929 2540 loquorvobis,

198 2576 221 2599 a
253 2573 314 2599 me
344 2560 433 2613 ipso
465 2571 546 2600 non
578 2558 720 2612 loquor
744 2592 749 2598 .
776 2591 783 2597 .
810 2595 816 2601 .
849 2557 943 2598 Non
968 2557 1145 2610 creditis,
1173 2557 1272 2610 quia
1295 2569 1363 2610 eyo
1385 2557 1430 2596 in
1452 2555 1578 2596 Patre
1600 2560 1635 2596 et
1657 2556 1783 2597 Pater
1806 2557 1846 2595 in
1871 2569 1929 2595 me

198 2632 287 2670 est?
308 2630 493 2684 alioquin
508 2633 680 2683 propter
712 2642 837 2681 opera
861 2629 953 2687 ipsa
976 2628 1125 2668 credite
1147 2631 1223 2668 etc.
1251 2631 1313 2675 14,
1343 2631 1403 2671 10.
1447 2626 1552 2666 Hinc
1572 2626 1726 2667 ,loanni
1748 2638 1822 2678 per
1845 2626 1927 2666 dis-

199 2699 359 2752 cipulos
381 2700 677 2750 interroganti:
718 2699 782 2739 Tu
804 2712 856 2752 es,
888 2699 958 2753 qui
989 2702 1185 2738 venturus
1207 2712 1260 2749 es,
1293 2711 1348 2738 an
1379 2696 1509 2737 alium
1532 2698 1840 2750 exspectamus?
1860 2708 1926 2736 re-

198 2770 387 2822 spondit:
420 2770 578 2810 Euntes
601 2770 842 2810 renunciate
863 2768 1025 2810 Joanm‘
1047 2782 1150 2824 quae
1173 2768 1349 2809 audistis
1370 2772 1405 2807 et
1427 2768 1608 2808 vidistis:
1641 2766 1760 2808 Caeci
1784 2767 1926 2815 rident,

199 2841 339 2881 claudi
371 2840 610 2893 ambulant,
641 2841 791 2895 leprosi
821 2841 1104 2889 mundantur,
1136 2840 1254 2880 surdi
1285 2840 1485 2892 audiunt,
1516 2840 1667 2878 mortue?
1699 2844 1925 2891 resuryccnt,

192 2924 404 2965 pauperes
426 2911 786 2964 evanyeliz‘antur:
819 2915 855 2951 et
887 2910 1028 2951 beatus
1050 2914 1106 2951 est
1126 2912 1197 2965 qui
1218 2923 1299 2949 non
1321 2909 1451 2962 fuerit
1472 2909 1779 2949 scandalizatus
1802 2909 1841 2946 in
1867 2919 1926 2945 me

199 2980 343 3024 Matth.
362 2984 427 3030 11,
441 2985 467 3025 3
483 2994 536 3022 ss.
565 2981 697 3032 „Quid
720 2982 831 3023 enim
855 2981 980 3030 aliud,
1002 2981 1136 3033 inquit
1150 2979 1487 3031 Augustinus
1510 2979 1561 3019 de
1582 2978 1665 3018 util.
1681 2976 1790 3017 cred.
1804 2988 1842 3017 n.
1859 2979 1924 3023 32,

199 3055 327 3102 agunt
357 3055 477 3092 tanta
508 3055 550 3092 et
579 3056 668 3092 tam
699 3052 831 3093 multa
862 3051 1079 3100 miracula,
1110 3052 1200 3103 ipso
1225 3051 1352 3091 etiam
1376 3049 1540 3090 dicente
1563 3049 1630 3088 illa
1653 3047 1740 3088 fieri
1762 3058 1846 3086 non
1870 3045 1925 3086 ob

1670 3122 1689 3150 5
