2175 3382
458 111 584 146 Thesis
602 113 732 149 xxm.
751 115 913 149 Medium
931 119 1207 161 propagationis
1225 120 1414 157 doetrinae
1433 124 1581 159 Christi.
1797 134 1880 175 125

270 231 313 273 2.
337 230 477 271 media
499 233 796 283 agnoscendae
817 235 1054 277 traditionis
1077 249 1246 289 semper
1268 240 1308 279 in
1331 240 1517 283 Ecclesia
1541 244 1739 294 viventis;

270 301 312 344 3.
335 303 700 354 comparationem
731 304 997 348 instituemus
1028 308 1136 349 inter
1166 309 1435 351 traditionem
1468 318 1507 353 et
1540 327 1569 354 s.
1593 313 1877 368 Scripturam:

267 371 310 416 4.
334 372 387 412 ad
409 373 766 425 complementum
790 378 1024 427 argumenti
1045 379 1255 430 quaedam
1271 380 1488 423 doctrinae
1503 385 1641 436 capita
1656 387 1872 429 addemus.

906 495 1073 550 Caput
1107 497 1130 540 l.

146 571 215 613 De
247 573 422 615 medio
456 574 722 616 divinitus
767 576 978 618 selecto
1012 578 1074 618 ad
1108 582 1542 623 conservandam
1577 597 1873 639 propagan-

520 645 745 699 damque
778 646 1086 689 doctrinam
1119 650 1493 693 christianam.

267 730 359 771 114-
382 728 549 771 TheSiS
579 729 768 773 XXIII·
821 745 1030 780 Medium
1073 749 1390 782 authenticum
1433 754 1794 787 conservationis
1833 759 1871 788 et

139 802 499 842 propayationis
525 803 807 837 christianae
828 805 1120 839 revelationis
1139 809 1204 840 est
1222 809 1537 843 ministerium
1555 819 1584 842 a
1603 811 1782 845 Christo
1801 814 1874 846 in-

142 858 383 900 stitutum,·
407 860 674 894 nullatenus
699 871 805 895 vero
832 865 1037 898 medium
1063 867 1253 899 unicum
1281 869 1345 899 est
1370 876 1404 900 s.
1424 867 1680 910 Scriptura,
1706 871 1873 904 multo-

143 926 228 959 que
254 918 411 952 minus
430 920 554 961 fonS,
579 930 602 954 e
628 930 717 963 qao
743 931 899 955 omnes
925 925 966 956 et
991 924 1164 965 sinquli
1198 925 1562 967 independenter
1588 928 1645 961 ab
1673 930 1872 963 authen-

141 977 229 1010 tico
254 977 514 1020 visibilique
540 981 810 1020 maai-sterio
836 981 1105 1023 reliye'onem
1137 984 1443 1017 christianam
1471 986 1559 1018 sibi
1585 987 1824 1022 'taem-iant.

257 1046 634 1091 Demonstratio.
658 1049 959 1103 firmamentum
984 1051 1182 1104 primam.
1203 1078 1260 1082 —
1283 1050 1450 1092 Veritas
1472 1057 1630 1094 statuta
1653 1054 1871 1107 multiplic-i

140 1122 390 1169 argumento
412 1119 740 1171 comprobatum
768 1124 810 1161 et
830 1121 1013 1173 primum
1035 1121 1203 1174 quidem
1227 1123 1381 1174 petitur
1403 1135 1453 1163 ex
1476 1124 1631 1175 praxi
1655 1124 1807 1166 Christi
1830 1133 1869 1168 et

140 1188 430 1239 apostolorum
462 1190 504 1230 in
535 1191 843 1244 promulganda
874 1192 1067 1233 doctrina
1096 1194 1296 1234 revelata.
1339 1193 1388 1234 Et
1418 1206 1567 1235 revera
1601 1208 1643 1238 a.
1678 1194 1868 1238 Christus

138 1259 364 1301 conciliata
385 1260 465 1301 sibi
478 1262 593 1313 prius
607 1262 824 1315 multiplici
839 1269 1086 1315 argumento
1102 1265 1366 1312 auctoritate,
1390 1265 1629 1306 doctrinam
1644 1279 1764 1307 suam
1782 1280 1868 1309 non

138 1331 307 1383 scripto,
337 1332 412 1373 sed
434 1332 530 1372 viva
552 1343 656 1373 voce
687 1333 978 1386 promulgavit.
1021 1333 1166 1387 Neque
1189 1335 1235 1378 b.
1260 1335 1446 1376 moriens
1471 1335 1691 1378 doctrinae
1715 1350 1869 1390 perpe-

139 1402 276 1442 tuitati
306 1404 522 1456 prospexit
548 1403 678 1444 literis
700 1405 878 1456 scriptis,
912 1405 1063 1457 quibus
1086 1404 1231 1457 figeret
1252 1405 1489 1447 doctrinam
1513 1411 1554 1447 et
1575 1413 1803 1460 praecepta
1826 1415 1868 1449 et

138 1486 191 1515 ex
211 1475 364 1528 quibus
381 1476 531 1527 singuli
545 1475 624 1516 sibi
637 1475 877 1516 derivarent
890 1474 1035 1523 fidem;
1058 1476 1132 1516 sed
1147 1477 1336 1517 instituto
1353 1477 1595 1518 authentico
1611 1479 1865 1529 magisterio.

138 1546 205 1589 cui
225 1558 347 1587 suam
370 1547 657 1588 assistentiam
681 1552 722 1587 et
735 1545 913 1598 Spiritus
936 1547 1071 1587 sancti
1092 1546 1266 1587 tutelam
1290 1547 1483 1599 promisit
1506 1547 1560 1603 (n.
1577 1548 1679 1604 seq.)
1703 1548 1866 1590 Pariter

136 1631 178 1662 c.
211 1619 391 1671 apostoli
423 1619 624 1660 ecclesias
659 1618 886 1659 fundarunt
917 1617 1181 1669 evangelium
1213 1630 1300 1658 non
1330 1618 1507 1670 scriptis,
1548 1618 1622 1659 sed
1654 1623 1866 1660 oretenus.

134 1689 464 1741 praedicatione,
496 1691 738 1743 magisterio
770 1694 1073 1742 propagantes:
1106 1702 1205 1730 nam
1237 1689 1292 1729 illi
1327 1689 1500 1742 profecti
1513 1690 1863 1744 praedicaret-met

134 1761 279 1814 =ubique
300 1761 426 1802 Marc.
452 1765 518 1809 16,
542 1763 608 1811 20,
640 1762 830 1814 aliosque
860 1761 1130 1801 instituerunt
1161 1760 1231 1812 qui
1253 1760 1440 1812 ipsorum
1463 1760 1557 1801 loco
1582 1760 1686 1800 alios
1709 1761 1861 1801 iterum

132 1833 410 1873 instituerent.
433 1832 548 1882 Quae
571 1833 727 1873 audisti
749 1847 772 1873 α
796 1846 871 1886 me)
893 1832 1038 1872 scribit
1051 1831 1207 1872 Paulus
1229 1831 1380 1872 dilecto
1399 1843 1476 1872 suo
1498 1831 1701 1884 discipulo
1717 1831 1859 1872 Timo-

132 1904 230 1945 theo
263 1905 307 1959 (2
330 1916 393 1956 ep.
416 1908 454 1952 2,
478 1905 534 1959 2),
564 1917 637 1958 per
668 1903 815 1943 multos
846 1907 972 1955 testes,
1003 1907 1100 1943 haec
1130 1903 1366 1943 commenda
1397 1901 1585 1954 fidelibus
1616 1902 1860 1955 hominibus).

131 1976 201 2031 qui
222 1976 358 2016 idonei
378 1980 498 2016 erunt
529 1980 565 2016 et
599 1976 701 2016 alios
731 1975 882 2016 docere.
924 1972 1070 2026 Neque
1103 1973 1285 2024 apostoli
1307 1973 1358 2013 de
1382 1972 1606 2013 scribendo
1630 1972 1858 2013 admodum

131 2051 252 2087 erant
272 2046 450 2095 solliciti,
471 2046 557 2086 imo
580 2045 720 2097 plures
742 2044 844 2085 nihil
866 2044 990 2096 plane
1015 2044 1284 2096 scripserunt,
1307 2048 1348 2083 et
1371 2044 1440 2096 qui
1463 2044 1729 2095 scripserunt,
1753 2044 1859 2084 scri-

117 2111 301 2169 'pserunt
332 2129 418 2158 non
450 2117 504 2158 ad
536 2117 737 2158 ecclesias
768 2116 1024 2163 condendas,
1057 2115 1129 2156 sed
1162 2115 1215 2155 ad
1248 2115 1448 2155 ecclesias
1475 2115 1564 2167 jam
1597 2115 1858 2155 constitutas.

129 2187 316 2230 Gentiles
337 2200 439 2229 vero
462 2189 507 2232 (1.
530 2193 571 2230 et
595 2188 740 2241 judaei
771 2200 857 2228 non
887 2187 1081 2240 leguntur
1115 2187 1219 2226 citra
1243 2186 1323 2226 hoc
1346 2176 1634 2237 magisterium
1658 2184 1749 2225 sola
1771 2184 1856 2225 lec-

127 2260 241 2301 tione
263 2258 506 2312 Scripturae
528 2260 655 2300 fuisse
676 2258 889 2299 Ecclesiae
913 2262 1172 2310 aggregatos.
1223 2255 1498 2308 „Cogitemus
1532 2254 1665 2307 inquit
1686 2254 1759 2294 Au
1771 2267 1855 2306 gu-

127 2331 303 2372 stinus
335 2332 386 2372 de
418 2331 548 2375 doctr,
581 2331 667 2373 chr.
688 2329 790 2382 prol.
814 2342 852 2370 n.
876 2333 914 2377 6,
947 2328 1237 2369 centurionem
1270 2325 1521 2374 Cornelium,
1554 2325 1746 2378 quamvis
1781 2336 1853 2366 ex-

127 2402 292 2443 auditas
314 2403 529 2443 orationes
561 2402 650 2454 ejus
682 2400 1058 2452 eleemosynasque
1084 2402 1298 2450 respectas
1322 2398 1359 2438 ei
1382 2396 1555 2448 angelus
1578 2396 1854 2438 nunciaverit.

126 2472 250 2514 Petro
273 2479 416 2514 tamen
438 2473 639 2514 traditum
661 2470 947 2517 imbuendum,
970 2480 1044 2521 per
1067 2480 1193 2520 quem
1215 2480 1301 2508 non
1319 2467 1456 2508 solum
1471 2471 1743 2507 sacramenta
1757 2478 1852 2518 per-

125 2544 293 2596 ciperet,
324 2544 399 2585 sed
431 2544 558 2585 etiam
591 2542 688 2596 quid
720 2541 990 2588 credendum,
1032 2539 1131 2592 quid
1163 2538 1431 2591 sperandum,
1464 2537 1562 2590 quid
1593 2537 1849 2588 diligendum

125 2620 246 2664 esset,
277 2615 522 2656 audiret*
556 2619 634 2655 etc.
675 2613 736 2654 Ita
767 2612 924 2664 pariter
955 2610 1173 2652 eunuchus
1204 2609 1282 2656 ille,
1315 2609 1383 2661 qui
1415 2608 1600 2661 alioquin
1632 2608 1851 2658 diligenter

122 2685 289 2738 legebat
309 2684 548 2738 Scripturas
571 2685 660 2725 Act.
677 2689 713 2733 8,
738 2688 790 2728 27
815 2696 867 2724 ss.
890 2682 1067 2723 traditus
1090 2687 1153 2722 est
1174 2680 1424 2721 imbuendus
1440 2679 1628 2731 Philippo
1652 2679 1849 2722 diacono,

122 2761 168 2797 ut
188 2756 241 2797 ib.
262 2757 446 2798 inculcat
466 2756 578 2797 idem
600 2769 631 2799 s,
655 2755 814 2796 doctor.
838 2753 976 2804 Quare
999 2751 1188 2793 Christus
1209 2753 1252 2792 in
1274 2751 1421 2791 ultima
1444 2761 1579 2790 coena
1599 2748 1660 2789 Jo.
1690 2751 1755 2795 17,
1780 2750 1847 2790 20.

121 2826 263 2868 fideles
277 2828 376 2868 dicit
390 2826 875 2880 crediturosperverbum
891 2837 1028 2864 eorum
1042 2823 1067 2863 i.
1082 2835 1115 2866 e.
1131 2822 1435 2874 apostolorum,
1459 2826 1500 2861 et
1514 2819 1666 2859 Paulus
1688 2817 1842 2857 solem-

121 2900 230 2939 niter
249 2898 503 2950 pronunciat
532 2897 653 2938 Rom.
688 2900 752 2943 10,
780 2899 853 2939 17:
877 2895 1001 2935 Fides
1033 2908 1080 2934 ex
1103 2894 1250 2943 &Q
1283 2904 1387 2932 sane
1410 2889 1754 2943 praedicantium,
1776 2887 1845 2938 qui

123 2969 364 3011 authentice
385 2973 482 3009 sunt
503 2968 620 3009 missi
633 2968 686 3009 ib.
701 2981 736 3011 v.
756 2971 819 3015 14,
835 2970 871 3010 3.
894 2965 1087 3017 Legimus
1109 2963 1276 3016 quidem
1292 2963 1342 3003 de
1358 2961 1619 3015 quibusdam,
1643 2958 1711 3010 qui
1726 2962 1842 2998 erant

119 3041 308 3082 Beroeae
339 3039 428 3080 Act.
457 3042 519 3087 17,
545 3041 618 3082 11;
662 3038 934 3091 Susceperam
965 3035 1128 3075 verbum
1163 3048 1251 3075 cum
1286 3034 1394 3074 omni
1427 3032 1633 3081 ariditate,
1665 3027 1842 3082 quotidie
