2175 3382
803 156 856 190 'De
875 167 982 191 causa
1001 154 1148 190 formali
1168 154 1359 189 Ecclesiae.
1861 157 1946 199 271

209 295 307 331 quae
330 284 388 319 est
409 281 580 319 Ecclesia
604 286 638 319 2.
663 280 759 318 Tim.
785 285 820 324 2,
848 275 918 330 20)
942 277 1152 316 carnaliter
1183 283 1221 314 et
1253 276 1472 313 animaliter
1504 275 1657 321 vivunt,
1691 277 1730 312 et
1760 275 1948 324 spiritua-

209 342 301 379 liter
324 340 491 389 separati
514 340 648 377 sunt.“
693 338 745 376 Cf.
770 338 958 387 Specht
981 335 1001 379 ἓ
1029 342 1077 376 12
1103 348 1154 373 ss.

855 476 1179 518 Articulus
1213 474 1303 516 ΙΠ.

423 562 490 603 De
523 572 692 602 causa
723 559 1009 599 Ecclesiae
1041 556 1263 601 formali
1296 560 1345 597 et
1377 553 1750 596 ministeriali.

329 660 426 701 246.
448 654 658 696 Formalis
680 654 888 695 Ecclesiae
910 667 1050 696 causa.
1068 679 1122 683 —
1144 651 1326 693 Nomine
1349 661 1507 691 causae
1531 649 1720 690 formalis
1742 648 1874 689 relate
1898 647 1952 688 ad

211 729 460 769 societatem
481 726 580 767 illud
603 725 844 776 intelligitur
867 723 1130 776 principium,
1153 722 1267 775 quod
1289 734 1367 762 sua
1382 720 1782 768 communicatione,
1803 718 1952 759 inhae-

214 799 332 840 sione
364 802 406 839 et
436 795 736 838 informatione
768 795 820 844 id,
853 794 965 847 quod
998 793 1214 846 multiplex
1247 797 1320 841 est,
1354 793 1517 832 varium
1548 795 1676 843 atque
1700 802 1751 831 ex
1773 801 1867 830 sese
1890 789 1953 829 di-

214 881 419 922 spersum,
441 868 606 919 colligit,
638 867 728 908 unit
751 870 935 919 aptaque
958 865 1147 918 synthesi
1169 875 1432 916 componens
1454 863 1496 902 in
1520 862 1771 903 societatem
1793 860 1954 912 redigit.

215 939 317 981 Illud
338 951 415 992 pro
439 938 627 992 qualibet
648 938 854 979 societate
884 941 948 977 est
970 935 1141 989 duplex:
1174 936 1450 976 internum
1474 933 1558 974 scil.
1584 937 1625 974 et
1642 936 1955 973 externum:

213 1021 349 1063 neque
373 1010 485 1051 enim
507 1008 729 1058 sufficiunt,
752 1013 798 1049 ut
820 1008 1002 1049 societas
1026 1007 1186 1047 oriatur
1207 1006 1408 1054 humana,
1432 1004 1602 1045 vincula
1622 1008 1798 1044 externa
1820 1013 1955 1042 mem-

214 1081 401 1131 brorum,
432 1080 512 1121 nisi
543 1080 671 1121 etiam
703 1079 834 1120 animi
865 1079 1040 1119 interius
1066 1078 1318 1130 jungantur:
1351 1081 1392 1117 et
1414 1075 1599 1116 vicissim
1631 1086 1719 1115 non
1745 1072 1956 1114 sufficiunt

217 1152 384 1193 vincula
417 1163 531 1192 mere
563 1151 741 1200 interna,
774 1150 853 1191 nisi
877 1149 1062 1191 externis
1080 1149 1293 1201 juventur,
1325 1146 1619 1199 compleantur
1646 1145 1957 1196 firmenturque.

216 1222 376 1274 Quibus
406 1222 652 1275 praemissis
683 1221 824 1274 liquet,
856 1233 1032 1261 causam
1054 1219 1268 1260 Ecclesiae
1300 1217 1522 1259 formalem
1553 1218 1830 1257 internam
1864 1225 1957 1255 esse

220 1294 343 1335 fidem
366 1294 543 1334 caritate
566 1293 794 1334 formatam
810 1305 906 1333 cum
921 1291 1038 1332 omni
1052 1291 1284 1342 gratiarum
1301 1290 1516 1337 comitatu,
1533 1288 1598 1329 vel
1615 1287 1847 1340 generatim
1864 1297 1958 1326 esse

221 1377 272 1406 ea
303 1365 458 1413 omnia,
491 1376 513 1405 e
545 1364 697 1417 quibus
729 1364 814 1404 vita
850 1363 1062 1403 Ecclesiae
1094 1361 1321 1414 spiritualis
1353 1360 1528 1413 ejusque
1560 1359 1704 1400 anima
1735 1355 1960 1398 efflorescit

225 1437 279 1492 (n.
303 1439 389 1480 224
406 1436 449 1492 2).
472 1435 561 1476 Imo
584 1435 619 1476 si
640 1435 781 1476 latiori
804 1434 987 1487 quadam
1011 1433 1178 1474 ratione
1202 1432 1339 1473 forma
1361 1431 1401 1472 id
1425 1431 1588 1479 dicitur,
1612 1429 1725 1482 quod
1739 1430 1840 1470 unit.
1863 1439 1959 1480 per-

220 1507 313 1556 licit,
337 1507 509 1556 animat,
531 1507 647 1559 regit,
670 1509 959 1547 consummat:
984 1504 1066 1545 dici
1090 1504 1244 1556 poterit
1265 1503 1354 1556 ipse
1370 1501 1562 1543 Christus
1586 1504 1714 1552 caput
1736 1511 1865 1540 causa
1881 1498 1958 1538 Ec-

220 1578 375 1619 clesiae
397 1577 586 1619 tormalis
614 1576 847 1618 secundum
872 1575 985 1616 dicta
1016 1588 1054 1615 n.
1079 1578 1162 1618 207
1188 1587 1253 1623 ss,
1278 1573 1343 1614 vel
1365 1571 1544 1625 Spiritus
1566 1585 1610 1621 s,
1632 1571 1703 1624 qui
1724 1570 1957 1610 Ecclesiam

219 1655 438 1701 tamquam
460 1649 665 1701 templum
686 1647 762 1688 Dei
783 1646 1002 1694 inhabitat,
1039 1645 1275 1697 omnigenis
1299 1644 1421 1684 donis
1442 1642 1684 1694 locupletat,
1716 1641 1872 1681 format
1894 1643 1958 1680 at-

221 1732 301 1773 que
331 1720 448 1772 regit,
481 1720 550 1772 qui
574 1718 666 1759 fons
699 1722 763 1760 est
785 1718 876 1770 ejus
898 1717 1009 1757 vitae
1045 1721 1084 1757 et
1107 1715 1292 1764 unitatis,
1325 1713 1624 1765 Ecclesiaeque
1648 1711 1840 1752 membra
1862 1722 1958 1763 per-

219 1792 334 1833 vadit
357 1796 398 1833 et
419 1804 516 1832 cum
540 1790 706 1832 Christo
730 1792 868 1842 capite
892 1793 933 1830 et
955 1789 1065 1829 inter
1087 1799 1132 1828 se
1155 1787 1284 1827 nectit
1306 1790 1433 1838 atque
1457 1784 1674 1837 conjungit
1697 1783 1752 1838 (n.
1777 1782 1893 1837 211).

339 1889 434 1930 247.
467 1884 607 1926 Causa
639 1884 827 1925 formalis
860 1887 1090 1924 externa
1121 1881 1363 1924 continetur
1393 1879 1472 1920 illis
1505 1878 1681 1919 vinculis
1715 1876 1960 1925 visibilibus,

221 1957 372 2010 quibus
393 1956 537 1997 fideles
560 1956 602 1996 in
623 1956 829 1996 unitatem
846 1953 1050 1994 visibilem
1072 1952 1333 2004 colligantur,
1356 1949 1593 2002 cujusmodi
1614 1953 1732 1989 sunt:
1755 1947 1961 2000 professio

221 2028 409 2081 ejusdem
432 2027 548 2068 fidei:
571 2038 720 2068 omnes
743 2026 855 2067 enim
878 2028 1075 2066 tenentur
1098 2023 1152 2064 ad
1168 2035 1263 2064 earn
1280 2021 1405 2062 fidem
1422 2020 1715 2073 profitendam,
1739 2031 1867 2072 quam
1883 2016 1962 2057 Ec-

223 2099 350 2139 clesia
372 2098 614 2139 authentice
636 2096 835 2150 proponit
858 2094 923 2151 (cf.
945 2108 984 2135 n.
1001 2098 1085 2139 234
1104 2095 1160 2150 2);
1183 2097 1413 2146 praecepta
1434 2091 1536 2142 legis
1559 2090 1828 2137 christianae,
1850 2088 1962 2129 unde

222 2169 266 2211 fit
286 2175 332 2211 ut
353 2170 440 2211 vita
462 2168 752 2210 membrorum
775 2167 855 2207 sibi
878 2166 1034 2219 ubique
1058 2166 1111 2206 sit
1132 2165 1291 2213 similis,
1314 2162 1465 2203 iisdem
1488 2161 1782 2202 manifestetur
1804 2159 1964 2208 officiis,

224 2253 355 2282 unum
387 2240 653 2293 eundemque
685 2250 788 2291 prae
820 2250 865 2278 se
898 2237 1005 2278 ferat
1036 2237 1351 2283 characterem3
1383 2233 1519 2274 cultus
1547 2232 1622 2273 Dei
1654 2231 1892 2272 communis
1924 2234 1966 2271 et

226 2316 508 2361 sacramenta,
531 2311 767 2363 baptismus
790 2310 831 2349 in
855 2309 1012 2361 primis,
1036 2308 1126 2348 sine
1149 2319 1232 2360 quo
1257 2318 1384 2347 nemo
1408 2304 1660 2351 admittitur;
1688 2314 1791 2355 prae
1814 2301 1965 2342 ceteris

225 2383 604 2435 magisterium
637 2386 677 2423 et
710 2380 1078 2421 ministerium
1121 2377 1467 2423 ecclesiasticum,
1508 2375 1575 2415 cui
1610 2385 1762 2414 omnes
1793 2371 1967 2413 obnoxii

228 2466 320 2495 esse
343 2453 498 2495 debent
530 2455 571 2496 et
607 2465 690 2506 quo
713 2453 875 2504 reliqua
898 2450 1066 2492 vincula
1088 2450 1241 2490 virtute
1265 2448 1546 2489 continentur.
1591 2445 1696 2486 Cum
1720 2449 1861 2486 autem
1883 2444 1966 2484 hoc

228 2525 506 2566 ministerium
529 2524 739 2565 rationem
762 2523 920 2563 habeat
942 2522 1071 2562 etiam
1095 2531 1251 2560 causae
1274 2517 1725 2559 instrumentalis
1740 2515 1966 2562 Ecclesiae,

230 2595 280 2637 de
303 2607 354 2637 eo
370 2595 547 2636 seorsim
564 2607 738 2647 agemus
754 2598 795 2635 et
810 2593 979 2646 quidem
995 2592 1046 2632 de
1062 2590 1281 2632 ministerii
1296 2589 1573 2631 ecclesiastici
1596 2589 1646 2628 in
1658 2587 1880 2628 stitutio
1892 2599 1921 2626 n
1932 2597 1966 2634 e,

228 2667 591 2716 necessitate,
615 2665 989 2718 perennitate,
1018 2662 1370 2704 auctoritate.

598 2795 637 2840 ξ.
665 2795 700 2829 1.
728 2795 782 2828 De
810 2794 1021 2828 ministerii
1048 2791 1311 2828 ecclesiastici
1336 2790 1604 2826 institutione.

348 2881 444 2921 243·
468 2876 633 2920 TllssSiS
657 2876 881 2920 XLVIII·
939 2890 1057 2923 Vera
1083 2888 1287 2922 Ecclesia
1313 2887 1439 2921 credi
1465 2886 1593 2920 debet
1621 2885 1814 2918 societas
1839 2882 1969 2914 inae-

230 2952 396 2995 qualis,
435 2953 571 2993 atque
609 2952 676 2984 ita
714 2950 894 2985 Christo
932 2951 1122 2983 auctore
1160 2949 1451 2989 comparata,
1486 2947 1538 2978 ut
1575 2944 1665 2978 alo’i
1700 2944 1750 2977 in
1785 2950 1840 2975 ea
1877 2940 1970 2972 sint

226 3011 496 3053 praepositi,
521 3010 606 3043 alii
629 3010 830 3050 subdita}
865 3009 951 3042 alii
977 3010 1196 3049 doctores,
1222 3007 1311 3040 alii
1336 3004 1583 3047 discipuli:
1618 3003 1703 3036 alii
1728 2999 1970 3041 mysterio-

231 3080 338 3104 rum
364 3070 721 3111 dispensatores,
746 3068 832 3102 alii
858 3067 1199 3108 sanctificandi.
