2175 3382
126 2104 149 2146 'l

164 140 249 181 5252
593 133 714 166 'si-act.
736 132 795 166 III.
815 131 866 165 De
887 130 1060 165 Ecclesia.
1078 129 1286 164 'l'olerantia
1307 129 1475 171 religios-21

286 255 332 297 h.
367 253 473 293 haec
506 252 662 292 erroris
685 250 858 292 libertas
881 249 1069 291 inutilem
1092 248 1228 290 reddit
1248 247 1551 289 revelationem
1574 248 1900 290 institutionem-

170 337 251 379 que
273 323 497 371 Ecclesiae,
530 321 807 363 rebellionem
840 320 951 362 fovet
983 320 1187 361 adversus
1210 318 1344 360 Deum
1376 319 1498 371 eique
1530 318 1727 371 injuriam
1757 319 1899 361 infert:

165 395 267 448 quid
290 395 403 435 enim
425 393 513 434 Deo
537 393 791 445 injuriosius,
823 403 951 445 quam
985 395 1031 432 ut
1051 391 1321 443 permittatur
1341 390 1503 431 homini
1524 390 1655 442 ipsius
1677 394 1899 432 creaturae

166 466 254 507 Deo
277 464 481 506 revelanti
505 464 628 505 iidem
652 463 874 516 denegare,
902 462 1103 503 veritates
1124 461 1178 502 ab
1201 461 1292 513 ipso
1316 460 1526 501 revelatas
1547 461 1762 513 ipsiusque
1783 461 1901 502 insti-

166 541 257 578 tuta
279 548 355 588 pro
381 535 555 576 arbitrio
571 534 746 586 rejicere
761 538 888 586 atque
906 533 1137 586 spernere?
1172 531 1220 572 Et
1241 543 1391 572 revera
1420 531 1494 581 „de
1516 530 1719 583 religione
1740 536 1903 584 putare,

168 608 301 660 inquit
322 606 406 648 Leo
430 605 530 648 XIII.
553 605 576 647 l.
599 617 645 654 c.,
681 604 782 644 nihil
816 605 923 645 inter
955 604 1114 644 formas
1137 602 1328 655 dispares
1359 607 1400 643 et
1426 602 1664 643 contrarias
1685 602 1902 651 interesse,

165 679 278 720 hunc
300 677 424 730 plane
447 676 579 717 habet
604 676 774 723 exitum,
806 673 916 715 nolle
948 673 1077 714 ullam
1100 672 1283 726 probare
1300 672 1472 726 Judicio‚
1503 672 1614 713 nolle
1636 685 1728 716 usu,
1772 672 1904 726 Atqui

156 744 279 790 'istud
300 748 354 789 ab
378 748 600 796 atheismo,
623 746 658 786 si
683 746 856 787 nomine
879 744 1036 797 aliquid
1058 743 1204 793 differt,
1227 755 1272 784 re
1295 744 1398 784 nihil
1419 743 1588 784 differt.“

165 864 170 867 ,
285 832 324 863 0.
347 818 464 870 Quae
486 818 558 858 lux
593 817 781 857 tolerans
813 820 877 857 est
907 814 1214 856 tenebrarum?
1246 826 1355 867 quae
1378 815 1555 856 scientia
1577 815 1765 856 tolerans
1787 826 1904 857 erro-

168 892 291 943 rum?
324 890 416 943 quis
448 888 637 930 medicus
669 899 770 939 erga
791 886 993 936 remedia,
1032 884 1219 934 morbos,
1251 885 1455 926 vulnera?
1487 886 1554 926 cui
1584 886 1710 926 matri
1731 885 1905 938 perinde

166 966 242 1017 est,
273 973 374 1010 num
410 959 494 1001 filio
528 971 605 999 suo
629 970 795 999 venena
816 956 1106 1010 praebeantur
1127 969 1182 997 an
1205 956 1287 997 cibi
1308 956 1430 996 sani‘?
1472 955 1564 1007 Quo
1598 956 1721 998 altior
1741 961 1783 998 et
1813 968 1905 998 cer-

167 1033 249 1073 tior
271 1031 411 1084 aliqua
433 1031 601 1079 veritas,
625 1041 676 1071 eo
699 1029 832 1082 magis
855 1032 1076 1069 aversatur
1098 1039 1298 1070 errorem.

167 1089 171 1092 Δ
286 1103 330 1146 d.
356 1101 493 1152 Quam
517 1101 571 1142 ob
595 1113 685 1142 rem
709 1104 856 1152 patres
878 1099 980 1140 nihil
1003 1098 1112 1140 adeo
1135 1098 1332 1140 detestati
1353 1102 1462 1147 sunt,
1495 1110 1621 1151 quam
1643 1098 1844 1139 haereses
1867 1102 1908 1139 et

169 1174 411 1214 schismata.
448 1171 594 1225 Neque
626 1172 779 1212 mirum
809 1183 910 1211 nam
940 1174 982 1211 et
1009 1170 1098 1222 ipse
1127 1171 1313 1222 gentium
1341 1169 1560 1221 apostolus
1589 1169 1713 1222 plane
1740 1168 1816 1210 fuit
1843 1169 1907 1210 in-

170 1244 369 1292 toleranS,
393 1248 434 1284 et
457 1243 691 1284 anathema
705 1242 804 1283 dicit
824 1242 866 1282 in
883 1240 1124 1294 quemlibet,
1148 1241 1219 1293 qui
1233 1240 1586 1292 evangelizaverit
1597 1243 1767 1292 praeter
1780 1251 1907 1293 quam

173 1314 288 1368 quod
309 1314 453 1356 fideles
476 1314 530 1355 ab
556 1315 649 1367 ipso
673 1314 927 1366 acceperint.
950 1310 1039 1353 Gal.
1059 1316 1093 1360 1,
1109 1314 1210 1362 &Q
1234 1311 1281 1353 cf.
1295 1310 1416 1354 Rom.
1437 1313 1569 1373 16217
1585 1325 1594 1359 3
1617 1310 1672 1351 ad
1685 1310 1762 1353 Tit.
1779 1313 1818 1361 3,
1835 1314 1910 1359 103

178 1378 211 1430 1.
227 1376 338 1426 Tim.
366 1388 490 1445 1220.
517 1385 760 1437 Discipulus
781 1396 883 1425 vero
905 1383 985 1432 ille,
1009 1383 1080 1436 qui
1102 1382 1288 1435 alioquin
1310 1386 1424 1423 totus
1447 1386 1508 1422 est
1532 1381 1701 1431 caritas,
1721 1368 1910 1423 Joax‘ffies

169 1456 436 1510 *evangelista
458 1456 664 1509 praecipit
687 1459 723 1499 2.
747 1467 809 1508 ep.
833 1468 869 1495 v.
896 1458 970 1498 10:
1006 1454 1051 1494 Si
1082 1454 1174 1509 quis
1194 1453 1303 1494 venit
1325 1454 1382 1494 ad
1403 1466 1470 1493 vos
1491 1457 1528 1493 et
1549 1453 1656 1494 hanc
1678 1453 1949 1538 dofflw

172 1542 250 1569 non
276 1528 409 1581 affert,
433 1528 555 1568 nolite
577 1528 756 1581 recipere
778 1540 868 1568 eum
890 1527 935 1566 'in
959 1526 1140 1579 domum,
1162 1538 1232 1565 nec
1256 1537 1326 1565 ave
1348 1528 1383 1564 ei
1404 1524 1604 1565 dixeritis.
1627 1555 1646 1581 η
1694 1553 1708 1580 2
1739 1553 1751 1581 ¹

289 1615 345 1660 De
370 1615 504 1652 eodem
528 1614 706 1662 apostolo
728 1614 846 1651 refert
867 1614 1116 1659 Iren—aeus
1138 1611 1207 1657 ΙΙΙ,
1234 1618 1273 1651 3:
1300 1611 1377 1656 ,Et
1398 1612 1492 1648 sunt
1513 1610 1582 1658 qui
1595 1609 1809 1647 audierunt
1822 1621 1912 1647 eum

172 1668 469 1727 (Polycarpum)
493 1673 700 1717 dicentem,
738 1672 922 1721 quoniam
944 1672 1116 1710 Joannes
1138 1670 1298 1708 Domini
1329 1669 1548 1718 discipulus
1581 1669 1623 1706 in
1643 1668 1795 1717 Epheso
1827 1668 1912 1706 iens

173 1733 309 1785 lavari,
334 1745 422 1770 cum
444 1733 608 1770 vidisset
640 1732 751 1769 intus
775 1731 1017 1776 Cerinthum,
1050 1729 1242 1767 exsilierit
1273 1729 1320 1766 de
1349 1729 1490 1766 balneo
1520 1740 1600 1766 non
1630 1728 1736 1765 lotus
1767 1727 1912 1774 dicens,

169 1793 275 1840 quod
296 1792 444 1838 timeat,
476 1804 525 1829 ne
547 1792 732 1829 balneum
754 1791 941 1836 concidat,
975 1802 1062 1827 cum
1093 1790 1201 1826 intus
1223 1789 1325 1826 esset
1355 1787 1565 1825 Cerinthus
1596 1787 1779 1824 inimicus
1809 1786 1912 1824 veri-

169 1851 304 1891 tatis<
347 1851 433 1900 Ipse
469 1853 599 1888 autem
623 1851 872 1899 Polycarpus,
907 1849 1162 1898 prosequitur
1192 1848 1240 1884 Ir
1254 1860 1274 1885 e
1270 1859 1452 1895 naeus,
1485 1846 1672 1884 Marcioni
1701 1845 1913 1895 aliquando

171 1911 392 1948 occurrenti
415 1910 490 1947 sibi
513 1913 551 1947 et
573 1909 738 1947 dicenti:
772 1908 978 1959 Cognoscis
1012 1910 1109 1946 nos?
1143 1906 1366 1956 respondit:
1398 1906 1593 1956 Cognosco
1613 1907 1654 1942 te
1675 1905 1913 1957 primogeni-

172 1973 261 2017 tum
282 1971 451 2007 satanae.
493 1971 661 2007 Tantum
685 1969 852 2018 apostoli
875 1970 915 2005 et
936 1969 1077 2005 horum
1101 1966 1286 2015 discipuli
1309 1966 1535 2003 habuerunt
1556 1965 1749 2011 timorem,
1779 1966 1825 2001 ut
1844 1976 1913 2001 ne-

172 2042 249 2078 que
271 2029 508 2066 verbotenus
531 2028 866 2065 communicarent
901 2027 1020 2064 alicui
1054 2038 1201 2070 eorum,
1239 2025 1307 2073 qui
1344 2024 1663 2062 adulteraverant
1695 2023 1913 2069 veritatem,

173 2088 502 2136 quemadmodum
526 2090 565 2125 et
588 2087 732 2124 Paulus
756 2087 831 2124 ait:
864 2086 1108 2123 Haereticam
1139 2090 1265 2122 autem
1296 2085 1485 2121 hominem
1513 2087 1598 2132 post
1626 2095 1745 2120 unam
1775 2081 1826 2129 (et
1855 2094 1913 2119 se-

173 2148 356 2193 cundam)
379 2148 650 2195 correptionem
681 2147 815 2195 (levita,
849 2147 972 2183 sciens
1003 2145 1183 2194 quoniam
1204 2155 1405 2192 perversus
1429 2143 1568 2191 estqui
1599 2147 1650 2179 est
1680 2143 1768 2179 talis
1799 2146 1832 2178 et
1862 2145 1916 2178 est

174 2220 196 2243 a
230 2207 426 2254 semetipso
458 2207 665 2243 damnatus
697 2203 789 2258 (Tit.
815 2211 850 2250 3,
880 2201 990 2257 10).<<
1034 2204 1167 2242 Refert
1188 2202 1443 2250 Eusebjus
1475 2213 1631 2249 quoque
1653 2201 1699 2238 H.
1725 2201 1767 2238 E.
1791 2200 1834 2240 V.
1862 2206 1912 2240 20

173 2266 221 2302 de
243 2265 378 2302 eodem
401 2265 655 2314 Polycarp
669 2277 689 2302 o
722 2277 767 2301 ex
788 2265 905 2301 Iren
920 2262 995 2300 aei
1027 2262 1076 2300 ad
1096 2262 1299 2300 Florinum
1323 2273 1402 2310 ep.:
1438 2261 1512 2306 >>111
1534 2261 1744 2309 conspectu
1766 2260 1837 2297 Dei
1859 2258 1915 2296 af-

175 2324 328 2361 firmare
361 2336 532 2373 possum,
563 2324 722 2361 beatum
758 2323 873 2360 illum
910 2324 949 2360 et
982 2321 1244 2371 apostolicum
1277 2320 1553 2369 presbyterum
1574 2320 1849 2369 Polycarpum,
1883 2318 1916 2356 31

176 2383 272 2431 quid
295 2383 486 2431 ejusmodi
508 2396 685 2431 unquam
707 2382 931 2426 audivisset,
955 2382 1263 2419 exclamaturum
1286 2379 1483 2424 continuo,
1520 2380 1559 2415 et
1581 2377 1777 2416 obturatis
1809 2376 1914 2415 auri-

174 2443 249 2479 bus
272 2442 352 2479 suis
376 2442 577 2479 dicturum
598 2442 717 2479 fuisse
739 2443 858 2490 prout
879 2441 956 2490 ipsi
977 2440 1097 2478 moris
1118 2441 1221 2477 erat:
1254 2440 1359 2476 Deus
1381 2439 1494 2483 bone,
1526 2450 1627 2486 quae
1647 2450 1709 2475 me
1742 2437 1785 2474 in
1813 2438 1912 2474 tem-

175 2513 270 2550 pora
290 2501 510 2547 reservasti,
534 2503 581 2538 ut
602 2501 695 2538 haec
717 2501 980 2538 sustinerem?
1012 2501 1131 2547 atque
1163 2511 1208 2535 ex
1229 2499 1312 2536 loco
1334 2498 1419 2556 ipso
1442 2497 1730 2547 aufugiturum‚
1761 2496 1804 2533 in
1837 2508 1915 2544 quo

177 2572 245 2597 seu
280 2562 386 2597 stans
419 2573 488 2597 seu
524 2561 661 2597 sedens
696 2559 891 2608 ejusmodi
925 2570 1120 2596 sermones
1154 2557 1383 2597 audiisset*
1428 2557 1484 2593 De
1518 2568 1546 2593 s.
1579 2555 1805 2593 Antonio
1826 2566 1914 2592 cum

177 2619 291 2656 laude
313 2621 449 2656 narrat
470 2619 790 2674 Athfflssius
813 2619 855 2655 in
878 2619 963 2667 ejus
986 2618 1069 2655 vita
1090 2630 1128 2654 n.
1154 2623 1228 2657 68:
1263 2616 1384 2660 „Erat
1413 2627 1574 2664 prorsus
1597 2613 1821 2651 admirabili
1841 2613 1915 2650 fide

177 2680 217 2715 et
247 2678 404 2726 pietate.
449 2673 543 2715 Cum
577 2668 797 2715 meletianis
832 2678 977 2726 quippe
1011 2675 1269 2713 schismaticis
1292 2687 1496 2723 nunquam
1518 2673 1820 2711 communicavit
1843 2701 1851 2709 .
1874 2701 1882 2709 .
1909 2702 1917 2709 .

178 2749 249 2774 neo
271 2749 358 2774 cum
380 2737 614 2774 manichaeis
635 2750 810 2786 unquam
845 2739 915 2774 aut
945 2735 1191 2785 quibuslibet
1220 2733 1427 2772 haereticis
1459 2733 1579 2770 amice
1609 2732 1828 2770 collocutus
1858 2732 1916 2769 est

178 2795 259 2833 nisi
281 2795 513 2833 admonendi
535 2808 658 2841 causa,
683 2798 729 2833 ut
742 2798 895 2833 mutata
910 2794 1106 2832 sententia
1118 2793 1224 2843 piam
1238 2794 1483 2830 sectarentur
1495 2792 1632 2829 fidem:
1654 2793 1766 2828 ratus
1780 2803 1916 2828 eorum

180 2854 390 2892 amicitiam
413 2856 452 2892 et
474 2855 669 2903 colloquia
691 2854 812 2892 animi
835 2855 1022 2891 damnum
1045 2855 1162 2902 atque
1191 2852 1409 2902 perniciem
1432 2863 1526 2895 esse,
1559 2849 1665 2898 quod
1695 2850 1799 2888 idem
1819 2849 1916 2887 alios

179 2913 373 2951 monebat.
430 2913 491 2950 Sic
525 2914 644 2951 etiam
678 2914 902 2951 arianorum
936 2912 1130 2950 haeresim
1163 2911 1449 2956 exsecrabatur,
1485 2909 1746 2958 omnibusque
1779 2910 1917 2946 auctor

181 2970 275 3017 erat,
298 2974 345 3009 ut
365 2984 414 3008 ne
435 2970 499 3009 vel
520 2973 568 3009 ad
591 2985 655 3010 eos
678 2973 916 3017 accederent,
950 2972 1016 3009 vel
1036 2984 1197 3020 pravam
1227 2983 1361 3008 eorum
1394 2969 1638 3006 sectarentur
1667 2968 1793 3019 fidem.
1834 2967 1915 3004 Ad-

178 3033 321 3070 euntes
344 3043 384 3068 se
407 3030 618 3079 aliquando
641 3031 828 3079 quosdam
850 3030 1182 3075 ariomanitarum,
1216 3029 1476 3078 explorataet
1497 3027 1656 3077 cognita
1676 3039 1811 3065 eorum
1841 3026 1915 3063 im-

179 3091 338 3139 pietate,
362 3103 407 3127 ex
429 3093 562 3128 monte
585 3090 743 3139 repulit,
768 3091 874 3139 ajens
898 3091 1127 3139 serpentum
1148 3100 1297 3126 veneno
1318 3088 1469 3136 pejores
1502 3098 1583 3124 esse
1605 3098 1742 3123 eorum
1773 3097 1915 3122 sermo-
