2175 3382
661 115 789 148 'rhesis
807 114 952 149 xxvii.
973 115 1026 149 De
1046 114 1254 157 scholarum
1274 115 1508 150 auctoritate.
1871 119 1953 162 153

219 238 403 285 excusari,
428 238 512 275 sine
534 238 693 275 illorum
717 236 888 281 infamia,
914 237 998 274 sine
1020 237 1232 274 offensione
1255 240 1293 273 et
1316 236 1615 274 conturbatione
1629 237 1834 284 Ecclesiae,
1857 238 1952 275 taci-

216 298 267 334 tis
289 309 422 334 eorum
444 296 680 336 nominibus.
704 295 802 344 ipsis
826 296 1023 333 erroribus
1044 298 1283 340 occurratur,
1319 298 1366 333 ut
1387 298 1427 333 et
1449 295 1582 332 debita
1603 296 1824 333 reverentia
1845 297 1952 334 exhi-

216 357 356 393 beatur
376 356 711 404 praedicatoribus
732 355 773 392 in
788 355 980 392 Ecclesiae
1002 367 1094 403 pace
1116 354 1325 399 defunctis,
1350 358 1390 391 et
1411 354 1513 391 nulli
1536 354 1725 392 catholico
1741 354 1791 392 sit
1806 355 1953 393 offensa

217 415 388 452 defensio
410 414 630 452 veritatis«
675 413 994 450 Lanfrancus
1016 426 1106 450 vero
1139 414 1249 462 epist.
1275 421 1326 454 50
1350 426 1420 462 pro
1453 426 1521 450 sua
1542 413 1734 450 modestia
1755 414 1951 452 consulit:

218 473 389 518 „Tutius
411 476 471 511 est
491 474 628 510 lectori
650 473 691 509 in
712 472 957 509 difficillimis
981 485 1029 509 ss.
1044 474 1203 520 patrum
1225 473 1443 517 sententiis,
1467 484 1563 520 quas
1585 472 1732 521 ingenii
1754 473 1814 510 sui
1830 473 1951 510 imbe-

217 533 363 570 cillitas
394 545 529 581 capere
558 544 637 570 non
668 534 808 580 potest.
842 531 1085 581 interrogato
1112 532 1216 579 quod
1238 532 1375 570 nescit.
1409 531 1547 575 dicere,
1582 543 1622 566 se
1644 531 1804 577 nescire,
1836 545 1954 580 quam

217 592 407 640 pertinaci
439 591 664 640 arrogantia
694 603 771 627 non
803 591 885 627 sine
910 603 979 627 sua
1002 594 1042 627 et
1063 591 1229 627 aliorum
1251 591 1424 639 pernicie
1446 590 1537 627 fidei
1561 590 1756 626 contra-ria,
1778 590 1951 635 definire,

215 651 447 700 praesertim
470 650 503 687 si
525 650 616 686 talis
638 662 803 697 persona
827 650 890 694 sit,
914 662 1013 698 quae
1027 650 1090 687 vel
1112 649 1275 687 scientia
1298 650 1502 687 literarum
1516 649 1579 686 vel
1595 648 1788 696 probitate
1802 662 1951 686 morum

216 710 278 747 vel
298 709 432 758 pot-ius
453 711 621 757 utraque
642 711 752 757 parte
775 709 1020 746 auctoritatis
1042 709 1195 757 pondus
1219 721 1311 757 piae
1335 721 1374 746 se
1398 721 1531 758 gerere
1553 708 1733 744 videatur
1754 708 1823 748 lt«

338 793 430 834 138·
454 790 622 832 ThOSiS
646 788 849 831 XXVII·
895 802 1272 836 Christianarum
1303 801 1564 835 scholarum
1594 802 1824 834 institutio
1851 810 1956 835 con-

216 865 417 898 sentiens
455 866 498 909 et
534 863 729 896 illorum
767 863 822 895 (Ie
857 862 949 901 fide
985 870 1172 894 concors
1206 862 1438 901 doctrina,
1473 861 1553 903 qm·
1585 863 1689 901 post
1721 863 1880 901 putres
1905 861 1952 893 in

217 924 395 957 unitate
421 923 646 957 catholica
662 922 861 963 se‘nyvtlis
875 923 1079 962 floruere
1098 922 1341 962 aetatibus,
1356 922 1666 954 certissimmn
1684 922 1956 955 traditionis

214 992 293 1017 seu
320 984 558 1017 doctrinae
584 982 815 1016 ret-elatae
842 982 1082 1015 criterium
1114 982 1291 1014 censeri
1318 981 1459 1016 debet.

331 1051 709 1094 Demonstratio.
732 1049 964 1102 Adjicimus
995 1050 1105 1089 hanc
1138 1049 1290 1089 thesim
1313 1048 1666 1100 praecedentibus
1689 1054 1862 1101 propter
1886 1060 1954 1088 ar-

214 1122 399 1173 gumenti
422 1121 669 1162 affinitatem
693 1126 734 1162 et
757 1121 810 1161 ad
830 1121 1037 1172 integram
1059 1120 1110 1161 de
1132 1121 1212 1161 hac
1234 1120 1482 1173 quaestione
1502 1120 1727 1160 materiam
1749 1119 1954 1160 exbiben-

216 1193 326 1240 dam,
348 1193 428 1234 etsi
449 1193 491 1233 in
515 1204 564 1233 ea
589 1197 629 1232 et
652 1191 864 1232 Ecclesiae
896 1191 1236 1232 indefectibilitas
1260 1195 1301 1231 et
1323 1190 1467 1230 variae
1490 1190 1797 1242 promissiones
1819 1189 1955 1230 eidem

218 1263 356 1304 factae
378 1263 560 1315 supponi
577 1262 667 1315 jam
691 1262 856 1303 debent.
901 1261 951 1302 Ut
975 1273 1077 1302 vero
1100 1261 1233 1302 thesis
1256 1261 1413 1301 veritas
1435 1260 1659 1307 elucescat,

338 1335 375 1377 1.
400 1337 581 1377 notetur,
616 1345 689 1374 eos
721 1333 773 1373 de
805 1333 956 1386 quibus
992 1333 1216 1385 loquimur,
1249 1332 1330 1372 hoc·
1362 1333 1406 1372 in
1429 1331 1622 1372 docendo
1645 1330 1956 1383 scribendoque

220 1405 403 1446 directos
425 1405 552 1445 fuisse
574 1405 793 1456 principio.
821 1404 900 1445 sibi
927 1417 1013 1444 non
1035 1404 1162 1445 licere
1186 1415 1211 1443 a
1233 1403 1415 1444 definitis
1439 1402 1625 1443 articulis
1647 1402 1712 1442 vel
1736 1402 1956 1442 minimum

220 1476 450 1523 discedere,
483 1475 557 1516 sed
590 1476 655 1516 sui
686 1475 809 1517 oflicii
841 1487 935 1525 esse
967 1475 1201 1516 secundum
1234 1486 1367 1515 aurea
1387 1473 1671 1514 Vincentii
1698 1473 1802 1513 lirin.
1825 1472 1957 1513 verba

219 1559 250 1588 c.
276 1549 331 1591 22
353 1552 571 1599 receptam
594 1552 721 1587 antea
745 1546 982 1587 doctrinam
1006 1546 1231 1587 custodire.
1264 1545 1486 1597 explicare,
1519 1544 1627 1584 tueri
1644 1545 1699 1599 Ζ);
1733 1556 1816 1595 quo
1840 1544 1955 1595 prin-

218 1618 327 1670 cipio
359 1619 497 1670 posito
531 1617 619 1658 fieri
660 1618 834 1658 minime
866 1618 1012 1670 potuit,
1055 1622 1098 1658 ut
1130 1617 1342 1657 unanimis
1374 1615 1615 1656 scholarum
1650 1626 1884 1655 consensus
1915 1615 1957 1654 in

218 1689 447 1730 christiana
469 1689 732 1730 institutione
754 1701 779 1729 a
803 1689 942 1741 prisca
965 1688 1193 1729 traditione
1215 1686 1468 1728 deflecteret.

333 1760 376 1802 2.
401 1758 637 1800 Consensio
661 1759 833 1800 scholae
856 1760 897 1800 in
920 1759 1152 1800 christiana
1166 1759 1428 1799 institutione
1444 1755 1870 1809 aequivaletsingulis
1884 1767 1956 1796 ae-

215 1829 372 1870 tatibus
392 1830 470 1882 ipsi
490 1830 709 1871 doctrinae
724 1829 948 1873 Ecclesiae.
972 1829 1081 1870 Nam
1105 1863 1118 1875 ,
1132 1830 1167 1870 si
1187 1842 1271 1882 qua
1290 1829 1335 1869 111
1355 1828 1616 1882 quaestione,
1637 1827 1772 1879 inquit
1793 1826 1847 1867 ad
1868 1838 1959 1867 rem

216 1900 266 1941 M.
291 1899 467 1942 Canus
499 1901 551 1942 de
572 1902 651 1942 loc.
674 1901 799 1943 theol.
824 1900 922 1942 Vlll.
945 1905 984 1945 4,
1016 1901 1201 1941 universi
1230 1900 1415 1951 theologi
1437 1899 1587 1940 eadem
1611 1899 1721 1939 inter
1743 1909 1789 1939 se
1813 1898 1959 1938 conci·

216 1977 331 2016 nunt..
354 1972 544 2024 profecto
568 1972 604 2013 si
624 1973 666 2012 in
689 1984 740 2013 90
765 1976 918 2016 errant,
941 1971 1175 2013 Ecclesiam
1196 1972 1298 2012 item
1322 1970 1493 2011 errandi
1514 1969 1703 2022 periculo
1726 1973 1956 2020 exponunt.

217 2040 313 2083 Sive
335 2043 447 2083 enim
470 2043 541 2095 qui
563 2042 853 2084 confessiones
876 2043 1062 2091 audiunt,
1096 2043 1184 2084 sive
1207 2042 1277 2095 qui
1300 2041 1354 2082 ad
1375 2041 1580 2094 populum
1602 2040 1762 2081 liabent
1784 2040 1955 2080 concio-

215 2124 302 2162 nes,
325 2114 490 2167 utrique
510 2113 677 2166 plebem
698 2114 933 2155 instituunt.
956 2118 1002 2154 ut
1023 2126 1048 2154 a
1068 2113 1276 2165 theologis
1297 2117 1555 2164 acceperunt
1569 2111 1699 2167 (idem
1721 2110 1884 2151 dicatur
1905 2110 1958 2151 de

216 2183 424 2236 episcopis
446 2196 614 2237 gregem
637 2185 717 2225 sibi
740 2185 1033 2226 concreditum
1067 2184 1197 2226 verbo
1234 2184 1382 2225 salutis
1404 2183 1707 2238 pascentibus),
1749 2182 1810 2223 Ita
1832 2181 1887 2231 fit,
1911 2187 1956 2222 ut

218 2253 406 2296 Ecclesia
427 2267 576 2297 eorum
611 2256 653 2296 in
675 2255 756 2296 fide
779 2267 1052 2296 communem
1075 2267 1265 2297 errorem
1288 2254 1604 2296 dissimulando.
1638 2252 1792 2294 Christi
1813 2252 1957 2293 fideles

364 2384 386 2428 ¹)
405 2383 563 2418 Gemina
581 2385 694 2419 habet
721 2385 751 2418 D
763 2395 846 2418 ura
858 2397 882 2418 n
895 2385 914 2418 d
929 2397 953 2418 u
965 2397 980 2418 s
1007 2385 1120 2418 abbas
1148 2384 1376 2419 troarnensis
1405 2386 1434 2424 (t
1456 2386 1558 2424 1088)
1586 2383 1626 2416 111
1644 2383 1667 2416 l.
1687 2382 1732 2416 de
1749 2392 1902 2426 coi-pore
1920 2385 1955 2415 ct

216 2447 318 2482 sang.
338 2437 488 2471 Domini
505 2450 542 2472 n.
563 2441 606 2473 16
624 2439 746 2483 (Mig-
771 2440 845 2473 149.
868 2439 982 2480 1417).
1003 2438 1054 2472 Cf.
1074 2438 1195 2472 Fran
1209 2438 1338 2471 zelin
1358 2438 1411 2471 th.
1431 2442 1481 2473 14.
1503 2441 1564 2475 l5;
1591 2437 1679 2470 Seli
1693 2436 1841 2470 eeben
1860 2436 1880 2480 ξ
1897 2438 1958 2474 26;

214 2490 412 2526 Maranu
427 2504 444 2526 s
469 2491 508 2525 in
536 2493 690 2536 praefat.
716 2493 761 2526 ad
789 2504 846 2538 op.
865 2493 1004 2527 Justini
1023 2494 1071 2527 M.
1088 2503 1124 2536 p.
1145 2495 1164 2525 2
1184 2503 1214 2526 c,
1234 2493 1296 2529 13;
1327 2490 1564 2524 Petavius
1592 2490 1705 2524 theol.
1725 2490 1846 2534 dogm.
1866 2489 1959 2533 prol.

217 2555 245 2578 e.
266 2547 305 2583 2;
324 2545 420 2579 Tho
433 2558 467 2579 m
480 2557 500 2579 a
513 2546 648 2580 ssinu
661 2560 676 2580 s
694 2547 738 2582 tr.
758 2550 779 2581 3
797 2547 836 2580 in
855 2546 968 2591 praef.
988 2546 1032 2580 de
1051 2556 1230 2580 consensu
1249 2543 1396 2578 scholae
1414 2544 1458 2578 de
1477 2543 1599 2589 gratia
1618 2555 1652 2576 n.
1672 2545 1717 2577 323
1737 2555 1780 2576 ss.

360 2599 386 2643 ²)
406 2597 510 2639 Quod
526 2599 750 2644 principium
765 2600 819 2633 ita
830 2600 943 2633 etiam
956 2598 1135 2643 expressit,
1148 2610 1174 2631 s.
1191 2598 1219 2632 G
1233 2608 1250 2632 e
1263 2598 1286 2631 b
1299 2598 1322 2631 h
1334 2609 1355 2631 a
1366 2610 1383 2631 r
1395 2598 1418 2631 cl
1429 2609 1452 2631 u
1465 2609 1480 2631 s
1498 2597 1658 2640 archiep.
1673 2595 1956 2641 salisburgensis

219 2652 339 2696 (1088)
366 2652 406 2685 111
433 2663 490 2696 ep.
518 2652 563 2685 ad
594 2652 842 2686 Herniannuni
870 2664 924 2696 ep.
954 2655 1154 2686 metensem
1185 2652 1308 2696 (Mig.
1330 2654 1406 2691 148,
1425 2654 1528 2691 851);
1563 2649 1661 2689 DNos
1688 2650 1805 2694 igitur
1832 2652 1870 2683 et
1897 2650 1960 2693 qui

216 2704 362 2738 nostrae
378 2705 496 2748 partis
514 2706 611 2746 sunt,
631 2706 764 2749 quibus
784 2705 899 2740 etiam
919 2706 1101 2740 Ecclesiae
1119 2703 1318 2749 disciplina
1337 2704 1532 2738 commissa
1550 2705 1614 2741 est,
1633 2703 1705 2747 ipsi
1719 2702 1900 2737 Ecclesiae
1919 2703 1956 2736 in

215 2756 285 2790 hoc
302 2757 557 2797 satisfacimus,
576 2758 665 2801 quia
682 2758 777 2792 nihil
796 2759 986 2793 docuimus
1004 2757 1065 2792 vel
1084 2758 1255 2791 docemus
1273 2758 1421 2801 practer
1438 2755 1488 2796 id,
1507 2755 1604 2799 quod
1624 2754 1832 2789 didicimus.
1851 2755 1888 2789 Si
1904 2755 1956 2788 in-

217 2809 395 2852 quirimur
411 2811 520 2851 unde,
539 2821 561 2844 a
579 2811 713 2854 quibus
735 2811 982 2850 didicerimus,
1011 2812 1107 2844 certe
1134 2810 1271 2844 multos
1300 2811 1338 2844 et
1364 2820 1599 2853 nequaquam
1626 2808 1770 2842 obscuri
1798 2808 1959 2842 nominis

218 2862 404 2897 doctrinae
433 2865 582 2898 nostrae
613 2864 902 2908 adstipulatores
933 2865 1121 2898 habemus.
1156 2863 1327 2908 Apostoli
1357 2873 1425 2896 nos
1455 2863 1672 2907 docuerunt,
1702 2861 1957 2905 apostolorum

217 2926 448 2957 successores,
467 2917 692 2960 apostolicae
710 2917 806 2951 sedis
824 2917 1019 2962 pontifices
1041 2930 1048 2953 2
1067 2924 1215 2960 praeter
1241 2916 1335 2954 illos,
1362 2916 1436 2948 imo
1466 2915 1668 2949 secundum
1698 2913 1781 2947 illos
1801 2912 1956 2946 aliorum

218 2969 366 3012 patrum
384 2969 533 3013 copiosa.
546 2969 758 3016 multitudo,
777 2970 841 3014 qui
856 2971 965 3003 notae
979 2970 1190 3003 sanctita-tis
1205 2970 1241 3003 et
1255 2968 1490 3002 auctoritatis
1505 2970 1604 3009 sunt,
1619 2978 1772 3012 quorum
1789 2966 1955 2999 doctrina

219 3021 341 3066 fulget
357 3021 518 3056 Ecclesia
538 3049 546 3055 .
567 3049 575 3057 .
598 3050 605 3056 .
634 3033 792 3067 quorum
810 3022 1066 3057 sanctionibus
1084 3033 1160 3056 non
1177 3022 1391 3066 ignorantia
1408 3022 1465 3055 vel
1484 3020 1724 3066 negligentia,
1750 3018 1813 3052 sed
1833 3018 1954 3052 studio

219 3074 401 3114 reluctari,
419 3075 508 3118 quid
527 3074 627 3109 aliud
646 3078 712 3116 est,
731 3087 841 3120 quam
861 3076 1053 3120 Spiritum,
1072 3075 1136 3118 qui
1153 3085 1220 3118 per
1238 3085 1298 3109 eos
1317 3073 1463 3109 locutus
1483 3076 1548 3108 est.
1567 3073 1871 3116 11111Ἶ11191111119ἱΜ
