2175 3382
538 110 724 154 Epistolae
741 120 829 144 rom.
848 110 980 155 pontif.
999 121 1071 154 quo
1091 122 1195 145 sensu
1214 112 1373 146 examini
1392 113 1589 158 subjectae.
1842 117 1927 159 449

316 231 413 273 433.
437 226 616 270 Gravius
638 233 702 270 est
724 229 837 282 quod
859 231 902 273 8.
926 229 1090 282 excipit,
1122 243 1386 271 romanorum
1406 231 1648 284 pontificum
1671 231 1864 285 epistolas
1886 233 1928 272 in

198 299 380 340 conciliis
412 300 597 340 amamini
626 300 755 353 fuisse
787 299 1001 352 subjectas,
1032 300 1212 353 ideoque
1245 313 1329 341 non
1360 301 1528 342 habitas
1558 301 1804 344 infallibiles.
1847 301 1929 344 Sed

196 373 377 417 notetur,
401 370 616 422 multiplex
639 371 814 423 alicujus
829 370 1048 411 doctrinae
1063 382 1244 412 examen
1258 371 1465 423 distingui,
1481 373 1772 425 examinisque
1795 373 1924 414 alium

197 445 324 493 atque
346 440 474 481 alium
497 453 590 482 esse
613 441 749 485 finem.
792 440 936 482 Potest
958 455 1000 484 a.
1024 441 1218 481 doctrina
1248 442 1465 482 haeretica
1496 441 1645 494 subjici
1667 443 1862 493 examini,
1885 448 1930 484 ut

196 510 448 563 reprobetur
478 516 520 552 et
550 511 794 559 damnetur;
826 516 966 564 potest
998 513 1043 556 b.
1079 512 1130 552 de
1159 512 1300 565 aliquo
1336 512 1554 554 doctrinae
1597 514 1734 565 capite
1769 515 1927 567 quaeri,

195 582 304 623 sitne
326 582 558 624 revelatum
581 594 656 623 seu
678 587 721 623 ut
744 583 1046 635 comprobetur
1067 583 1300 624 revelatum
1324 595 1374 624 ac
1397 583 1448 624 de
1471 595 1521 624 eo
1546 583 1716 624 demum
1739 584 1923 625 definitio

196 651 364 701 edatur,
387 656 526 705 potest
547 666 587 696 c.
612 653 738 694 etiam
762 653 917 704 dogma
939 653 1193 694 catholicum
1217 654 1402 695 examini
1423 654 1584 707 subjici,
1607 667 1694 696 non
1706 656 1827 708 quasi
1850 655 1925 697 du-

195 723 310 764 bium
333 723 397 773 sit,
422 723 496 765 sed
526 727 603 774 „ut,
626 723 760 776 inquit
782 737 812 765 s.
836 723 938 765 Leo
963 736 1026 777 ep.
1054 729 1136 769 120
1158 738 1197 766 n.
1224 728 1258 775 1,
1281 726 1438 766 veritas
1461 725 1615 766 clarius
1638 726 1866 767 renitescat
1887 730 1927 766 et

194 793 342 835 fortius
364 794 634 843 retineatur,“
668 794 753 834 scil.
785 798 831 835 ut
851 795 1088 848 inquiratur
1109 796 1152 836 in
1175 796 1363 848 ejusdem
1398 795 1686 845 fundamenta,
1710 796 1926 846 ambitum,

193 878 385 912 sensum3
416 870 462 906 ut
485 865 731 918 conquisitis
754 863 998 918 Scripturae
1021 865 1156 907 effatis
1179 866 1502 919 traditionisque
1535 867 1787 908 testimoniis
1810 879 1927 907 com-

194 936 416 989 probetur3
438 940 484 977 ut
505 935 818 977 haereticorum
841 936 1085 978 refellantur
1099 941 1351 989 argumenta
1365 942 1407 979 et
1420 937 1676 991 dissipentur
1689 938 1927 978 nutantium

195 1006 342 1047 dubia:
367 1019 451 1060 qua
472 1007 638 1048 ratione
660 1007 881 1060 theologus
902 1007 1036 1060 probe
1061 1008 1323 1049 orthodoxus
1335 1009 1580 1050 examinare
1599 1009 1707 1050 solet
1729 1008 1928 1061 dogmata

145 1081 155 1089 “
195 1077 274 1119 sibi
296 1078 543 1121 certissima.
587 1078 676 1119 Hoc
708 1091 836 1120 sensu
858 1079 1038 1120 concilia
1059 1080 1298 1132 posteriora
1329 1079 1507 1121 subinde
1530 1080 1714 1121 examini
1735 1079 1927 1132 subjece-

198 1153 296 1189 runt
317 1161 380 1198 ea,
404 1161 513 1202 quae
540 1149 630 1202 jam
661 1150 703 1190 in
737 1149 946 1202 prioribus
980 1151 1265 1203 peremptorie
1299 1150 1470 1192 definita
1499 1150 1677 1196 fuerant,
1707 1151 1793 1191 imo
1825 1162 1927 1191 con-

194 1219 386 1261 ciliorum
420 1232 587 1273 quoque
623 1221 996 1262 oecumenicorum
1041 1222 1105 1262 vel
1146 1233 1424 1262 romanorum
1466 1221 1712 1274 pontificum
1754 1221 1925 1262 decreta

195 1293 248 1343 (n.
271 1291 410 1346 4062).
434 1290 556 1342 Quod
578 1302 758 1332 examen
780 1304 868 1333 non
889 1293 1088 1344 supponit
1110 1291 1284 1333 dubium
1306 1292 1358 1333 de
1381 1292 1635 1333 definitionis
1657 1292 1846 1335 veritate.

311 1371 515 1420 Ejusmodi
537 1384 695 1409 examen
718 1384 811 1409 suae
835 1372 1025 1421 epistolae
1046 1373 1224 1422 permisit
1246 1386 1275 1410 s.
1289 1374 1364 1411 Leo
1386 1374 1428 1410 in
1449 1373 1610 1411 concilio
1633 1373 1926 1410 chalcedonensi

196 1427 259 1483 (ad
281 1431 386 1480 quod
407 1430 553 1468 factum
574 1431 806 1468 nominatim
819 1435 1005 1480 provocat
1026 1432 1057 1468 D
1071 1437 1092 1469 ὂ
1104 1432 1203 1469 llin
1215 1445 1241 1482 g
1252 1444 1271 1469 e
1282 1430 1340 1484 r);
1364 1433 1477 1481 cujus
1498 1432 1767 1480 permissionis
1782 1436 1822 1469 et
1835 1445 1923 1470 exa-

194 1489 311 1527 minis
333 1490 568 1538 praeclaram
589 1490 717 1527 reddit
737 1490 928 1528 rationem
952 1491 976 1528 l.
999 1503 1040 1536 c.‚
1073 1504 1201 1540 quam,
1236 1504 1324 1529 cum
1359 1504 1404 1529 ea
1424 1491 1555 1541 magni
1586 1491 1637 1528 sit
1667 1491 1854 1528 momenti
1884 1492 1925 1528 in

195 1548 265 1586 hac
287 1549 560 1595 controversia,
596 1549 790 1599 integram
812 1550 1091 1591 exhibebimus,
1136 1551 1384 1594 „Gloriamur
1405 1551 1446 1588 in
1468 1550 1643 1595 Domino,
1675 1550 1731 1587 ita
1752 1550 1924 1599 pontifex

195 1607 331 1645 scribit
351 1608 399 1645 ad
422 1608 719 1653 Theodoretum,
753 1621 842 1646 cum
862 1609 1055 1657 propheta
1076 1612 1278 1647 canentes:
1302 1610 1550 1657 Adjutorium
1582 1614 1755 1646 nostrum
1788 1611 1829 1646 in
1858 1622 1925 1646 no-

194 1667 293 1704 mine
314 1667 484 1716 Domini,
513 1669 578 1717 qui
595 1668 684 1715 fecit
705 1669 845 1705 coelum
867 1673 899 1704 et
921 1672 1064 1705 terram
1087 1669 1160 1717 (Ps.
1182 1675 1273 1714 123,
1301 1666 1362 1721 83:
1387 1669 1455 1717 qui
1469 1669 1626 1706 nullum
1639 1681 1708 1706 nos
1722 1669 1764 1705 in
1777 1668 1924 1706 nostris

192 1725 381 1763 fratribus
413 1726 694 1764 detrimentum
726 1727 919 1764 sustinere
950 1727 1142 1775 permisit,
1175 1728 1241 1765 sed
1272 1740 1370 1776 quae
1400 1729 1533 1765 nostro
1564 1728 1674 1776 prius
1705 1727 1922 1765 ministerio

194 1784 407 1831 definierat,
443 1786 648 1823 universae
670 1786 930 1823 fraternitatis
955 1786 1234 1824 irretractabili
1256 1787 1426 1824 firmavit
1447 1799 1612 1824 assensu
1632 1784 1681 1839 l):
1715 1790 1761 1824 ut
1790 1799 1880 1824 vere
1902 1801 1923 1823 a

343 1900 365 1944 1)
384 1898 488 1933 Unde
506 1910 579 1933 non
598 1899 775 1944 sequitur,
788 1899 931 1944 judicia
948 1910 1121 1934 romanae
1135 1900 1241 1940 sedis,
1256 1901 1361 1944 quasi
1373 1911 1440 1945 per
1453 1911 1489 1935 se
1504 1911 1578 1935 non
1600 1900 1689 1934 satis
1710 1900 1825 1939 firma,
1844 1910 1924 1934 con-

193 1952 269 1986 cilii
287 1953 513 1987 oecumenici
532 1963 682 1987 assensu
701 1958 737 1986 et
755 1953 1033 1988 confirmatione
1050 1953 1227 1999 indigere,
1254 1956 1297 1989 ut
1323 1955 1461 1999 passim
1488 1954 1516 1996 Q
1528 1966 1552 1988 u
1565 1965 1583 1988 e
1595 1966 1610 1988 s
1622 1954 1698 1988 nel
1711 1955 1722 1988 l
1735 1966 1757 1988 u
1769 1966 1784 1988 s
1812 1954 1924 1987 incul-

193 2006 270 2044 cat2
289 2017 375 2039 nam
394 2017 475 2040 cum
493 2006 588 2040 hanc
608 2007 859 2041 definitionem
889 2019 916 2041 s.
944 2007 1034 2042 Leo
1063 2007 1245 2042 adscribat
1272 2008 1359 2050 Deo,
1387 2009 1551 2052 profecto
1579 2018 1652 2041 non
1680 2007 1853 2052 exigebat
1879 2007 1925 2040 ad

192 2058 267 2104 ejus
297 2059 509 2094 firmitatem
528 2071 716 2094 assensum
735 2060 889 2094 concilii.
926 2059 1103 2102 Quocirca
1133 2061 1245 2095 etiam
1274 2072 1375 2095 suam
1405 2061 1656 2095 definitionem
1683 2060 1721 2093 in
1740 2071 1794 2104 ep.
1814 2063 1859 2094 28
1877 2060 1921 2093 ad

192 2112 409 2147 Flavianum
428 2113 566 2147 editam
585 2114 729 2147 firmam
747 2113 879 2148 habuit
897 2126 961 2158 per
979 2125 1053 2148 sese
1082 2115 1119 2148 et
1137 2114 1454 2153 irretractabilem,
1483 2115 1538 2148 ita
1565 2115 1607 2148 ut·
1632 2125 1701 2148 nec
1728 2113 1922 2147 concilium

192 2167 375 2200 censuerit
396 2167 642 2201 necessarium
661 2172 729 2212 (ep.
754 2168 825 2212 37),
857 2178 923 2201 nec
940 2169 979 2201 in
998 2168 1154 2202 concilio
1173 2168 1216 2202 de
1235 2168 1305 2202 fide
1323 2168 1481 2202 voluerit
1498 2167 1751 2211 quaestionem
1774 2167 1924 2206 moveri,

192 2229 234 2253 ac
253 2220 282 2253 si
300 2220 413 2254 dubia,
430 2221 466 2254 et
485 2230 617 2264 anceps
645 2223 740 2254 esset
766 2220 943 2259 doctrina,
971 2233 1082 2264 quam
1108 2222 1147 2255 in
1175 2221 1301 2255 eadem
1328 2232 1383 2265 ep.
1411 2221 1610 2258 definierat,
1647 2221 1696 2258 Cf,
1717 2231 1773 2265 ep.
1792 2223 1848 2255 82.
1867 2222 1923 2256 90.

191 2275 236 2307 93
255 2285 284 2307 c,
304 2277 343 2312 ἒς
373 2275 428 2307 94.
462 2273 503 2306 In
531 2284 585 2318 ep.
606 2276 650 2307 88
679 2274 724 2307 ad
743 2273 1003 2308 Paschasinum
1031 2276 1140 2319 episc.
1169 2275 1438 2317 lilybaetanum
1467 2275 1768 2320 antegconessium
1788 2273 1925 2318 scripta

191 2327 282 2361 dicit
300 2339 336 2361 se
354 2327 426 2371 ipsi
445 2326 592 2361 mittere
611 2327 817 2372 epistolam,
836 2339 945 2371 quam
964 2328 1183 2361 universalis
1196 2328 1357 2361 Ecclesia
1377 2328 1634 2372 amplectitur:
1655 2329 1692 2361 et
1710 2328 1845 2362 iterum
1859 2339 1886 2361 c.
1903 2329 1924 2361 3

190 2381 350 2414 testatur
365 2382 505 2419 ,totam
519 2379 584 2413 ΟΡ.
598 2380 789 2413 ecclesiam
800 2391 880 2414 cum
894 2382 1129 2415 monasteriis
1145 2380 1315 2414 omnibus
1329 2382 1365 2414 et
1378 2380 1505 2414 multis
1519 2381 1698 2425 episcopis
1711 2380 1924 2425 praebuisse

191 2440 426 2466 consensum‘
440 2435 476 2466 et
488 2443 523 2466 se
540 2432 723 2476 ‚proxime
735 2433 931 2477 epistolam
944 2433 1008 2467 ΟΡ.
1023 2434 1184 2477 episcopi
1197 2434 1388 2477 accepisse,
1409 2444 1502 2477 quae
1516 2434 1636 2474 refert,
1659 2433 1921 2468 antiochenum

191 2486 402 2531 episcopum
421 2485 541 2520 missis
560 2496 624 2530 per
640 2486 848 2530 provincias
869 2497 950 2520 suas
969 2486 1152 2520 tractoriis
1171 2488 1208 2529 (f.
1229 2486 1287 2530 ad]
1305 2487 1493 2521 universos
1515 2487 1704 2532 episcopos
1733 2489 1770 2521 ct
1788 2487 1920 2531 episto-

189 2539 247 2574 lae
265 2540 323 2581 (ad
337 2539 564 2574 Flavianum)
580 2539 791 2583 praebuisse
809 2549 1024 2573 consensum
1037 2552 1045 2578 ;
1057 2546 1070 2560 <¹
1089 2549 1201 2582 quare
1216 2549 1259 2572 ex
1274 2539 1459 2574 sententia
1472 2540 1739 2584 gallicanorum
1749 2540 1828 2585 jam
1842 2548 1920 2573 cen-

191 2592 260 2627 seri
278 2593 407 2626 debuit
424 2592 714 2626 irretractabilis
734 2592 780 2625 Et
802 2602 928 2626 revera
948 2592 1108 2636 synodus
1130 2592 1314 2636 gallorum
1333 2603 1390 2637 ep.
1401 2595 1446 2628 99
1457 2603 1524 2637 pro
1536 2593 1702 2637 symbolo
1719 2593 1803 2627 fidei
1818 2593 1920 2626 illam

189 2646 331 2680 habuit.
352 2645 422 2679 Sed
435 2646 514 2690 jam
533 2649 618 2678 ante
642 2645 738 2678 hunc
757 2644 940 2678 Ecclesiae
959 2655 1173 2679 consensum
1196 2645 1393 2689 scripserat
1419 2658 1446 2679 s.
1464 2646 1552 2680 Leo
1572 2658 1626 2691 ep.
1646 2650 1691 2681 34
1709 2658 1737 2680 e.
1758 2651 1776 2680 2
1797 2647 1842 2680 ad
1860 2646 1920 2680 Ju-

191 2698 333 2733 lianum
351 2702 535 2733 coensem:
558 2699 634 2738 ,Ad
653 2699 801 2732 fratrem
820 2700 986 2732 nostrum
1004 2698 1222 2732 Flavianum
1250 2699 1470 2733 sufficientia
1495 2710 1560 2744 pro
1589 2700 1771 2744 qualitate
1791 2709 1920 2733 causae

191 2753 327 2796 scripta
345 2752 470 2792 direxi,
489 2752 623 2796 quibus
642 2753 678 2785 et
696 2753 817 2785 vestra
835 2750 983 2785 dilectio
1002 2752 1039 2784 et
1057 2751 1221 2785 Ecclesia
1239 2751 1411 2786 universa
1428 2754 1636 2796 cognoscat,
1655 2753 1699 2786 de
1715 2752 1870 2795 antiqua
1883 2753 1920 2784 et

191 2805 370 2850 singulari
389 2806 470 2846 fide,
490 2816 599 2848 quam
618 2805 786 2838 indoctus
804 2804 1045 2848 impugnator
1062 2804 1220 2844 incessit,
1239 2805 1328 2848 quid
1347 2804 1524 2838 divinitus
1537 2805 1716 2839 traditum
1731 2807 1920 2838 teneamus

190 2859 227 2892 et
244 2857 333 2902 quid
351 2857 708 2891 incommutabiliter
724 2857 1013 2901 praedicemus<1
1035 2857 1086 2891 Cf.
1106 2858 1219 2891 etiam
1237 2868 1292 2902 ep.
1311 2859 1367 2892 69.
1385 2860 1441 2894 70,
1462 2857 1564 2899 Quod
1584 2859 1613 2891 si
1632 2858 1698 2891 sub
1717 2856 1919 2890 Theodosio

190 2910 386 2945 concilium
406 2911 523 2955 petiit,
543 2911 636 2944 illud
654 2921 727 2944 non
747 2911 792 2944 ob
810 2910 1108 2944 incertitudinem
1136 2911 1322 2945 doctrinae
1342 2911 1420 2955 jam
1447 2911 1629 2952 definitae,
1659 2922 1768 2954 quam
1787 2910 1919 2943 retrac-

189 2964 261 2997 tari
279 2963 460 3004 noluerat,
479 2964 539 2998 sed
559 2964 606 2998 ob
622 2964 847 2998 removenda
865 2963 1036 2997 scandala
1054 2965 1091 2997 et
1108 2964 1154 2997 ob
1172 2974 1297 3008 pacem
1311 2964 1456 2998 facilius
1474 2963 1743 2998 conciliandam
1756 2962 1917 3006 postula-

189 3017 252 3052 vit.
287 3017 414 3061 Neque
443 3018 696 3061 episcoporum
714 3027 879 3050 assensus
907 3026 972 3059 per
990 3027 1026 3050 se
1044 3018 1100 3051 est
1116 3017 1404 3058 irretractabilis,
1432 3017 1494 3051 sed
1520 3017 1686 3051 redditur
1713 3016 1919 3049 irretracta-

190 3070 289 3112 bilis,
311 3081 391 3104 cum
409 3071 479 3115 ipsi
496 3071 722 3114 pontificiam
744 3070 1020 3114 amplectuntur
1037 3069 1287 3104 definitionem
1306 3070 1362 3104 vel
1381 3075 1462 3104 cum
1478 3070 1616 3104 accedit
1631 3069 1819 3113 pontificia
1837 3079 1918 3102 con-

332 3143 353 3167 H
366 3150 382 3167 u
395 3146 454 3168 rte
465 3150 495 3174 r,
517 3143 668 3174 Compend.
691 3142 841 3174 theologiae
864 3143 886 3173 1,
911 3140 951 3166 lo.
973 3141 1014 3166 ed.
1638 3130 1681 3161 29
