2175 3382
200 150 284 185 ηψ)
424 145 544 177 ’1“ι·;ιυ1.
569 144 625 177 lll.
645 144 689 177 ‹le
710 144 880 187 primatu.
905 144 1116 187 lixi-eptioni
1137 144 1180 176 de
1199 143 1424 187 aequalitate
1443 145 1560 188 apost.
1580 143 1724 176 satisfit.

319 266 550 314 Speeiniinis
573 266 698 315 gratia
721 266 904 303 audiatur
926 266 1160 317 ωε
1186 265 1418 314 hispalensis
1439 264 1490 317 ι’);
1516 291 1532 308 »
1544 265 1654 309 Quod
1669 278 1760 303 vero
1775 265 1821 302 de
1835 265 1939 315 pari-

203 327 309 362 litate
334 326 466 371 agitur
501 325 778 374 apostolorum,
813 326 952 362 Petrus
983 325 1223 373 praeeminet.
1255 324 1405 368 ceteris,
1439 324 1533 372 quia
1567 337 1587 360 a
1612 324 1774 361 Domino
1805 324 1940 362 audire

201 384 365 421 moi-uit:
409 385 461 421 Tu
500 381 688 421 vocaberis
712 384 867 432 cephas,
892 389 931 420 Ιιι
953 397 990 420 es
1014 384 1147 420 Petrus
1169 386 1253 428 etc„
1278 387 1317 419 et
1340 395 1417 419 non
1439 383 1487 419 ab
1510 383 1585 420 alio
1618 383 1760 431 aliquo,
1794 384 1860 420 sed
1892 384 1940 421 ab

202 445 283 491 ipso
306 444 375 480 Dei
399 447 436 480 et
462 443 640 492 Virginis
663 443 760 480 Filio
783 443 967 480 honorem
991 443 1241 491 pontificatus
1266 442 1306 479 in
1330 441 1473 479 Christi
1498 442 1669 479 Ecclesia
1690 442 1840 490 primus
1856 455 1939 479 sus-

198 503 312 552 ‹·epit.
356 503 423 539 Cui
457 503 571 539 etiam
607 507 690 550 post
723 502 1047 540 resurrectionem
1070 501 1158 538 Filii
1183 501 1250 538 Dei
1283 501 1330 538 ab
1361 501 1494 537 eodem
1528 501 1676 538 dictum
1710 503 1790 538 cst:
1825 501 1942 538 Pasce

200 575 317 610 tzynos
342 574 452 607 meus,
489 572 678 610 agnorum
703 562 857 597 nomin«¹
881 561 1128 597 ecclesiarum
1161 561 1353 608 praelatos
1387 562 1539 597 notans.
1584 560 1702 608 Cujus
1734 560 1942 608 potestatis

198 621 385 671 dignitas,
410 621 483 657 etsi
506 620 552 657 ad
577 633 708 656 omnes
731 620 1008 657 catholicorum
1033 619 1233 667 episcopos
1259 622 1319 656 est
1341 619 1555 663 transfusa,
1579 619 1786 667 specialius
1811 621 1942 656 tamen

200 692 358 717 romano
394 680 562 717 antistiti
596 679 785 727 singulari
818 679 987 726 quodam
1018 678 1235 727 privilegio,
1272 679 1383 715 velut
1417 678 1546 726 capiti,
1584 678 1722 715 ceteris
1757 678 1942 715 membris

199 739 338 776 celsior
360 742 563 787 permanet
586 738 624 774 in
647 742 860 774 aeternum.
905 737 978 781 Qui
1004 737 1129 786 igitur
1151 737 1321 774 debitam
1358 737 1392 774 ei
1424 749 1502 774 non
1533 737 1691 774 exhibet
1712 739 1941 774 reverenter

200 799 475 835 obedientiam.
508 811 529 834 a
552 798 677 845 capite
701 797 900 844 sejunctus
923 796 1192 844 acephalorum
1227 796 1422 833 schismati
1454 808 1492 833 se
1525 795 1656 833 reddit
1686 796 1939 833 obnoxium<

323 894 462 940 Quare
486 902 527 932 e.
552 888 891 929 concludendum
914 892 989 935 est,
1022 887 1322 940 aequalitatem
1357 888 1465 928 inter
1487 887 1705 939 apostolos
1727 899 1814 928 non
1836 898 1942 944 esse,

204 962 238 1001 si
264 960 433 1001 Petrum
455 965 632 1012 spectes.
656 960 780 1011 plane
803 959 1100 1011 adaequatam,
1123 958 1198 999 sed
1226 958 1614 1011 indaequatam
1646 962 1688 999 et
1709 957 1943 999 secundum

208 1032 318 1084 quid.
354 1031 564 1083 Aequales
588 1031 673 1071 scil.
697 1036 819 1071 erant
841 1030 981 1083 quoad
1006 1030 1361 1082 apostolatus
1383 1029 1497 1070 velut
1518 1029 1812 1078 substantiam,
1836 1041 1941 1082 qua-

184 1129 186 1131 >
205 1110 327 1143 tenus
350 1103 417 1143 liic
439 1101 613 1142 includit
648 1101 937 1142 immediatam
974 1113 999 1141 a
1034 1099 1198 1141 Christo
1234 1101 1492 1141 missionem.
1529 1099 1864 1142 infallibilitatem
1900 1100 1943 1140 in

200 1173 407 1214 docendo.
432 1172 599 1225 plenam
619 1172 954 1223 jurisdictionem
980 1175 1021 1212 et
1043 1166 1298 1223 potestatem
1330 1170 1625 1223 promulgandi
1646 1171 1803 1224 ubique
1825 1170 1942 1212 loco-

201 1258 293 1285 rum
316 1244 599 1297 Evangelium.
624 1243 827 1284 fundandi
849 1248 891 1284 et
912 1243 1237 1284 administrandi
1269 1242 1471 1284 ecclesias
1494 1247 1594 1292 etc.;
1628 1254 1725 1282 cum
1756 1242 1837 1283 hac
1869 1253 1942 1282 ae-

201 1317 408 1370 qualitate
430 1320 574 1356 tamen
597 1315 814 1367 multiplex
837 1320 929 1355 erat
947 1315 1096 1367 juncta
1118 1314 1410 1367 inaequalitas.

321 1403 438 1449 Quae
460 1400 505 1443 d.
530 1405 576 1440 ut
599 1399 781 1440 clariora
803 1399 1046 1448 reddantur,
1069 1403 1239 1439 notetur
1262 1417 1298 1442 α.
1321 1398 1508 1439 delectos
1531 1409 1557 1438 a
1579 1398 1745 1438 Christo
1760 1397 1941 1438 Domino

197 1469 419 1522 apostolos
442 1470 653 1522 duplicem
676 1470 926 1510 sustinuisse
949 1482 1177 1522 personam
1210 1469 1295 1510 scil.
1329 1468 1620 1521 apostolorum
1657 1473 1698 1510 et
1718 1469 1942 1521 episcopo-

199 1553 317 1591 rum3
352 1541 532 1593 ideoque
557 1545 589 1595 β.
613 1540 835 1582 facultates
857 1541 1262 1593 praerogativasque
1294 1539 1498 1592 apostolis
1521 1538 1701 1580 tributas
1723 1539 1765 1580 in
1788 1538 1943 1591 duplici

200 1613 437 1653 differentia
458 1612 517 1652 ita
539 1613 711 1660 versari,
745 1616 789 1652 ut
812 1612 920 1653 aliae
953 1612 1036 1652 sint
1067 1611 1331 1664 apostolatus
1363 1611 1561 1663 propriae
1593 1615 1634 1652 et
1664 1610 1822 1651 idcirco
1844 1621 1942 1650 cum

199 1682 493 1735 apostolorum
515 1687 653 1723 morte
677 1682 1019 1735 exstinguendae,
1052 1686 1098 1723 ut
1120 1695 1154 1722 v.
1178 1694 1234 1734 gr.
1258 1681 1506 1722 immediata
1529 1681 1685 1729 missio,
1717 1679 1942 1721 infallibili-

200 1754 298 1795 tatis
321 1757 362 1794 et
383 1753 671 1805 inspirationis
695 1754 921 1801 charisma,
944 1753 1206 1805 amplissima
1227 1753 1269 1793 in
1284 1757 1373 1793 toto
1390 1752 1493 1793 orbe
1508 1756 1698 1804 potestas
1713 1756 1811 1800 etc.;
1833 1750 1942 1792 aliae

203 1825 422 1866 facultates
444 1829 490 1864 ut
513 1823 766 1875 episcopalis
791 1823 895 1864 ordo
921 1835 1015 1864 cum
1041 1822 1360 1864 successoribus
1384 1823 1595 1875 episcopis
1622 1822 1943 1863 communican-

199 1897 303 1939 dae:
325 1896 367 1936 in
381 1894 505 1936 Petro
529 1906 630 1935 vero
653 1913 686 1948 γ.
710 1899 880 1946 praeter
894 1894 1140 1946 dignitatem
1157 1893 1442 1946 episcopalem
1457 1898 1498 1934 et
1513 1893 1792 1945 apostolicam
1816 1892 1943 1934 fuisse

202 1970 456 2018 potestatem
489 1965 886 2018 primatialem,
921 1976 1030 2018 quae
1063 1965 1315 2006 consisteret
1358 1964 1400 2005 in
1431 1964 1689 2016 plenitudine
1720 1964 1942 2016 potestatis

200 2037 416 2089 issiascendi,
448 2036 619 2088 regendi
651 2049 701 2077 ac
733 2036 997 2087 gubernandi
1030 2035 1314 2077 universalem
1348 2035 1592 2083 Ecclesiam,
1625 2046 1652 2075 a
1684 2034 1943 2087 plenitudine

200 2107 421 2159 potestatis
444 2112 685 2148 ceterorum
701 2107 992 2159 apostolorum
1015 2107 1168 2159 triplici
1191 2107 1440 2147 charactere
1455 2105 1718 2146 distinctam:
1743 2106 1882 2158 primo
1899 2106 1943 2146 in

202 2178 325 2219 Petro
339 2178 424 2221 scil.
438 2189 489 2218 ea
511 2182 604 2218 erat
625 2190 649 2217 o
662 2189 683 2217 r
694 2177 782 2217 din
795 2189 820 2217 a
832 2189 852 2217 r
863 2177 875 2217 i
888 2189 913 2218 a
934 2178 958 2219 i.
973 2188 1007 2218 e.
1022 2176 1299 2229 propaganda
1313 2176 1355 2216 in
1371 2188 1472 2217 suos
1486 2186 1768 2225 successores,
1780 2176 1823 2216 in
1837 2187 1942 2228 apo-

200 2249 319 2289 stolis
343 2248 694 2297 extraordinaria,
717 2248 905 2289 desitura
928 2248 1013 2295 scil,
1046 2260 1141 2288 cum
1166 2259 1315 2288 eorum
1337 2251 1496 2294 morte3
1519 2246 1706 2287 secundo
1729 2245 1842 2288 Petri
1864 2259 1941 2299 po-

200 2324 332 2360 testas
355 2324 447 2360 erat
478 2320 731 2360 immunis
764 2318 818 2360 ab
841 2318 1021 2360 aliorum
1054 2318 1347 2371 apostolorum
1381 2318 1653 2365 auctoritate3
1688 2317 1818 2358 ceteri
1839 2328 1941 2358 vero

203 2391 383 2443 apostoli
405 2403 528 2431 suum
551 2403 704 2431 munus
727 2402 926 2431 exercere
949 2402 1036 2430 non
1060 2393 1258 2442 poterant
1279 2389 1369 2429 sine
1392 2392 1590 2441 respectu
1605 2388 1658 2428 ad
1673 2387 1859 2437 Petrum,
1873 2399 1941 2429 se-

196 2462 332 2513 juncti
366 2473 391 2500 a
425 2460 563 2509 Petro,
599 2472 783 2514 suasque
818 2461 1021 2502 eeclesias
1055 2459 1181 2501 Petro
1213 2459 1492 2501 subordinare
1527 2458 1752 2507 debebant,
1794 2463 1941 2511 utpote

201 2532 373 2572 unitatis
387 2536 532 2572 centro
550 2536 588 2572 et
605 2532 826 2583 origini,ut
848 2532 974 2572 docet
996 2528 1228 2584 Optatus
1249 2530 1348 2580 11,2,
1373 2530 1492 2583 cujus
1517 2529 1647 2571 verba
1670 2542 1800 2582 supra
1822 2529 1940 2570 dedi-

202 2615 296 2643 mus
307 2614 398 2655 pag.
412 2605 508 2646 346.
525 2602 793 2655 Quapropter
809 2603 933 2644 tertio
946 2602 1059 2643 Petri
1071 2606 1261 2655 potestas
1280 2606 1320 2642 et
1338 2613 1441 2642 cura
1453 2613 1498 2642 se
1510 2601 1564 2642 ad
1575 2601 1761 2653 reliquos
1771 2612 1940 2653 quoque

203 2672 456 2714 extendebet
478 2674 715 2724 apostolos:
739 2675 869 2714 ceteri
890 2685 991 2714 vero
1017 2673 1198 2726 apostoli
1220 2674 1262 2713 in
1276 2684 1322 2713 se
1337 2672 1518 2713 invicem
1540 2671 1700 2712 nullam
1722 2670 1941 2712 habebant

200 2743 512 2786 auctoritatem.
535 2742 811 2796 &Episcopos
835 2757 922 2785 non
940 2756 1033 2785 esse
1047 2744 1339 2797 apostolorum
1358 2744 1402 2783 in
1423 2754 1486 2795 ap
1499 2755 1524 2783 o
1537 2747 1620 2783 sto
1633 2742 1645 2782 l
1658 2747 1748 2783 atu
1769 2753 1940 2783 succes-

201 2825 333 2863 sores,
346 2813 421 2854 sed
434 2818 598 2854 tantum
614 2815 656 2854 in
671 2826 693 2855 e
705 2827 731 2866 p
744 2815 786 2855 is
799 2827 821 2855 c
833 2827 857 2855 o
871 2828 895 2867 p
909 2828 930 2854 a
946 2820 1011 2864 tu,
1033 2815 1306 2855 nihilominus
1320 2818 1465 2855 tamen
1479 2813 1638 2865 pollere
1651 2804 1741 2853 veri
1755 2812 1938 2853 nominis

201 2885 378 2937 imperio
401 2884 542 2925 divina
565 2885 831 2926 ordinatione
854 2898 929 2938 per
950 2884 1192 2937 pontificem
1214 2897 1441 2926 romanum
1456 2888 1646 2936 accepto,
1661 2887 1708 2924 ut
1720 2883 1938 2924 dioeceses

202 2967 302 2996 suas
333 2960 552 3008 tamquam
586 2956 779 3007 proprias
810 2960 956 3007 regant
978 2955 1068 2996 Act.
1093 2959 1160 3005 20,
1184 2959 1260 3004 283
1291 2974 1320 2999 ε.
1353 2955 1575 3007 episcopos
1605 2965 1693 2994 non
1722 2965 1774 2994 eo
1806 2965 1935 2994 sensu

350 3109 371 3139 ¹4
390 3107 455 3151 Ep.
474 3109 507 3149 8,
525 3118 618 3151 quae
636 3109 760 3140 tamen
780 3107 947 3141 nonnihil
967 3108 1078 3142 dubia
1097 3109 1161 3148 est,
1181 3120 1214 3142 n.
1234 3112 1265 3143 2.
