2175 3382
225 124 312 165 450
621 120 740 154 Tract.
762 119 820 153 111.
841 119 885 154 de
905 120 1078 165 primatu.
1098 120 1267 165 Excepti<
1278 121 1387 156 nibus
1405 122 1550 157 satisfit.

227 254 268 278 se
291 240 481 289 prodiisse
504 241 740 288 ostenderet,
769 243 873 290 quod
908 242 1020 292 prius
1052 256 1073 280 a
1104 244 1230 292 prima
1261 243 1434 281 omnium
1461 244 1550 282 sede
1582 245 1804 291 formatum,
1836 246 1961 284 totius

226 300 430 337 christiani
453 300 556 337 orbis
574 301 768 350 judicium
790 302 1018 350 recepisset:
1054 308 1100 339 ut
1121 302 1162 339 111
1184 302 1256 339 hoc
1277 315 1432 351 quoque
1455 303 1575 352 capiti
1598 305 1770 342 membra
1801 317 1959 344 concor-

225 359 329 397 dent..
372 359 417 396 In
440 372 516 407 quo
540 360 705 408 amplior
725 360 840 398 nobis
863 362 1047 398 accrescit
1069 361 1264 410 gaudendi
1299 362 1474 406 materia,
1508 362 1601 400 dum
1623 366 1734 401 tanto
1766 364 1890 414 magis
1922 376 1963 402 se

226 418 392 467 perculit
414 418 609 462 inimicus,
634 422 781 467 quanto
803 422 939 457 contra
961 420 1105 457 Christi
1128 420 1330 458 ministros
1351 421 1506 458 saevius
1528 422 1752 459 insurrexit.
1794 423 1894 460 Nam
1915 435 1964 460 ne

225 477 390 514 aliarum
425 478 578 515 sedium
610 478 658 515 ad
692 491 790 523 eam,
826 491 943 526 quam
978 479 1117 516 ceteris
1140 479 1314 516 omnium
1337 479 1528 517 Dominus
1553 481 1697 518 statuit
1729 482 1962 531 praesidere,

225 548 433 574 consensus
455 538 669 575 assentatio
697 537 906 583 videretur,
944 541 1014 575 aut
1048 538 1124 575 alia
1155 538 1356 586 quaelibet
1390 539 1600 588 subrepere
1633 543 1770 589 posset
1801 540 1964 579 adversa

224 595 403 644 suspicio,
439 595 590 633 inventi
613 597 722 645 prius
754 599 846 633 sunt
866 595 909 649 ¹),
942 597 1010 645 qui
1041 597 1088 634 de
1114 597 1279 646 judiciis
1310 598 1454 635 nostris
1487 598 1744 648 ambigerent.
1787 600 1838 637 Et
1868 599 1963 638 dum

224 654 406 692 nonnulli
428 668 449 691 a
471 655 721 693 dissensionis
752 655 908 692 incitati
942 659 1097 694 auctore
1129 656 1175 693 ad
1209 657 1564 694 contradictionum
1598 658 1702 696 bella
1734 659 1962 708 prosiliunt,

224 712 270 750 ad
293 714 418 762 majus
441 714 587 752 bonum
611 715 711 752 malo
734 715 832 763 ejus,
868 717 1024 752 auctore
1056 715 1180 752 totius
1210 715 1401 753 bonitatis
1434 716 1696 765 dispensante,
1728 720 1964 766 perventum

223 775 292 809 est.
335 773 498 810 Dulcius
523 773 715 822 siquidem
738 786 900 811 munera
931 775 1080 824 gratiae
1112 774 1267 812 divinae
1299 775 1550 822 proveniunt,
1583 776 1736 825 quoties
1767 789 1847 814 non
1880 777 1964 814 sine

223 831 376 881 magnis
399 832 609 870 sudoribus
633 832 909 881 acquiruntur:
943 836 982 871 et
1003 833 1135 870 minus
1167 833 1314 871 bonum
1346 834 1469 871 videri
1500 835 1599 872 solet
1629 848 1703 885 pax
1735 836 1966 873 continuata

222 903 293 938 per
313 891 450 937 otium,
473 904 590 940 quam
612 891 766 928 reddita
786 904 855 940 per
876 892 1039 930 labores.
1081 893 1169 941 Ipsa
1190 905 1346 942 quoque
1369 894 1512 931 veritas
1534 897 1574 932 et
1587 895 1731 932 clarius
1745 894 1961 941 renitescit,

223 951 262 986 et
284 949 424 987 fortius
447 951 652 996 retinetur,
686 951 780 988 dum
812 964 911 999 quae
941 951 1036 989 fides
1065 952 1177 1000 prius
1210 952 1403 998 docuerat,
1436 952 1530 990 haec
1562 957 1699 1002 postea
1730 954 1964 992 examinatio

222 1009 464 1046 confirmarit
480 1007 525 1061 2).
567 1010 738 1047 Multum
762 1010 931 1059 denique
955 1011 1205 1048 sacerdotalis
1241 1011 1360 1048 officii
1389 1012 1576 1049 meritum
1610 1013 1860 1062 splendescit,
1893 1013 1964 1051 ubi

221 1110 392 1145 firmatio.
427 1110 505 1145 Hoc
523 1113 576 1145 est
593 1112 684 1146 adeo
702 1121 839 1151 verum,
867 1115 909 1146 ut
924 1112 996 1156 ipsi
1014 1115 1137 1157 patres
1165 1113 1471 1148 chalcedonenses
1498 1125 1541 1148 ac
1569 1115 1655 1148 dein
1672 1115 1880 1149 Marcianus
1897 1116 1964 1149 im-

222 1167 372 1209 perator
389 1164 688 1199 chalcedonensis
706 1166 931 1200 definitionis
950 1166 1266 1200 confirmationem
1294 1178 1316 1201 a
1342 1167 1514 1211 pontifice
1532 1168 1719 1213 petierint,
1747 1179 1793 1202 ne
1811 1168 1966 1203 dubium

222 1217 432 1259 haberetur,
452 1218 552 1262 quod
569 1219 609 1253 in
626 1219 782 1253 concilio
800 1220 922 1253 fuerat
940 1219 1134 1253 delinitum
1152 1220 1213 1265 (cf.
1232 1233 1267 1254 n.
1286 1223 1397 1263 4053),
1425 1232 1498 1264 quo
1520 1220 1674 1265 professi
1700 1222 1796 1263 sunt,
1819 1221 1967 1256 concilii

215 1271 360 1315 judicia
378 1273 421 1305 ut
438 1272 722 1306 irretractabilia
740 1272 824 1314 sint,
844 1272 1030 1317 pontificis
1049 1273 1215 1318 indigere
1235 1273 1532 1313 confirmatione;
1563 1275 1600 1308 et
1627 1275 1694 1308 An
1706 1278 1785 1308 ato
1797 1274 1809 1309 1
1823 1274 1899 1317 ius
1925 1275 1965 1309 in

220 1335 286 1358 sua
305 1324 350 1358 ad
369 1323 527 1358 Leonem
547 1336 603 1370 ep.
627 1328 690 1360 101
709 1326 753 1360 de
771 1327 887 1370 gestis
904 1325 943 1359 in
963 1325 1118 1359 concilio
1137 1339 1171 1360 11.
1192 1329 1213 1361 3
1230 1328 1389 1361 fatetur:
1410 1352 1422 1366 ,
1434 1327 1535 1371 Opus
1559 1330 1639 1362 erat
1653 1354 1660 1361 .
1677 1354 1684 1361 .
1700 1354 1708 1362 .
1727 1329 1770 1362 ut
1786 1328 1826 1362 in
1842 1329 1965 1363 rectae

220 1376 305 1411 fidei
323 1378 466 1412 vestrae
484 1389 632 1412 sensum
651 1378 816 1412 omnium
837 1379 1048 1413 conveniret
1066 1379 1351 1425 intelligentia(
1389 1379 1441 1415 Cf.
1471 1381 1500 1414 B
1513 1380 1578 1414 all
1593 1379 1697 1414 erin
1709 1380 1745 1414 ii
1772 1379 1812 1414 in
1829 1380 1865 1415 h.
1884 1380 1908 1414 1.
1928 1382 1967 1416 et

221 1432 358 1472 annot,
388 1443 500 1475 quam
528 1432 707 1477 epistolae
735 1434 780 1466 ad
798 1432 1017 1466 Flavianum
1038 1433 1295 1477 praemisimus
1324 1444 1448 1479 opusc.
1468 1434 1579 1475 XXV,
1600 1437 1666 1469 165
1685 1435 1722 1467 et
1739 1436 1864 1468 annot.
1883 1445 1965 1479 pro-

220 1484 358 1519 ximam
377 1488 461 1530 post
479 1488 703 1530 sequentem.

367 1540 668 1585 ¹)Inventipr1'us
685 1546 778 1586 sunt,
806 1541 1007 1585 illyriciani
1035 1541 1112 1575 scil.
1142 1544 1179 1576 et
1205 1542 1414 1586 palaestini,
1442 1542 1530 1575 dum
1558 1542 1740 1586 legeretur
1767 1552 1822 1586 ep.
1843 1545 1888 1576 28
1918 1541 1965 1576 ad

220 1591 438 1627 Flavianum
457 1595 525 1627 act.
546 1597 576 1632 2,
597 1594 871 1628 dubitationem
898 1594 1018 1628 tribus
1045 1595 1083 1628 in
1112 1595 1200 1628 locis
1228 1595 1473 1639 protulerunt,
1502 1607 1614 1639 quam
1633 1596 1759 1629 statim
1778 1595 1909 1629 Aetius
1927 1597 1966 1629 et

219 1646 472 1680 Theodoretus
491 1647 686 1682 excludere
704 1648 777 1682 nisi
796 1649 892 1682 sunt.
927 1647 1129 1692 Illyriciani
1156 1658 1252 1689 vero,
1279 1648 1413 1692 quibus
1444 1649 1566 1683 adhuc
1585 1647 1756 1683 nonnihil
1774 1649 1963 1693 ambigen-

218 1699 319 1733 tibus
333 1710 374 1733 30
389 1700 557 1734 inducias
568 1702 782 1745 petentibus
801 1701 964 1745 quinque
984 1701 1062 1735 dies
1081 1703 1242 1737 concessi
1261 1702 1422 1743 fuerunt,
1441 1702 1611 1743 didicere,
1633 1712 1727 1745 quae
1745 1702 1792 1736 ob
1815 1701 1964 1736 diversi-

218 1753 334 1786 tatem
353 1753 504 1798 linguae
522 1754 562 1787 in
580 1753 712 1788 Leonis
731 1755 887 1799 epistola
916 1766 989 1789 non
1019 1756 1116 1789 recte
1133 1755 1415 1790 intellexerant:
1440 1757 1477 1789 et
1505 1755 1676 1789 similiter
1695 1754 1904 1799 palaestini,
1923 1756 1965 1788 ut

218 1805 379 1840 traditur
396 1807 466 1840 301,
484 1811 515 1841 4.

365 1859 615 1902 2)Fa11untu1·‚
635 1861 760 1904 quiex
779 1861 836 1895 his
852 1862 974 1895 verbis
1003 1861 1196 1906 colligunt,
1224 1862 1381 1896 Leonem
1409 1864 1559 1906 putasse
1589 1861 1769 1906 episcopis
1797 1861 1836 1894 in
1863 1871 1962 1895 conc.

219 1912 500 1947 chalcedonensi
518 1914 675 1948 liberum
694 1916 732 1948 et
748 1914 891 1948 licitum
911 1914 1036 1957 fuisse,
1064 1927 1169 1949 suam
1197 1915 1450 1949 definitionem
1476 1915 1515 1948 in
1535 1926 1591 1960 ep.
1611 1918 1656 1949 28
1674 1915 1720 1948 ad
1747 1913 1964 1948 Flavianum

220 1966 428 2010 expositam
446 1968 500 2001 ita
519 1968 681 2001 examini
699 1968 890 2012 subjicere,
910 1970 950 2002 ut
967 1969 1176 2013 potuissent
1203 1968 1249 2002 ab
1277 1980 1321 2003 ea
1339 1969 1532 2003 dissentire
1551 1972 1588 2003 et
1611 1968 1791 2014 judicium
1820 1969 1852 2002 01
1881 1979 1963 2003 0011-

218 2020 376 2054 trarium
394 2022 648 2065 pronunciare.
668 2022 708 2056 ld
726 2034 916 2066 nunquam
945 2035 970 2056 3.
1000 2023 1090 2057 Leo
1118 2023 1356 2066 permisisset,
1384 2022 1449 2067 qui
1476 2023 1521 2056 ad
1550 2023 1783 2057 Pulcheriam
1808 2022 1963 2067 impera,⁴

218 2074 349 2108 tricem
368 2085 424 2119 ep.
444 2077 487 2108 95
508 2086 537 2108 0.
561 2079 575 2109 1
596 2075 760 2109 scribens
779 2076 950 2116 declarat,
980 2087 1016 2109 se
1035 2076 1177 2120 legatos
1195 2077 1349 2114 misisse,
1380 2077 1499 2115 „dat-is
1517 2076 1629 2110 ctiam
1649 2076 1696 2109 ad
1714 2075 1964 2109 venerabilem

219 2128 402 2170 synodum
422 2128 711 2173 congruentibus
730 2129 890 2174 scriptis,
909 2130 1044 2173 quibus
1062 2129 1277 2163 fraternitas
1297 2129 1475 2163 advocata
1494 2130 1740 2174 cognosceret.
1757 2140 1864 2173 quam
1889 2130 1964 2172 for·

219 2193 316 2215 mam
332 2193 473 2215 servare
491 2184 529 2222 iu
546 2184 612 2216 hac
629 2183 880 2225 dijudicatione
898 2185 1052 2217 deberet:
1069 2193 1115 2216 ne
1133 2182 1211 2216 ulla
1228 2182 1420 2216 temeritas
1439 2184 1505 2217 aut
1521 2182 1608 2217 fidei
1625 2182 1764 2227 regulis
1779 2184 1845 2216 aut
1858 2192 1963 2216 cano-

222 2246 311 2268 num
332 2235 484 2269 statutis
499 2237 564 2269 aut
578 2236 824 2281 benignitatis
835 2235 1007 2270 remediis
1019 2236 1217 2270 obviaret.‹
1240 2235 1346 2277 Quod
1365 2235 1478 2269 etiam
1496 2237 1726 2281 agnoverunt
1739 2236 1866 2280 patres
1880 2245 1962 2268 con-

221 2288 308 2327 cilii,
327 2287 424 2321 unde
444 2288 492 2327 ,C
505 2299 523 2322 e
535 2300 612 2323 cro
625 2289 734 2333 pius
760 2290 1079 2323 reverentissimus
1103 2289 1294 2333 episcopus
1315 2289 1655 2333 sebastopolitanus
1670 2288 1780 2323 dixit:
1800 2288 1962 2322 Emerse-

224 2347 312 2375 runt
331 2352 426 2385 quae
444 2342 490 2376 ad
507 2342 702 2387 Eutychen
728 2343 976 2388 pertinebant,
1008 2344 1045 2377 et
1061 2353 1171 2386 super
1187 2342 1232 2375 iis
1259 2342 1302 2375 fo
1315 2355 1332 2376 r
1344 2354 1378 2375 m
1392 2353 1413 2375 a
1439 2343 1526 2376 data
1545 2346 1600 2377 est
1618 2353 1640 2376 a
1657 2341 1889 2376 sanctissimo
1909 2353 1962 2375 ar-

222 2395 457 2439 chiepiscopo
476 2407 649 2431 romanae
668 2397 779 2437 urbis,
798 2398 836 2431 et
853 2396 1043 2440 sequimur
1062 2406 1145 2429 eum
1164 2397 1201 2430 et
1219 2396 1398 2440 epistolae
1417 2406 1543 2430 omnes
1569 2395 1860 2440 subscripsimus,
1894 2393 1962 2429 Re-

220 2448 466 2482 verentissimi
479 2449 640 2494 episcopi
653 2451 926 2484 clamaverunt:
943 2450 1032 2491 ‚Ista
1043 2458 1167 2483 omnes
1178 2450 1348 2484 dicimus:
1369 2450 1560 2484 sufficiunt
1574 2460 1668 2493 quae
1679 2449 1849 2494 exposita
1865 2449 1962 2489 sunt,

223 2500 381 2535 alteram
400 2502 666 2546 expositionem
691 2514 764 2537 non
782 2504 869 2537 licet
886 2503 976 2537 fieri‘
995 2502 1148 2543 (Hard.
1168 2502 1211 2543 ΙΙ,
1233 2505 1348 2547 286).<
1384 2502 1573 2548 Ejusmodi
1601 2513 1688 2547 ergo
1715 2512 1867 2536 examen
1884 2512 1963 2545 per-

221 2554 323 2588 misit
341 2566 367 2595 s.
389 2554 415 2586 L
428 2565 446 2588 e
459 2566 489 2594 o,
509 2555 618 2598 quale
637 2557 833 2601 theologus
851 2557 945 2590 circa
963 2555 1199 2591 revelationis
1219 2556 1395 2601 dogmata
1413 2557 1459 2591 ad
1477 2567 1518 2590 ea
1546 2556 1805 2596 confirmanda,
1824 2554 1881 2588 vel
1899 2565 1961 2599 po-

219 2607 352 2641 sterius
372 2608 569 2641 concilium
589 2610 633 2643 de
652 2609 905 2653 praecedentis
924 2608 1055 2653 synodi
1073 2610 1327 2643 oecumenicae
1354 2610 1508 2643 decretis
1535 2609 1728 2643 instituere
1754 2608 1895 2652 potest:
1925 2610 1970 2647 et,

218 2660 292 2693 tale
311 2670 464 2693 examen
484 2661 651 2704 pontifex
671 2662 799 2695 laudat
816 2662 875 2695 hic
892 2662 1037 2696 reddita
1054 2662 1243 2706 praeclara
1260 2663 1422 2700 ratione:
1441 2663 1518 2696 tale
1533 2672 1687 2696 examen
1698 2660 1863 2694 instituit
1878 2670 1960 2694 con-

219 2712 346 2746 cilium
368 2712 666 2748 chalcedonense.
701 2713 779 2755 Quo
798 2715 910 2748 etiam
929 2725 1035 2748 sensu
1055 2726 1306 2753 ‚summorum
1324 2718 1490 2749 servatur
1509 2714 1722 2753 auctoritas,
1742 2716 1785 2746 ut
1802 2724 1877 2747 non
1894 2713 1960 2746 im-

219 2766 411 2799 minuatur
428 2765 642 2800 inferiorum
661 2767 846 2805 libertas.³
867 2767 905 2802 si
924 2778 1007 2802 vero
1026 2768 1246 2802 inferiorum
1260 2769 1412 2802 libertas
1428 2768 1600 2813 exigeret,
1618 2767 1660 2800 ut
1673 2767 1840 2800 examine
1853 2766 1959 2799 insti-

220 2820 303 2852 tuto
322 2819 477 2863 possent
505 2823 541 2852 et
567 2820 719 2854 definita
745 2821 953 2866 reprobare,
982 2831 1058 2855 non
1080 2821 1239 2865 amplius
1266 2827 1470 2856 servaretur
1496 2830 1722 2855 summorum
1748 2820 1959 2853 auctoritas.

220 2872 315 2906 Hinc
334 2871 429 2906 sicut
447 2873 692 2918 dependentia
706 2874 874 2918 judicum
892 2875 1110 2910 inferiorum
1128 2885 1150 2908 a
1167 2885 1253 2919 rege
1267 2876 1498 2920 approbante
1515 2875 1570 2908 vel
1586 2873 1816 2907 rescindente
1834 2883 1960 2907 eorum

219 2926 407 2971 judicium
424 2930 487 2960 aut
506 2937 527 2960 a
545 2927 699 2972 legibus,
718 2939 808 2971 quas
828 2931 928 2973 sequi
950 2930 1095 2969 debent,
1127 2939 1201 2962 non
1218 2928 1375 2973 impedit
1395 2927 1587 2973 judicandi
1613 2927 1689 2961 sive
1700 2926 1763 2971 jus
1781 2927 1856 2960 sive
1879 2937 1959 2961 auc-

218 2980 412 3014 toritatem
426 2994 432 3014 :
451 2980 506 3014 ita
522 2992 642 3025 neque
661 2983 899 3017 conciliorum
913 2983 1215 3027 praecedentium
1229 2993 1349 3026 neque
1362 2982 1580 3027 pontificum
1594 2979 1845 3015 infallibilitas
1859 2980 1961 3014 tollit

218 3034 277 3068 vel
295 3033 433 3068 minuit
450 3035 706 3079 episcoporum
720 3036 873 3070 docendi
886 3036 1155 3080 judicandique
1183 3037 1259 3070 sive
1280 3036 1341 3081 jus
1368 3036 1444 3070 sive
1472 3035 1744 3069 auctoritatem.
1779 3033 1830 3068 Cf.
1851 3033 1878 3068 O
1891 3035 1960 3069 rsi

218 3087 262 3120 de
280 3086 545 3122 irreformabili
563 3099 652 3123 rom.
670 3089 858 3132 pontificis
870 3090 1013 3134 judicio
1032 3091 1057 3124 t.
1080 3092 1096 3122 1
1116 3100 1151 3133 p.
1174 3093 1190 3123 1
1211 3100 1262 3123 00.
1285 3094 1334 3125 15.
1357 3091 1418 3129 17;
1437 3101 1472 3133 p.
1493 3092 1512 3122 2
1532 3099 1561 3123 c.
1581 3091 1637 3123 37.
