2175 3382
254 166 309 203 ‹32›
599 158 719 191 'l'rzu-t.
743 158 764 191 l.
786 158 965 202 Apologia
988 159 1090 202 relig.
1111 158 1234 192 vhrist.
1253 159 1378 193 'rhesis
1399 159 1475 192 XII.
1495 159 1637 193 Vei-ita..-

257 277 320 316 vel
354 276 561 318 t'ulsum.
606 274 649 316 Si
683 288 843 325 verum,
879 277 973 327 jure
1007 289 1106 328 ergo
1140 277 1283 317 lideles
1313 276 1457 318 ,lesum
1491 276 1701 318 Christum
1735 291 1829 319 cum
1863 278 1988 320 Petro

256 347 418 400 (Matth.
441 352 502 396 lo,
523 348 590 402 16)
606 346 756 388 Filium
774 347 846 388 Dei
870 348 1118 399 profitentur
1141 352 1266 400 atque
1290 348 1483 397 adorant,
1505 352 1632 400 atque
1654 349 1735 389 huc
1758 349 1838 391 lide
1860 350 1988 390 vitam

255 430 301 457 se
326 418 554 470 adepturos
577 424 749 470 sperant
771 424 990 459 aeternam
1015 418 1124 472 (Joh.
1148 423 1216 469 20,
1241 419 1326 474 31).
1369 418 1412 460 Si
1445 424 1586 461 autem
1610 424 1673 460 est
1695 419 1858 470 falsum,
1889 419 1987 461 illud

256 489 446 529 Christus
468 488 534 530 vel
549 489 750 541 deceptor
773 495 813 530 et
835 490 1018 530 sciens
1042 490 1225 542 protulit,
1247 490 1311 531 vel
1326 490 1528 542 deceptus
1551 495 1592 531 et
1614 490 1870 532 nesciens
1892 490 1990 543 quid

255 559 435 601 diceret:
459 560 571 613 quod
595 561 773 602 alterum
797 566 911 602 certe
935 573 1061 602 nemo
1086 560 1335 611 affirmabit;
1372 567 1620 614 sequeretur
1642 562 1753 603 enim
1777 561 1989 602 Christum

257 631 384 672 luisse
406 631 530 683 plane
554 631 733 672 bardum
766 636 807 672 et
838 632 1118 684 insipientem,
1150 637 1191 673 et
1222 636 1366 674 tamen
1398 633 1593 674 docuisse
1625 633 1870 685 religionem
1893 643 1992 673 vere

255 702 479 743 sublimem
503 708 544 743 et
565 703 793 744 coelestem
810 717 864 756 tn.
880 707 964 758 68),
987 703 1182 745 docuisse
1200 704 1309 745 sicut
1331 704 1400 757 qui
1416 708 1670 756 potestatem
1687 704 1814 745 habet
1830 703 1990 760 (Matth.

261 776 295 820 ῖ,
320 775 403 825 29),
427 774 533 814 sicut
556 786 774 827 nunquam
797 774 963 815 locutus
988 779 1051 815 est
1073 775 1201 816 homo
1218 775 1296 830 (Ᾰο.
1314 779 1350 824 7,
1365 777 1450 831 46),
1475 774 1715 816 confudisse
1732 775 1991 827 pharisaeos

256 844 364 885 adeo
389 849 433 885 ut
455 857 541 885 non
564 845 770 886 auderent
802 846 837 885 ei
872 846 1131 898 respondere
1154 846 1331 887 verbum
1354 845 1515 899 (Matth.
1538 848 1607 893 522,
1628 847 1722 901 46):
1756 858 1864 898 quae
1896 857 1991 886 cum

260 919 380 955 tanta
403 916 643 967 insipientia
666 921 882 968 nequeunt
905 917 1133 957 conciliari.
1176 916 1296 968 Quod
1328 917 1361 957 si
1393 917 1664 969 deceptorem
1688 918 1771 969 egit
1793 922 1834 958 et
1855 917 1993 958 sciens

258 985 408 1026 salsum
424 986 596 1037 protulit
610 987 909 1036 testimonium,
933 988 1084 1029 merito
1108 1000 1133 1028 a
1155 1000 1372 1041 synagoga
1387 992 1547 1040 captus,
1570 988 1812 1038 damnatus,
1831 989 1872 1028 in
1896 1000 1993 1028 cru-

257 1068 351 1096 cem
386 1061 506 1097 actus
542 1056 636 1097 fuit:
672 1058 786 1110 quod
821 1059 885 1100 vel
920 1059 1105 1110 cogitare
1139 1059 1314 1111 impium
1350 1063 1432 1106 est;
1468 1059 1678 1100 immerito
1702 1058 1992 1100 rationalistae

258 1139 426 1179 quoque
450 1131 491 1168 et
512 1128 728 1178 increduli,
751 1130 944 1182 quamvis
959 1129 1170 1170 Christum
1185 1129 1317 1171 Deum
1333 1130 1492 1182 Deique
1506 1130 1691 1182 legatum
1712 1142 1806 1171 esse
1828 1134 1994 1182 negent,

260 1197 512 1247 concedunt,
544 1209 640 1240 eum
664 1198 790 1240 fuisse
814 1200 950 1241 virum
974 1201 1125 1241 saltem
1149 1200 1343 1253 probum,
1375 1205 1583 1250 sanctum,
1614 1200 1812 1241 divinitus
1842 1202 1886 1241 in
1915 1200 1993 1241 hu-

260 1269 374 1309 mani
397 1270 562 1321 generis
585 1269 808 1312 utilitatem
831 1272 1027 1321 excitum,
1059 1271 1186 1313 fuisse
1208 1271 1387 1324 judaeis,
1419 1271 1532 1324 quod
1555 1270 1754 1313 Socrates
1785 1272 1851 1312 vel
1874 1270 1993 1312 Plato

260 1340 384 1380 luerit
406 1341 570 1392 graecis
597 1346 687 1391 etc,
719 1354 815 1382 cum
849 1343 986 1384 nullus
1017 1343 1080 1383 vir
1112 1342 1282 1395 probus,
1316 1356 1411 1384 cum
1434 1342 1634 1384 Socrates
1657 1342 1723 1384 vel
1744 1341 1862 1382 Plato
1885 1354 1994 1383 nun-

259 1423 389 1463 quam
411 1411 494 1453 tale
518 1412 616 1464 quid
639 1413 690 1453 de
713 1425 758 1454 se
782 1413 994 1455 affirmare
1016 1415 1070 1455 sit
1091 1426 1231 1455 ausus
1275 1414 1415 1465 Quare
1438 1427 1534 1455 cum
1566 1428 1606 1457 a.
1630 1414 1770 1466 aliqua
1793 1412 1994 1454 revelatio

259 1482 312 1521 sit
335 1484 579 1523 necessaria
602 1484 657 1539 (n.
686 1484 767 1540 12),
792 1496 930 1537 neque
954 1485 1174 1537 probabile
1196 1486 1250 1526 sit
1270 1485 1404 1527 Deum
1428 1486 1665 1527 deseruisse
1688 1496 1820 1537 genus
1841 1484 1995 1524 huma-

261 1565 385 1603 num,
410 1566 504 1594 cum
528 1555 575 1597 b.
602 1567 627 1595 a
650 1556 828 1596 veritate
844 1556 967 1609 hujus
982 1557 1211 1598 testimonii
1233 1557 1416 1610 pendeat
1437 1558 1524 1598 vita
1546 1568 1749 1609 praesens
1772 1560 1813 1596 et
1834 1554 1994 1602 futura3

261 1636 358 1664 cum
382 1638 422 1668 c.
448 1637 574 1667 nemo
599 1638 730 1667 sanae
747 1627 992 1681 probaeque
1006 1629 1159 1669 mentis
1181 1629 1315 1681 possit
1335 1629 1401 1669 vel
1423 1628 1521 1669 velit
1543 1627 1766 1669 admittere
1788 1626 1996 1680 sequelas,

261 1706 368 1746 quas
390 1697 701 1746 recensuimus3
735 1710 832 1739 cum
865 1700 910 1742 (l.
946 1699 1090 1740 omnia
1122 1699 1323 1751 adjuncta
1349 1699 1544 1748 clament,
1575 1699 1864 1740 testimonium
1897 1697 1996 1739 illud

262 1778 348 1805 non
372 1778 465 1807 esse
487 1766 669 1809 fructum
693 1769 780 1810 sive
804 1768 962 1811 fraudis
985 1771 1073 1811 sive
1096 1770 1229 1811 fastus
1251 1771 1340 1811 sive
1362 1770 1626 1822 ignorantiae
1649 1770 1737 1811 sive
1759 1768 1912 1811 furoris
1933 1769 1996 1810 fa-

261 1836 412 1886 natici,·
435 1849 616 1891 cumque
640 1852 680 1882 e.
706 1839 918 1891 prolatum
940 1841 992 1881 sit
1010 1840 1064 1881 ab
1088 1853 1151 1889 eo,
1176 1841 1246 1893 qui
1260 1841 1493 1882 secundum
1511 1851 1660 1881 omnes
1674 1852 1806 1881 sanae
1821 1839 1998 1880 rationis

261 1906 373 1959 leges
407 1908 461 1948 ob
495 1910 694 1950 eximiam
727 1911 966 1964 miramque
998 1912 1123 1964 plane
1154 1913 1266 1953 vitae
1298 1913 1567 1953 sanctitatem
1601 1911 1656 1967 (n.
1680 1912 1753 1967 67)
1784 1921 1996 1951 summam

263 1983 397 2018 meret
428 1981 734 2031 reverentiam,
769 1983 919 2023 merito
958 1982 1232 2033 affirmamus,
1262 1983 1361 2024 illud
1392 1983 1493 2024 Jesu
1525 1981 1678 2023 Christi
1708 1981 1998 2022 testimonium

265 2049 369 2089 tanti
383 2061 476 2091 esse
493 2053 708 2101 momenti,
722 2057 768 2093 ut
783 2054 1018 2094 attentione
1033 2053 1205 2106 dignum
1219 2054 1283 2103 sit,
1305 2067 1389 2107 quo
1399 2055 1495 2107 jure
1509 2054 1660 2095 merito
1677 2056 1999 2094 commoveatur

261 2119 436 2171 quilibet
452 2123 639 2163 veritatis
654 2123 887 2177 salutisque
902 2125 1100 2177 propriae
1115 2130 1294 2174 amator,
1309 2125 1505 2178 quodque
1521 2126 1555 2166 si
1570 2125 1758 2166 nondum
1772 2124 1852 2176 ipsi
1865 2123 1999 2176 possit

262 2194 515 2244 extorquere
537 2192 663 2234 fidem
686 2194 740 2234 ol)
764 2194 888 2246 hujus
912 2199 1031 2236 actus
1054 2199 1319 2236 momentum
1343 2199 1385 2236 et
1405 2194 1704 2246 difficultatem,
1727 2207 1824 2237 eum
1847 2194 1998 2236 saltem

262 2260 489 2303 efficaciter
510 2263 724 2316 impellere
748 2264 902 2306 debeat
924 2265 978 2305 ad
1001 2265 1306 2317 diligentiorem
1328 2266 1517 2307 veritatis
1539 2266 1854 2319 inquisitionem
1873 2267 1917 2322 1).

383 2335 449 2376 56.
473 2333 721 2376 Testimonii
744 2337 808 2376 sui
830 2336 1054 2378 veritatem
1078 2336 1268 2377 Christus
1291 2336 1587 2389 comprobavit
1608 2337 1919 2386 miraculis,
1947 2336 1999 2377 de

263 2402 415 2454 quibus
437 2405 490 2445 sit

378 2487 547 2532 Thesis
568 2489 685 2533 XII.
745 2505 875 2546 Quod
901 2514 1008 2538 vero
1034 2505 1171 2539 Jesus
1197 2506 1346 2540 verbis
1372 2507 1427 2541 cle
1452 2515 1499 2539 se
1525 2509 1591 2540 est
1613 2506 1868 2547 professus,
1895 2513 2000 2547 ope-

267 2560 409 2601 ribus,
436 2571 552 2603 quae
579 2572 713 2596 ‘nemo
750 2564 876 2598 alius
905 2565 1018 2605 fecit
1053 2565 1207 2603 (Joan.
1234 2564 1306 2607 15,
1332 2565 1423 2607 24),
1457 2574 1539 2599 seu
1576 2565 1822 2599 miraculis
1848 2565 1999 2599 omnis

262 2621 447 2659 ueneris
473 2623 809 2663 comprobavit:
846 2624 961 2657 adeo
1001 2626 1051 2657 ut
1089 2624 1265 2658 coelum
1302 2627 1344 2658 et
1378 2628 1509 2658 terra
1544 2626 1596 2659 in
1621 2625 1720 2667 ejus
1745 2624 1998 2659 testimonii

262 2679 664 2719 confirmationem
692 2684 982 2724 conspirasse
1008 2684 1100 2717 (lici
1120 2684 1314 2725 possint.

387 2747 678 2793 Domai-atio.
721 2750 775 2791 Ut
797 2755 1093 2803 argumentum
1116 2763 1166 2814 ex
1190 2751 1344 2793 Christi
1366 2753 1579 2793 miraculis
1601 2753 1777 2805 petitum
1799 2751 1940 2792 valeat
1955 2750 2001 2806 2),

266 2821 468 2858 constare
493 2819 621 2860 debet
643 2820 694 2861 de
718 2833 868 2862 eorum
889 2822 1067 2863 veritate
1090 2823 1386 2873 historica,
1416 2823 1804 2876 philosophica
1835 2827 1885 2863 et
1915 2833 2000 2862 re-

413 2915 437 2953 1)
454 2910 506 2945 Cf.
520 2912 666 2956 egregie
681 2913 901 2949 disserentes
915 2915 947 2949 H
961 2926 979 2950 e
991 2917 1008 2950 t
1018 2916 1035 2948 t
1045 2916 1058 2948 i
1070 2928 1091 2949 n
1105 2929 1129 2961 g
1141 2927 1159 2950 e
1171 2928 1189 2950 1·
1208 2915 1301 2961 disp.
1315 2917 1378 2955 173
1398 2916 1677 2950 Storchenau
1694 2916 1866 2959 Zugaben
1880 2927 1924 2949 zu
1939 2915 2002 2948 der

265 2963 403 2997 Philos.
432 2964 497 2998 der
523 2965 695 3009 Religion
714 2967 740 2999 t.
762 2971 780 3000 ‘2
800 2971 846 3009 (9)
875 2967 947 3002 diss
981 2973 995 3002 1
1011 2982 1017 3006 ;
1048 2968 1081 3001 Η
1093 2969 1170 3002 ein
1182 2969 1287 3003 rich
1315 2968 1492 3009 Christus,
1519 2969 1579 3003 ein
1605 2968 1800 3003 Nachweis
1826 2980 1852 3002 s.
1880 2968 2000 3013 gesch.

266 3015 436 3050 Existenz
455 3019 534 3057 etc„
553 3019 674 3052 Mainz
696 3022 802 3058 1864:
822 3020 943 3064 dogm.
963 3020 1086 3055 Theol.
1105 3022 1132 3055 t.
1154 3024 1171 3055 1
1192 3022 1208 3058 ξ
1226 3023 1282 3058 49.

412 3074 436 3114 2)
454 3071 589 3105 Contra
605 3071 716 3116 hujus
733 3074 940 3117 argumenti
958 3074 1033 3107 vim
1051 3073 1079 3107 T
1090 3085 1108 3108 e
1118 3086 1136 3108 r
1147 3076 1163 3108 t
1175 3086 1197 3107 u
1209 3075 1222 3108 l
1234 3074 1247 3107 1
1259 3076 1269 3108 i
1281 3085 1303 3108 a
1314 3075 1360 3109 ni
1378 3075 1489 3108 verba
1506 3074 1644 3119 opponi
1661 3076 1817 3119 possunt
1831 3075 1866 3116 (l.
1882 3078 1904 3109 3
1918 3074 2000 3108 adv.

276 3125 380 3157 Marc.
402 3135 429 3158 c.
450 3126 504 3170 3).
543 3126 613 3163 ,At
632 3136 699 3170 ego
717 3126 871 3170 negabo,
893 3127 1008 3160 solam
1034 3128 1130 3161 hanc
1147 3127 1203 3161 illi
1222 3129 1379 3172 speeiem
1407 3133 1484 3172 (per
1501 3128 1721 3162 documenta
1738 3128 1920 3163 virtutum
1938 3139 2001 3165 seu
