2175 3382
237 156 321 196 452
647 147 763 180 'si-act.
787 146 845 180 111.
864 146 907 180 de
926 145 1097 190 primatu.
1118 144 1302 178 Honorius
1321 154 1362 178 ex
1382 143 1557 178 cathedra

354 282 392 312 ο.
417 267 651 320 Cyprianus
684 266 761 307 etsi
793 269 977 312 sanctus,
1011 265 1095 305 imo
1128 263 1420 304 sanctissimus
1443 261 1527 311 suit,
1554 262 1775 303 renitendo
1799 261 1972 304 decreto

235 355 264 384 s.
288 339 493 392 Stephani
523 337 706 390 graviter
739 337 780 377 in
812 336 892 377 fide
924 335 1090 380 erravit,
1124 346 1279 381 errore,
1316 346 1442 387 quem
1474 333 1589 375 bona
1617 333 1720 375 fides
1743 335 1972 376 excusavit.

236 413 376 463 Quare
400 410 522 451 sicuti
545 420 595 449 ex
620 408 709 461 ejus
732 407 973 449 resistentia
995 411 1145 447 contra
1167 405 1322 458 dogma
1344 405 1396 445 de
1418 405 1563 446 valore
1585 404 1784 457 baptismi
1799 404 1853 446 ab
1868 405 1972 447 hae-

239 483 376 524 reticis
400 480 541 522 collati
565 492 649 520 non
672 479 862 531 sequitur
893 477 1016 528 hujus
1050 476 1230 517 salsitas:
1264 476 1321 516 ita
1353 475 1518 517 etiamsi
1549 489 1582 516 s.
1604 475 1754 517 doctor
1788 476 1975 529 practice

237 565 311 594 seu
344 553 434 605 ipso
468 552 579 592 facto
611 550 777 591 romani
807 547 1014 601 pontificis
1046 551 1244 599 negasset
1278 546 1628 596 infallibilitatem,
1663 558 1750 588 non
1784 547 1976 600 sequitur

238 625 347 664 hanc
371 635 464 664 esse
486 621 772 675 rejiciendam.
797 619 1043 671 Exemplum
1067 617 1141 658 tibi
1164 618 1304 670 potius
1327 617 1391 666 sit,
1414 622 1618 670 quantum
1643 618 1735 670 quis
1758 621 1881 666 erret,
1904 617 1977 670 qui

239 695 429 736 renititur
451 693 632 735 decretis
654 690 864 744 pontilicis
885 689 1063 733 romani.

357 766 400 809 d.
424 764 583 805 Idcirco
608 762 958 814 Augustinus,
982 760 1052 813 qui
1077 760 1118 800 in
1133 759 1369 812 hypothesi,
1393 759 1505 812 quod
1520 757 1755 812 Cyprianus
1771 757 1976 812 Stephani

238 836 409 877 decreto
432 846 478 875 se
501 833 747 885 opposuerit
770 831 838 885 (de
862 843 944 884 quo
967 834 1111 871 tamen
1143 829 1337 885 dubitat),
1370 841 1466 870 eum
1499 841 1586 870 non
1617 828 1672 870 ab
1704 830 1821 870 omni
1852 829 1978 882 culpa

239 907 398 948 liberat.
421 904 586 946 concilii
609 904 817 945 defectum
842 902 894 943 ad
918 914 1015 943 eum
1039 901 1328 943 excusandum
1360 905 1491 952 urget,
1522 905 1635 954 quod
1668 905 1819 942 contra
1840 900 1977 942 dona-

240 980 358 1018 tistas
381 981 489 1029 agat,
514 976 595 1028 qui.
619 974 912 1016 controversia
939 974 1029 1026 jam
1061 973 1103 1013 in
1135 972 1314 1014 concilio
1348 972 1540 1025 plenario
1563 972 1798 1013 secundum
1820 985 1851 1015 S.
1875 971 1979 1013 doc-

241 1055 375 1089 torem
399 1047 642 1087 authentice
665 1046 867 1087 ventilata
900 1049 941 1085 et
972 1043 1154 1093 definita,
1186 1043 1408 1084 veritatem
1440 1043 1688 1096 impugnare
1723 1043 1977 1084 catholicam

239 1118 481 1172 pergebant,
514 1118 558 1158 in
593 1130 675 1170 quo
712 1120 825 1158 certe
862 1116 986 1157 venia
1022 1119 1063 1156 et
1096 1108 1370 1155 excusatione
1404 1126 1491 1155 non
1514 1118 1636 1155 erant
1657 1113 1780 1166 digni.
1823 1113 1980 1165 Quanti

241 1196 381 1231 autem
407 1189 552 1230 fecerit
573 1202 603 1232 S.
626 1188 963 1238 Augustinus
993 1185 1221 1226 cathedrae
1245 1185 1507 1237 apostolicae
1530 1184 1829 1233 definitionem,
1861 1188 1981 1237 patet

242 1275 291 1301 ex
315 1261 435 1302 dictis
458 1260 510 1300 de
533 1259 823 1300 controversia
846 1270 941 1298 cum
964 1256 1195 1309 pelagianis
1228 1263 1283 1311 (n.
1306 1256 1430 1312 421);
1463 1255 1614 1309 quibus
1647 1255 1755 1296 adde
1785 1254 1979 1308 praecla-

241 1346 332 1373 rum
354 1332 484 1385 ipsius
506 1330 558 1372 de
581 1330 749 1371 haeresi
772 1330 921 1370 ariana
943 1328 1120 1369 dictum:
1160 1326 1277 1378 „Non
1306 1327 1490 1368 crederis
1512 1338 1658 1368 veram
1681 1325 1806 1367 fidem
1832 1330 1979 1367 tenere

241 1403 487 1451 catholicae,
519 1413 629 1454 quae
660 1400 785 1441 fidem
816 1412 903 1440 non
935 1399 1063 1440 doces
1095 1410 1188 1439 esse
1222 1398 1479 1439 servandam
1509 1409 1735 1439 romanam
1771 1397 1833 1452 (in
1854 1409 1979 1438 serm.

250 1480 326 1518 120
348 1487 386 1514 n.
413 1477 466 1518 13
489 1473 552 1515 ed.
578 1484 604 1512 a
625 1471 726 1512 Mai
749 1472 790 1511 in
814 1469 910 1513 bibl.
933 1483 972 1511 n.
997 1468 1075 1510 PP.
1097 1469 1123 1517 I,
1147 1469 1286 1525 273).“

360 1561 457 1601 435.
481 1556 576 1597 Jam
609 1554 865 1596 accedamus
898 1552 951 1593 ad
983 1552 1327 1593 adversariorum
1358 1551 1563 1592 Achillem
1586 1551 1688 1608 (10),
1721 1552 1778 1592 ad
1800 1549 1984 1592 Honorii

245 1629 551 1670 damnationem
564 1628 606 1683 1),
638 1638 765 1678 quam
799 1625 998 1666 universa
1018 1622 1207 1663 Ecclesia
1237 1623 1401 1675 ipsique
1432 1622 1600 1663 romani
1621 1621 1842 1674 pontifices
1864 1633 1984 1663 rece-

245 1705 406 1752 perunt.
451 1698 559 1749 Quid
582 1697 633 1739 de
656 1698 737 1738 hac
760 1695 991 1737 tenendum
1013 1695 1077 1743 sit,
1100 1693 1155 1734 ad
1178 1693 1388 1746 quaedam
1411 1693 1552 1745 capita
1573 1691 1884 1736 revocabimus,

365 1772 407 1816 1.
431 1769 736 1811 Praetermissa
761 1767 1010 1820 quaestione
1032 1766 1120 1806 sive
1144 1765 1196 1805 de
1218 1765 1477 1817 genuinitate
1509 1764 1787 1817 epistolarum
1808 1763 1986 1805 Honorii

246 1841 301 1881 ad
324 1840 516 1894 Sergium
539 1841 627 1881 sive
650 1839 702 1880 de
725 1843 919 1880 actorum
942 1835 1108 1877 concilii
1131 1835 1195 1884 VL
1218 1836 1457 1887 integritate
1466 1840 1510 1887 2),
1532 1840 1712 1887 utraque
1737 1835 1865 1875 etiam
1881 1845 1986 1875 con—

247 1924 380 1962 cessa,
404 1911 640 1952 Honorium
664 1912 820 1951 malam
845 1924 894 1949 ex
916 1908 1112 1949 cathedra
1135 1907 1306 1948 edidisse
1328 1906 1619 1960 definitionem,
1643 1909 1812 1947 constat

391 2056 415 2093 ¹)
434 2052 661 2086 Admiranda
681 2054 735 2085 est
754 2051 882 2085 divina
899 2049 1143 2094 providentia,
1162 2058 1256 2091 quae
1276 2048 1333 2081 tot
1345 2047 1667 2092 seculorumlapsu
1681 2047 1735 2081 ita
1746 2046 1988 2090 apostolicam

248 2105 409 2149 protexit·
426 2105 559 2146 sedem,
576 2109 617 2139 ut
636 2105 722 2139 dum
741 2104 904 2147 reliquae
921 2103 1026 2136 sedes
1052 2101 1319 2147 patriarchales
1347 2100 1477 2135 misere
1505 2100 1632 2144 lapsae
1661 2101 1747 2134 sunt
1772 2101 1812 2133 in
1839 2109 1987 2141 errores,

249 2158 438 2198 haeresim,
457 2159 625 2198 schisma,
647 2168 801 2192 romana.
819 2156 921 2190 sedes
940 2155 1120 2199 impervia
1135 2154 1250 2188 fuerit
1269 2154 1368 2187 omni
1386 2153 1550 2188 haeresi:
1569 2153 1661 2187 adeo
1676 2154 1719 2187 ut
1732 2152 1930 2187 adversarii
1944 2162 1988 2186 ex

250 2214 307 2245 tot
323 2211 562 2256 pontificibus
580 2211 659 2244 vix
683 2222 707 2243 u
719 2211 766 2244 ni
785 2208 916 2244 erroris
934 2208 1117 2242 maculam
1135 2208 1281 2241 inurere
1295 2207 1448 2251 possint,
1467 2217 1487 2240 a
1505 2217 1578 2250 qua
1599 2208 1725 2240 tamen
1752 2208 1789 2240 et
1818 2205 1878 2239 hic
1902 2215 1988 2250 pro-

250 2265 480 2303 nunciandus
498 2266 554 2298 est
573 2265 677 2298 liber.
696 2263 859 2297 Dicimus
887 2262 965 2295 vix
992 2273 1014 2295 u
1027 2262 1086 2300 ni,
1114 2271 1232 2304 neque
1250 2261 1348 2294 enim
1366 2260 1415 2294 Li
1430 2260 1452 2294 b
1465 2260 1557 2295 erii
1584 2260 1709 2304 lapsus
1729 2259 1765 2295 1.
1783 2261 1840 2294 est
1857 2262 1989 2299 certus,

249 2320 322 2352 imo
341 2318 516 2352 confictus
534 2317 700 2355 videtur:
721 2315 820 2361 quod
839 2315 869 2348 si
887 2315 924 2350 2.
941 2314 1092 2358 probari
1109 2314 1242 2358 potest,
1261 2323 1336 2347 non
1354 2315 1409 2347 est
1428 2313 1474 2347 ad
1493 2322 1580 2353 rem,
1600 2313 1696 2346 esset
1709 2313 1808 2346 enim
1826 2311 1991 2345 defectus

250 2372 476 2405 constantiae
495 2370 682 2404 intuenda
696 2368 853 2403 formula
868 2369 1033 2408 nicaena,
1049 2367 1194 2402 silentio
1206 2366 1407 2412 premendo
1427 2377 1444 2399 c
1457 2377 1476 2401 o
1489 2377 1513 2399 n
1525 2377 1540 2399 s
1552 2378 1575 2399 u
1587 2366 1611 2399 b
1623 2377 1638 2399 s
1650 2367 1666 2399 t
1677 2376 1699 2399 a
1708 2377 1732 2398 n
1743 2365 1782 2399 ti
1793 2375 1816 2398 a
1825 2365 1839 2399 1
1849 2365 1862 2399 i
1873 2376 1889 2398 s
1907 2375 1990 2409 pro—

250 2426 461 2461 fessionem:
482 2435 566 2458 nam
585 2434 659 2458 non
678 2422 898 2467 subscripsit
915 2421 1110 2455 formulam
1129 2430 1171 2454 ex
1202 2430 1239 2454 se
1265 2420 1289 2453 h
1301 2429 1380 2453 aer
1391 2430 1409 2453 e
1420 2420 1459 2453 ti
1472 2429 1490 2452 c
1501 2429 1522 2453 a
1534 2431 1581 2460 m,
1609 2423 1671 2453 sed
1701 2418 1880 2463 ejusmodi
1907 2428 1992 2463 pro-

251 2477 455 2516 fessionem,
475 2487 569 2521 quae
587 2477 625 2510 in
643 2487 789 2510 sensum
821 2485 838 2508 c
850 2486 871 2508 a
882 2478 898 2508 t
908 2475 932 2508 h
944 2486 964 2509 0
977 2475 1013 2508 li
1025 2485 1042 2507 c
1053 2485 1076 2508 u
1088 2485 1124 2507 m
1153 2472 1330 2517 explicari
1348 2473 1477 2516 possit.
1513 2472 1565 2510 Cf,
1585 2471 1619 2505 H
1631 2482 1650 2505 e
1660 2473 1704 2505 fe
1715 2470 1728 2504 l
1740 2482 1758 2505 e
1784 2470 1993 2505 concilien-

251 2529 462 2574 geschichte
482 2530 495 2562 l
514 2534 530 2570 ξ
549 2533 605 2565 81.
642 2529 795 2563 Etiamsi
823 2538 907 2562 vero
935 2529 972 2563 3.
999 2527 1196 2561 formulam
1224 2525 1499 2570 subscripsisset
1516 2524 1751 2566 haereticam,
1769 2524 1894 2569 lapsus
1912 2523 1990 2569 ejus

252 2593 326 2617 non
344 2585 437 2617 esset
456 2582 502 2615 ad
520 2593 606 2616 rem.
628 2582 855 2627 Subscriptio
876 2582 974 2615 enim
987 2580 1167 2614 formulae
1181 2580 1387 2614 haereticae
1404 2589 1472 2623 pro
1490 2590 1507 2611 r
1518 2588 1537 2612 e
1548 2589 1567 2612 c
1577 2589 1601 2611 u
1611 2589 1636 2622 p
1649 2588 1667 2611 e
1680 2590 1696 2611 r
1707 2588 1728 2611 a
1738 2589 1762 2610 n
1774 2576 1798 2611 d
1809 2587 1831 2610 a
1847 2577 1918 2611 lib
1930 2587 1948 2611 e
1958 2589 1990 2610 1·-

251 2640 266 2669 t
279 2639 323 2670 at
335 2646 353 2669 e
381 2637 417 2669 et
443 2635 478 2668 vi
506 2635 613 2668 illata
633 2637 774 2669 extorta
793 2637 848 2669 est
866 2635 990 2679 lapsus
1017 2645 1040 2678 p
1052 2643 1126 2667 ers
1137 2642 1156 2665 o
1169 2645 1192 2666 n
1205 2632 1310 2672 alis,
1337 2632 1393 2665 est
1409 2630 1602 2674 peccatum
1629 2636 1759 2664 contra
1776 2630 1895 2671 fidem,
1916 2640 1991 2664 non

252 2692 307 2723 est
325 2688 491 2722 definitio
511 2699 552 2721 ex
573 2688 757 2727 cathedra,
776 2698 848 2732 qua
866 2687 1140 2732 praescribitur,
1159 2686 1248 2729 quid
1267 2686 1316 2721 sit
1332 2685 1379 2719 ab
1394 2684 1566 2718 universa
1579 2683 1742 2717 Ecclesia
1757 2683 1990 2720 credendum.

251 2742 302 2779 Cf.
323 2741 352 2777 G
364 2743 433 2775 ris
445 2752 465 2774 a
477 2753 494 2774 r
512 2740 583 2774 KL.
604 2743 653 2781 72,
678 2743 879 2779 1945—592
900 2739 1079 2775 Katholik
1099 2742 1190 2774 1868
1207 2739 1250 2780 H,
1271 2742 1339 2774 513
1353 2750 1397 2772 se.
1413 2739 1450 2771 et
1466 2737 1596 2779 18841,
1615 2742 1631 2772 1
1648 2748 1692 2770 ss.
1707 2737 1773 2771 ubi
1787 2739 1991 2781 praeeunte

252 2797 281 2830 R
292 2807 312 2830 o
326 2809 341 2830 s
353 2796 392 2829 si
418 2795 605 2829 Bulletino
626 2795 663 2828 di
682 2795 859 2829 archaeol.
879 2794 976 2828 crist.
999 2796 1088 2828 1883
1105 2804 1201 2827 nova
1217 2792 1429 2827 instituitur
1445 2791 1582 2826 Liberii
1611 2791 1797 2836 apologia,
1826 2801 1920 2834 quae
1936 2789 1990 2823 in-

253 2849 386 2884 nititur
403 2847 564 2882 carmine
579 2851 722 2881 vetusto
738 2849 904 2882 recenter
918 2848 1062 2891 reperto
1076 2847 1156 2888 (hoc
1169 2848 1295 2880 tamen
1314 2846 1374 2879 Fu
1385 2858 1409 2879 n
1420 2845 1445 2878 k
1462 2845 1547 2879 hist.
1563 2844 1691 2879 Jahrb.
1709 2847 1799 2879 1884
1811 2856 1848 2889 p.
1859 2846 1930 2879 424
1942 2855 1994 2878 ss.

252 2903 361 2948 putat
386 2904 552 2947 spectare
580 2902 674 2935 forte
703 2902 747 2935 ad
776 2902 973 2936 Mai-tinum
1003 2901 1053 2942 1.).
1090 2901 1142 2935 De
1166 2901 1189 2935 Z
1203 2902 1353 2935 osimo
1383 2902 1412 2941 (†
1430 2899 1525 2945 419),
1552 2899 1616 2942 qui
1634 2899 1672 2932 in
1691 2909 1797 2932 causa
1818 2897 1991 2932 Coelestii

254 2967 391 2992 errasse
410 2956 616 2991 affirmatur
636 2955 678 2988 cf.
700 2965 822 2999 opusc.
842 2955 973 2995 XVIII,
994 2958 1060 2990 133
1078 2966 1123 2990 ss.

397 3010 423 3054 Σ’)
440 3008 495 3043 De
512 3009 582 3042 hac
600 3007 745 3041 dubitat
765 3008 883 3041 adhuc
909 3008 963 3042 vel
987 3007 1085 3042 card.
1113 3008 1148 3041 M
1160 3007 1204 3040 ai
1231 3006 1268 3040 in
1297 3006 1388 3040 bibl.
1407 3017 1503 3040 nova
1520 3005 1587 3039 PP.
1606 3005 1668 3046 IV,
1685 3008 1743 3046 49,
1771 3005 1813 3038 ut
1831 3005 1990 3048 praeter-

255 3063 444 3096 mittamus
472 3060 502 3095 D
514 3071 534 3094 a
546 3072 581 3094 m
595 3060 618 3094 b
630 3070 648 3094 e
659 3071 677 3092 r
687 3072 711 3104 g
722 3070 740 3093 e
751 3072 777 3094 r.
806 3059 837 3092 V
849 3059 861 3092 i
874 3072 896 3093 n
909 3071 925 3093 c
937 3071 955 3094 e
968 3072 990 3093 n
1004 3060 1045 3093 zi
1072 3060 1109 3094 et
1129 3059 1353 3102 antiquiores
1373 3058 1550 3102 quosdam
1570 3057 1773 3102 theologos,
1794 3059 1835 3091 ut
1854 3055 1883 3089 B
1895 3067 1944 3090 ar
1955 3066 1991 3090 o-

255 3115 393 3155 nium,
412 3112 779 3154 Bellarminum,
801 3111 981 3146 Boucat
1001 3113 1068 3146 etc.
