2175 3382
898 108 935 138 et
953 104 1094 149 Aggaei
1113 105 1341 140 vaticinium.
1927 115 1981 158 57

369 228 455 264 48³.
487 224 629 261 Contra
661 237 724 262 eos
755 237 857 271 vero,
893 226 962 274 qui
996 227 1208 274 opinentur
1241 228 1468 266 vaticinium
1503 231 1735 269 danielicum
1765 233 1902 271 referri
1934 235 1982 272 ad

247 285 424 332 tempora
444 283 767 321 Machabaeorum
787 284 916 332 iisque
939 285 1032 321 satis
1055 285 1176 322 fuisse
1198 285 1469 334 adimpletum,
1498 290 1730 337 opponimus
1757 289 1794 331 l.
1820 292 1982 331 chrono-

247 341 402 391 logiam,
435 354 535 390 quae
557 346 710 379 retento
732 345 846 380 textu
867 343 936 380 hac
957 344 1211 391 explicatione
1244 345 1508 391 subvertitur;
1540 346 1582 388 2.
1607 350 1711 396 quod
1733 351 1981 390 Machabaeo-

247 413 337 438 rum
356 402 533 449 tempore
554 402 745 449 templum
769 413 848 438 non
869 401 990 439 fuerit
1011 402 1231 447 inunctum,
1256 403 1324 440 sed
1346 404 1489 442 iterum
1512 406 1805 455 inauguratum,
1829 412 1870 447 et
1891 411 1979 459 qui·

249 460 336 497 dem
356 462 487 497 totum
508 460 714 508 templum,
748 473 828 498 non
848 463 1006 497 tantum
1030 461 1216 499 Sanctum
1246 466 1489 509 sanctorum;
1522 463 1563 504 3.
1597 467 1700 513 quod
1731 469 1826 505 tunc
1855 481 1982 518 neque

247 519 441 567 templum
471 518 592 555 suerit
622 519 803 556 funditus
825 521 1035 564 vastatum,
1071 520 1139 557 sed
1171 520 1298 557 solum
1333 522 1591 570 profanatum,
1628 537 1754 572 neque
1787 527 1882 564 urbs
1916 529 1981 565 (le-

248 578 347 622 leta;
368 574 412 617 4.
436 577 543 625 quod
564 578 700 614 nullus
723 577 915 625 assignari
937 579 1064 627 possit
1078 579 1167 625 dux,
1192 580 1260 627 qui
1273 579 1393 635 fuerit
1408 582 1649 625 exstinctus;
1673 582 1714 622 5.
1739 585 1843 632 quod
1865 587 1982 623 sacri-

247 636 376 673 ficium
399 636 521 673 fuerit
542 636 702 685 quidem
723 637 1016 686 interpolatum,
1049 638 1117 675 sed
1146 650 1224 675 non
1255 638 1441 685 ablatum,
1474 653 1600 689 neque
1631 641 1799 679 adducta
1823 644 1982 692 justitia

248 695 493 744 sempiterna,
529 707 656 744 neque
691 696 891 744 expiatum
912 698 1124 744 peccatum,
1160 709 1287 745 neque
1320 699 1476 747 proprie
1511 700 1780 738 confirmatum
1814 706 1982 750 pactum.

250 754 303 791 Of.
325 755 493 791 Perrone
516 756 543 793 t.
569 761 590 793 6
616 754 662 791 de
683 754 830 792 incarn.
851 768 888 804 p.
917 763 931 794 1
961 767 991 795 c.
1016 761 1037 794 2
1061 768 1170 805 prop.
1195 763 1230 796 3.

366 836 434 877 49.
456 833 819 877 Demonstratio
841 848 886 889 p.
909 835 1001 877 III.
1045 833 1318 876 Praeclarum
1351 841 1413 876 est
1444 836 1603 889 Aggaei
1636 850 1803 891 quoque
1836 841 1984 880 vatici-

251 905 382 956 nium,
407 904 479 956 qui
492 904 705 945 solaturus
719 905 910 945 seniores
920 904 1176 957 jndaeorum
1200 918 1251 946 ex
1274 907 1518 958 captivitate
1532 907 1788 961 babylonica
1809 910 1985 951 reduces

249 979 587 1027 moerentesque,
620 975 733 1027 quod
755 975 959 1027 templum
982 976 1217 1017 secundum
1240 976 1373 1028 gloria
1395 981 1561 1017 tantum
1584 978 1759 1020 distaret
1781 992 1806 1020 a
1828 981 1984 1033 templo

250 1045 526 1095 salomonico,
548 1045 667 1098 cujus
682 1045 875 1086 viderant
890 1045 1160 1098 splendorem
1176 1052 1302 1100 atque
1318 1047 1689 1100 magnificentiam,
1710 1051 1822 1092 hunc
1837 1052 1879 1092 in
1894 1064 1986 1092 mo-

250 1116 350 1157 dum
371 1116 447 1157 Dei
469 1117 641 1158 nomine
662 1117 919 1157 vaticinatur
942 1118 998 1173 (2,
1023 1122 1044 1161 ’ἶ
1070 1119 1142 1172 S.):
1176 1119 1326 1159 Adhuc
1352 1132 1479 1158 zatum
1512 1120 1718 1161 modicum
1749 1126 1819 1175 est,
1851 1126 1886 1162 et
1917 1137 1986 1176 eqo

250 1187 498 1228 commovebo
522 1189 671 1228 coelum
697 1192 733 1228 et
757 1192 910 1229 terram
936 1193 971 1228 et
994 1202 1106 1229 mare
1128 1193 1164 1229 et
1187 1190 1365 1230 aridam.
1411 1190 1466 1230 Et
1488 1190 1644 1231 movebo
1668 1205 1804 1232 omues
1822 1198 1987 1245 {sentesj

251 1262 285 1299 et
315 1259 445 1299 veniet
475 1258 734 1300 desideratus·
765 1260 920 1299 cunctis
943 1260 1131 1311 ,centibus
1149 1262 1202 1314 1);
1235 1265 1270 1299 et
1303 1260 1477 1315 implebo
1509 1261 1673 1301 domum
1698 1264 1816 1303 istam
1838 1264 1988 1316 yloria,

255 1330 354 1370 dicit
374 1329 578 1369 Dominus
601 1331 864 1370 eoeerciluum.
908 1328 1046 1370 Eleum
1081 1335 1136 1371 est
1160 1337 1375 1383 aryemum
1399 1338 1434 1372 et
1457 1345 1588 1372 meum
1611 1337 1667 1372 est
1691 1347 1856 1385 sclerum,
1888 1334 1988 1374 dicit

251 1400 458 1442 Dominus
479 1402 743 1442 exercituum.
770 1401 928 1456 Eliagfna
952 1403 1028 1442 erit
1046 1402 1185 1455 ffloria
1199 1407 1342 1442 domus
1358 1404 1473 1443 istius
1487 1404 1730 1443 novissimae
1744 1402 1844 1457 'plus
1865 1418 1985 1458 quam

247 1473 426 1526 primae,
441 1472 542 1512 dicit
556 1471 763 1513 Dominus
777 1473 1052 1514 exercituum:
1075 1477 1111 1513 et
1127 1474 1167 1513 in
1185 1473 1268 1513 loco
1283 1475 1358 1514 isto
1373 1473 1646 1527 dabopacem,
1669 1474 1768 1513 dieu
1783 1474 1988 1515 Dominus·

252 1543 509 1585 exercituum..
550 1542 681 1594 Quasi
703 1543 881 1584 diceret:
905 1542 1014 1594 Quid
1036 1543 1202 1584 solliciti
1225 1544 1325 1585 estis
1348 1544 1399 1584 de
1423 1556 1528 1584 auro
1552 1549 1593 1584 et
1615 1546 1822 1596 argento?
1846 1557 1988 1585 meum

251 1618 312 1654 est
345 1625 495 1654 aurum
528 1618 569 1654 et
601 1619 834 1666 argentum,
867 1626 977 1666 quae
1009 1615 1112 1654 mihi
1143 1619 1314 1666 praesto
1347 1619 1455 1663 sunt,
1483 1615 1649 1666 quoties
1672 1616 1776 1655 mihi
1797 1615 1986 1663 libuerit;

251 1686 385 1739 gloria
398 1687 611 1728 secundae
625 1687 752 1740 hujus
766 1687 919 1727 domus
942 1699 1029 1727 non
1051 1699 1101 1728 ex
1124 1685 1437 1738 magnificentia
1460 1686 1552 1727 auri
1575 1691 1616 1727 et
1639 1686 1813 1738 argenti,
1835 1698 1923 1727 non
1937 1698 1989 1726 ex

253 1756 478 1809 splendore
493 1762 669 1799 externo
686 1758 841 1811 quique
855 1759 1029 1799 incurrit
1050 1758 1093 1798 in
1116 1758 1263 1799 oculos
1279 1762 1342 1798 est
1355 1757 1607 1810 repetenda:
1631 1757 1705 1798 sed
1728 1769 1778 1798 ex
1801 1769 1852 1798 eo
1876 1757 1991 1809 quod

252 1828 295 1867 in
317 1839 413 1868 eam
434 1833 639 1869 venturus
662 1833 726 1870 est
746 1828 1010 1880 Dominator,
1035 1840 1162 1881 quem
1184 1840 1260 1869 vos
1277 1828 1424 1881 judaei
1445 1828 1636 1880 impense
1660 1828 1927 1880 exspectatis,
1951 1832 1991 1868 et

252 1898 436 1950 Angelus
451 1898 725 1948 Testamenti,
747 1911 873 1952 quem
891 1900 1013 1940 enixe
1029 1899 1278 1940 desideratis
1294 1903 1335 1939 et
1349 1899 1562 1952 quaeritis,
1583 1903 1628 1938 ut
1643 1898 1773 1939 etiam
1788 1897 1993 1950 praedicit

254 1969 348 2010 Mal.
363 1974 402 2020 3,
428 1973 447 2012 1
472 1983 503 2011 s.
533 1970 636 2012 Ecce
650 1984 718 2025 eqo
732 1972 847 2011 mitto
862 1970 1065 2024 Anyelum
1084 1983 1217 2010 meum
1240 1975 1275 2010 et
1290 1969 1568 2025 praeparabit
1590 1970 1700 2010 *riam
1726 1973 1821 2010 ante.
1842 1970 1990 2023 faciem

251 2053 396 2081 meam.
431 2039 487 2081 Et
507 2042 648 2082 statim
672 2043 801 2083 veniet
823 2042 880 2083 ad
901 2041 1094 2095 templum
1117 2054 1237 2081 suum
1260 2039 1522 2092 Domz'nator,
1554 2053 1669 2095 quem
1700 2053 1768 2080 ros
1789 2040 1993 2094 quaeritis

252 2115 288 2151 et
301 2111 485 2165 Anyelus
498 2114 742 2167 testamenti,
765 2126 879 2168 quem
894 2126 962 2153 ros
977 2113 1109 2153 cultis.
1132 2111 1236 2152 Ecce
1250 2112 1370 2165 venit,
1393 2111 1491 2152 dicit
1508 2111 1710 2152 Dominus
1725 2111 1992 2162 exercituum,

255 2186 380 2234 atque
401 2184 629 2235 propterea
651 2184 856 2236 templum
878 2183 959 2223 hoc
983 2183 1164 2224 alterum
1186 2182 1317 2234 priori
1340 2182 1486 2223 domui
1507 2181 1631 2234 longe
1654 2180 1899 2234 praestabit.

402 2328 424 2365 ¹)
444 2323 646 2358 Heln-aicae
665 2324 775 2357 uba‘u
795 2324 993 2358 chemdath
1012 2322 1075 2358 kol
1091 2323 1302 2368 haggojim3
1324 2323 1367 2356 al
1380 2333 1398 2356 e
1411 2335 1431 2356 x
1447 2334 1468 2356 a
1480 2335 1503 2355 n
1515 2323 1535 2355 d
1549 2334 1566 2355 r
1578 2322 1589 2355 i
1601 2322 1647 2355 ni
1666 2322 1903 2366 interpretes:
1923 2321 1996 2367 ἥξει

255 2378 396 2413 turam&
412 2379 539 2412 πάντων
557 2383 621 2411 τῶν
642 2379 760 2412 ἐθνῶν.
786 2377 881 2411 Hinc
900 2377 1099 2411 adversarii
1116 2376 1435 2421 interpretationis
1455 2375 1656 2410 messianae
1683 2374 1923 2415 contendunt,
1942 2384 1993 2406 se—

254 2431 363 2465 cundi
388 2431 520 2475 templi
547 2431 705 2475 gloriam
732 2431 907 2475 majorem
926 2441 1013 2475 prae
1031 2429 1147 2474 priori
1167 2430 1283 2474 repeti
1303 2440 1346 2462 ex
1365 2428 1557 2462 affluentia
1575 2427 1801 2467 divitiarum,
1821 2438 1912 2470 quas
1930 2437 1993 2458 un-

252 2483 362 2527 dique
379 2484 509 2527 gentes
528 2482 730 2517 collaturae
748 2485 868 2516 essent
884 2483 923 2517 in
942 2482 1125 2526 templum
1144 2481 1343 2516 secundum
1356 2481 1400 2515 IS.
1417 2485 1471 2522 60,
1487 2484 1519 2517 6.
1539 2481 1635 2514 Haec
1652 2483 1779 2514 tamen
1796 2478 1994 2524 explicatio

253 2546 328 2570 non
345 2540 402 2570 est
419 2536 662 2577 admittenda,
681 2537 763 2569 tum
782 2536 870 2580 quia
888 2539 1040 2570 eventus
1057 2546 1131 2568 non
1146 2535 1387 2580 responderet
1400 2534 1586 2574 vaticinio,
1602 2544 1683 2566 cum
1699 2533 1742 2566 de
1762 2533 1832 2571 hac
1846 2532 1995 2565 affluen-

252 2590 306 2624 tia
324 2589 549 2630 divitiarum,
568 2601 660 2633 quas
678 2592 808 2634 gentes
826 2589 990 2633 undique
1009 2588 1236 2623 contulerint.
1253 2588 1292 2621 in
1308 2588 1490 2632 templum
1508 2587 1719 2626 secundum,
1739 2596 1811 2619 non
1830 2586 1992 2619 constat:

252 2645 333 2677 tum
351 2641 498 2677 etiamsi
515 2643 560 2676 de
578 2653 619 2676 ea
639 2643 835 2684 constaret,
856 2653 899 2676 ea
912 2652 986 2676 non
999 2641 1220 2676 reddidisset
1233 2641 1415 2685 ternplum
1430 2640 1630 2674 secundum
1645 2638 1869 2682 splendidius
1883 2637 1993 2682 priori

254 2696 301 2730 ob
319 2695 506 2730 defectum
525 2695 674 2730 illarum
706 2697 1061 2741 praerogativarum,
1090 2706 1181 2738 quas
1210 2705 1327 2739 supra-
1346 2693 1604 2727 indicavimus.
1640 2691 1744 2733 Quod
1763 2692 1790 2725 si
1810 2691 1996 2734 sequimur

252 2748 455 2783 versionem
474 2749 763 2789 alexandrinam,
782 2749 1002 2783 vaticinium
1019 2750 1172 2792 propter
1190 2747 1354 2781 rationes
1369 2745 1501 2780 allatas
1520 2746 1645 2779 manet
1662 2743 1895 2783 messianum,
1917 2745 1995 2786 pot-

254 2802 399 2846 eritque
416 2802 471 2836 ita
489 2812 570 2835 cum
590 2804 618 2835 A
631 2813 728 2847 ugu
742 2802 842 2836 stin
858 2812 877 2835 0
906 2802 950 2835 de
969 2801 1043 2835 Civ.
1064 2801 1131 2835 Dei
1148 2800 1279 2839 XVIII,
1297 2805 1342 2834 45
1362 2799 1539 2843 explicari
1555 2812 1560 2832 :
1600 2797 1864 2842 ,Septuaginta
1887 2796 1994 2829 inter-

255 2855 378 2898 pretes
396 2854 510 2889 alium
530 2865 679 2889 sensum
696 2854 814 2900 magis
832 2854 975 2899 corpori
1005 2865 1117 2898 quam
1136 2853 1251 2898 capiti
1269 2853 1305 2888 h.
1324 2863 1353 2887 e.
1385 2852 1502 2895 magis
1519 2850 1703 2885 Ecclesiae
1722 2861 1832 2893 quam
1851 2848 1993 2882 Christo

256 2907 535 2942 convenientem
554 2907 771 2952 prophetica
800 2908 1021 2942 auctoritate
1039 2906 1230 2940 dixerunt:
1265 2905 1425 2939 Venient
1444 2915 1536 2948 quae
1555 2904 1669 2938 electa
1686 2904 1771 2936 sunt
1788 2900 1934 2935 Domini
1952 2900 1994 2932 de

256 2960 399 2994 cunetis
417 2961 592 3005 gentibus
609 2961 634 2995 i.
653 2971 683 2996 e.
701 2961 881 3001 homines,
901 2961 945 2995 de
963 2960 1097 3004 quibus
1115 2960 1194 3004 ipse
1211 2959 1318 2993 Jesus
1345 2958 1384 2992 iu
1402 2957 1623 3002 Evangelio:
1655 2957 1771 2995 Multi,
1790 2953 1910 2997 inquit
1940 2965 1993 2985 ro-

256 3015 335 3057 cati,
346 3016 460 3058 pauci
473 3026 554 3048 vero
571 3016 668 3049 electi
683 3014 830 3060 (Matth.
850 3018 904 3055 22,
927 3014 994 3060 14).
1028 3013 1180 3047 Talibus
1208 3013 1305 3046 enim
1337 3012 1461 3046 electis
1479 3011 1646 3056 gentium
1667 3010 1796 3041 doinus
1814 3007 1881 3040 Dei
1899 3006 1995 3040 aedi-

257 3066 389 3101 ficatur
400 3077 466 3112 per
480 3067 575 3102 T.N.
592 3067 780 3112 lapidibus
794 3068 897 3109 vivis,
911 3068 1021 3113 longe
1035 3065 1228 3111 gloriosior
1243 3076 1351 3109 quam
1365 3064 1545 3107 templum
1560 3062 1652 3096 illud
1667 3062 1748 3094 fuit.
1765 3059 1862 3103 quod
1878 3070 1897 3092 a
1910 3069 1994 3103 rege
