<?xml version="1.0" encoding="UTF-8"?>
<!DOCTYPE html PUBLIC "-//W3C//DTD XHTML 1.0 Transitional//EN"
    "http://www.w3.org/TR/xhtml1/DTD/xhtml1-transitional.dtd">
<html xmlns="http://www.w3.org/1999/xhtml" xml:lang="en" lang="en">
 <head>
  <title>
</title>
<meta http-equiv="Content-Type" content="text/html;charset=utf-8" />
  <meta name='ocr-system' content='tesseract 3.04.00' />
  <meta name='ocr-capabilities' content='ocr_page ocr_carea ocr_par ocr_line ocrx_word'/>
</head>
<body>
  <div class='ocr_page' id='page_1' title='image "./theologiaedogmat01hurt/theologiaedogmat01hurt_0404.png"; bbox 0 0 2175 3382; ppageno 0'>
   <div class='ocr_carea' id='block_1_1' title="bbox 214 135 1683 182">
    <p class='ocr_par' dir='ltr' id='par_1_1' title="bbox 214 135 1683 182">
     <span class='ocr_line' id='line_1_1' title="bbox 214 135 1683 182; baseline 0.001 -14"><span class='ocrx_word' id='word_1_1' title='bbox 214 142 296 182; x_wconf 66' lang='lat'>394</span> <span class='ocrx_word' id='word_1_2' title='bbox 483 137 602 171; x_wconf 81' lang='lat' dir='ltr'>&#39;l&#39;ract.</span> <span class='ocrx_word' id='word_1_3' title='bbox 625 137 682 170; x_wconf 85' lang='lat'>111.</span> <span class='ocrx_word' id='word_1_4' title='bbox 702 136 746 169; x_wconf 87' lang='lat' dir='ltr'>de</span> <span class='ocrx_word' id='word_1_5' title='bbox 768 136 942 180; x_wconf 84' lang='lat' dir='ltr'>primatu.</span> <span class='ocrx_word' id='word_1_6' title='bbox 961 136 1090 170; x_wconf 60' lang='lat' dir='ltr'>&#39;rhesis</span> <span class='ocrx_word' id='word_1_7' title='bbox 1110 135 1283 170; x_wconf 66' lang='lat' dir='ltr'>Lxxvil.</span> <span class='ocrx_word' id='word_1_8' title='bbox 1303 136 1347 170; x_wconf 80' lang='lat' dir='ltr'>de</span> <span class='ocrx_word' id='word_1_9' title='bbox 1367 136 1683 180; x_wconf 57' lang='lat' dir='ltr'>appellationibus</span> 
     </span>
    </p>
   </div>
   <div class='ocr_carea' id='block_1_2' title="bbox 202 258 1957 2909">
    <p class='ocr_par' dir='ltr' id='par_1_2' title="bbox 202 258 1957 2909">
     <span class='ocr_line' id='line_1_2' title="bbox 333 258 1957 308; baseline 0.001 -13"><span class='ocrx_word' id='word_1_10' title='bbox 333 259 490 296; x_wconf 81' lang='lat' dir='ltr'><strong>Romam</strong></span> <span class='ocrx_word' id='word_1_11' title='bbox 513 258 726 307; x_wconf 77' lang='lat' dir='ltr'>appellavit</span> <span class='ocrx_word' id='word_1_12' title='bbox 740 259 767 295; x_wconf 82' lang='lat' dir='ltr'>F</span> <span class='ocrx_word' id='word_1_13' title='bbox 779 259 791 295; x_wconf 96' lang='lat' dir='ltr'>l</span> <span class='ocrx_word' id='word_1_14' title='bbox 803 271 824 295; x_wconf 87' lang='lat' dir='ltr'>a</span> <span class='ocrx_word' id='word_1_15' title='bbox 835 258 882 295; x_wconf 87' lang='lat' dir='ltr'>vi</span> <span class='ocrx_word' id='word_1_16' title='bbox 897 271 918 295; x_wconf 88' lang='lat' dir='ltr'>a</span> <span class='ocrx_word' id='word_1_17' title='bbox 931 271 955 295; x_wconf 92' lang='lat' dir='ltr'>n</span> <span class='ocrx_word' id='word_1_18' title='bbox 970 272 992 294; x_wconf 89' lang='grc' dir='ltr'>ιι</span> <span class='ocrx_word' id='word_1_19' title='bbox 1005 272 1021 294; x_wconf 79' lang='lat' dir='ltr'>s</span> <span class='ocrx_word' id='word_1_20' title='bbox 1034 287 1042 300; x_wconf 82' lang='lat'>,</span> <span class='ocrx_word' id='word_1_21' title='bbox 1065 258 1165 295; x_wconf 80' lang='lat' dir='ltr'>alius</span> <span class='ocrx_word' id='word_1_22' title='bbox 1189 258 1372 295; x_wconf 64' lang='lat' dir='ltr'>veclo-sian¹</span> <span class='ocrx_word' id='word_1_23' title='bbox 1387 259 1468 303; x_wconf 67' lang='lat' dir='ltr'>GP„</span> <span class='ocrx_word' id='word_1_24' title='bbox 1485 272 1585 306; x_wconf 68' lang='lat' dir='ltr'>quai·</span> <span class='ocrx_word' id='word_1_25' title='bbox 1600 259 1775 308; x_wconf 88' lang='lat' dir='ltr'>alioquin</span> <span class='ocrx_word' id='word_1_26' title='bbox 1789 260 1957 297; x_wconf 59' lang='lat' dir='ltr'>alterum</span> 
     </span>
     <span class='ocr_line' id='line_1_3' title="bbox 212 317 1956 367; baseline 0.001 -13"><span class='ocrx_word' id='word_1_27' title='bbox 212 320 301 366; x_wconf 84' lang='lat' dir='ltr'>post</span> <span class='ocrx_word' id='word_1_28' title='bbox 323 318 453 354; x_wconf 69' lang='lat' dir='ltr'>sedem</span> <span class='ocrx_word' id='word_1_29' title='bbox 476 329 675 354; x_wconf 81' lang='lat' dir='ltr'><strong>romanam</strong></span> <span class='ocrx_word' id='word_1_30' title='bbox 699 317 867 367; x_wconf 81' lang='lat' dir='ltr'>gradum</span> <span class='ocrx_word' id='word_1_31' title='bbox 891 317 1116 359; x_wconf 70' lang='lat' dir='ltr'>ambivbiat,</span> <span class='ocrx_word' id='word_1_32' title='bbox 1151 317 1354 365; x_wconf 72' lang='lat' dir='ltr'>episcopus</span> <span class='ocrx_word' id='word_1_33' title='bbox 1385 330 1407 354; x_wconf 87' lang='lat' dir='ltr'>a</span> <span class='ocrx_word' id='word_1_34' title='bbox 1428 318 1624 362; x_wconf 84' lang='lat' dir='ltr'>Dioscor0‚</span> <span class='ocrx_word' id='word_1_35' title='bbox 1648 317 1828 367; x_wconf 70' lang='lat' dir='ltr'>episcopo</span> <span class='ocrx_word' id='word_1_36' title='bbox 1850 319 1956 364; x_wconf 64' lang='lat' dir='ltr'>alex„</span> 
     </span>
     <span class='ocr_line' id='line_1_4' title="bbox 212 375 1957 428; baseline 0.001 -17"><span class='ocrx_word' id='word_1_37' title='bbox 212 376 345 414; x_wconf 70' lang='lat' dir='ltr'>eadem</span> <span class='ocrx_word' id='word_1_38' title='bbox 376 376 575 413; x_wconf 47' lang='lat' dir='ltr'>occasione</span> <span class='ocrx_word' id='word_1_39' title='bbox 607 388 695 414; x_wconf 86' lang='lat' dir='ltr'>cum</span> <span class='ocrx_word' id='word_1_40' title='bbox 719 376 960 413; x_wconf 82' lang='lat' dir='ltr'>Th‹·odor‹·to</span> <span class='ocrx_word' id='word_1_41' title='bbox 990 377 1030 412; x_wconf 88' lang='lat' dir='ltr'>in</span> <span class='ocrx_word' id='word_1_42' title='bbox 1053 375 1316 413; x_wconf 79' lang='lat' dir='ltr'>conciliabulo</span> <span class='ocrx_word' id='word_1_43' title='bbox 1338 376 1524 424; x_wconf 64' lang='lat' dir='ltr'>vphvsino</span> <span class='ocrx_word' id='word_1_44' title='bbox 1547 376 1748 425; x_wconf 68' lang='lat' dir='ltr'>depositus</span> <span class='ocrx_word' id='word_1_45' title='bbox 1771 376 1820 428; x_wconf 82' lang='lat' dir='ltr'>(a.</span> <span class='ocrx_word' id='word_1_46' title='bbox 1844 384 1957 427; x_wconf 80' lang='lat'>449),</span> 
     </span>
     <span class='ocr_line' id='line_1_5' title="bbox 213 434 1957 485; baseline 0.001 -13"><span class='ocrx_word' id='word_1_47' title='bbox 213 437 258 472; x_wconf 87' lang='lat' dir='ltr'>ut</span> <span class='ocrx_word' id='word_1_48' title='bbox 287 437 457 472; x_wconf 86' lang='lat' dir='ltr'>testatur</span> <span class='ocrx_word' id='word_1_49' title='bbox 478 435 754 472; x_wconf 76' lang='lat' dir='ltr'>Liberatus</span> <span class='ocrx_word' id='word_1_50' title='bbox 786 436 825 472; x_wconf 92' lang='lat' dir='ltr'>in</span> <span class='ocrx_word' id='word_1_51' title='bbox 848 435 1047 471; x_wconf 76' lang='lat' dir='ltr'>Br‹·viario</span> <span class='ocrx_word' id='word_1_52' title='bbox 1071 446 1100 471; x_wconf 87' lang='lat' dir='ltr'>c.</span> <span class='ocrx_word' id='word_1_53' title='bbox 1132 440 1201 474; x_wconf 88' lang='lat'>12:</span> <span class='ocrx_word' id='word_1_54' title='bbox 1238 434 1546 478; x_wconf 83' lang='lat' dir='ltr'>,Flavianus</span> <span class='ocrx_word' id='word_1_55' title='bbox 1577 438 1713 472; x_wconf 88' lang='lat' dir='ltr'>contra</span> <span class='ocrx_word' id='word_1_56' title='bbox 1746 447 1786 473; x_wconf 82' lang='lat' dir='ltr'>se</span> <span class='ocrx_word' id='word_1_57' title='bbox 1807 436 1957 485; x_wconf 82' lang='lat' dir='ltr'>prolata</span> 
     </span>
     <span class='ocr_line' id='line_1_6' title="bbox 212 493 1956 544; baseline 0 -12"><span class='ocrx_word' id='word_1_58' title='bbox 212 494 418 539; x_wconf 77' lang='lat' dir='ltr'>sententia,</span> <span class='ocrx_word' id='word_1_59' title='bbox 451 507 521 543; x_wconf 82' lang='lat' dir='ltr'>per</span> <span class='ocrx_word' id='word_1_60' title='bbox 543 495 627 542; x_wconf 60' lang='lat' dir='ltr'>ojus</span> <span class='ocrx_word' id='word_1_61' title='bbox 658 494 805 544; x_wconf 70' lang='lat' dir='ltr'>legatos</span> <span class='ocrx_word' id='word_1_62' title='bbox 835 493 962 531; x_wconf 71' lang='lat' dir='ltr'>sedem</span> <span class='ocrx_word' id='word_1_63' title='bbox 987 493 1239 541; x_wconf 84' lang='lat' dir='ltr'>apostolicam</span> <span class='ocrx_word' id='word_1_64' title='bbox 1272 494 1573 542; x_wconf 70' lang='lat' dir='ltr'>appellavit</span> <span class='ocrx_word' id='word_1_65' title='bbox 1596 494 1779 539; x_wconf 68' lang='lat' dir='ltr'>libello;&lt;</span> <span class='ocrx_word' id='word_1_66' title='bbox 1812 500 1851 532; x_wconf 80' lang='lat' dir='ltr'>et</span> <span class='ocrx_word' id='word_1_67' title='bbox 1872 495 1956 532; x_wconf 83' lang='lat' dir='ltr'>Va-</span> 
     </span>
     <span class='ocr_line' id='line_1_7' title="bbox 212 551 1955 606; baseline 0.001 -17"><span class='ocrx_word' id='word_1_68' title='bbox 212 553 540 590; x_wconf 74' lang='lat' dir='ltr'>1‹·ntinianus</span> <span class='ocrx_word' id='word_1_69' title='bbox 563 553 775 602; x_wconf 76' lang='lat' dir='ltr'>imperator</span> <span class='ocrx_word' id='word_1_70' title='bbox 797 553 836 589; x_wconf 92' lang='lat' dir='ltr'>in</span> <span class='ocrx_word' id='word_1_71' title='bbox 860 566 917 601; x_wconf 72' lang='lat' dir='ltr'>ep.</span> <span class='ocrx_word' id='word_1_72' title='bbox 941 552 987 589; x_wconf 88' lang='lat' dir='ltr'>ad</span> <span class='ocrx_word' id='word_1_73' title='bbox 1010 552 1270 590; x_wconf 74' lang='lat' dir='ltr'>leodosium</span> <span class='ocrx_word' id='word_1_74' title='bbox 1295 551 1417 605; x_wconf 72' lang='lat' dir='ltr'>(inter</span> <span class='ocrx_word' id='word_1_75' title='bbox 1438 567 1497 602; x_wconf 68' lang='lat' dir='ltr'>ep.</span> <span class='ocrx_word' id='word_1_76' title='bbox 1521 565 1549 591; x_wconf 93' lang='lat' dir='ltr'>s.</span> <span class='ocrx_word' id='word_1_77' title='bbox 1571 553 1710 591; x_wconf 89' lang='lat' dir='ltr'>Leonis</span> <span class='ocrx_word' id='word_1_78' title='bbox 1734 551 1806 606; x_wconf 84' lang='lat'>55)</span> <span class='ocrx_word' id='word_1_79' title='bbox 1835 554 1955 592; x_wconf 89' lang='lat' dir='ltr'>ratio-</span> 
     </span>
     <span class='ocr_line' id='line_1_8' title="bbox 208 611 1956 661; baseline 0.001 -12"><span class='ocrx_word' id='word_1_80' title='bbox 208 624 297 650; x_wconf 90' lang='lat' dir='ltr'>nem</span> <span class='ocrx_word' id='word_1_81' title='bbox 319 612 595 661; x_wconf 73' lang='lat' dir='ltr'>appellationis</span> <span class='ocrx_word' id='word_1_82' title='bbox 619 613 765 660; x_wconf 86' lang='lat' dir='ltr'>aperit:</span> <span class='ocrx_word' id='word_1_83' title='bbox 792 638 807 655; x_wconf 77' lang='grc'>»</span> <span class='ocrx_word' id='word_1_84' title='bbox 821 612 1024 655; x_wconf 84' lang='lat' dir='ltr'>Debemus,</span> <span class='ocrx_word' id='word_1_85' title='bbox 1060 611 1206 659; x_wconf 90' lang='lat' dir='ltr'>inquit,</span> <span class='ocrx_word' id='word_1_86' title='bbox 1231 611 1467 660; x_wconf 85' lang='lat' dir='ltr'>dignitatem</span> <span class='ocrx_word' id='word_1_87' title='bbox 1490 612 1670 661; x_wconf 87' lang='lat' dir='ltr'>propriae</span> <span class='ocrx_word' id='word_1_88' title='bbox 1691 613 1956 651; x_wconf 87' lang='lat' dir='ltr'>venerationis</span> 
     </span>
     <span class='ocr_line' id='line_1_9' title="bbox 209 670 1956 720; baseline 0.001 -12"><span class='ocrx_word' id='word_1_89' title='bbox 209 672 244 710; x_wconf 90' lang='lat' dir='ltr'>b.</span> <span class='ocrx_word' id='word_1_90' title='bbox 268 671 444 720; x_wconf 84' lang='lat' dir='ltr'>apostolo</span> <span class='ocrx_word' id='word_1_91' title='bbox 466 672 582 708; x_wconf 88' lang='lat' dir='ltr'>Petro</span> <span class='ocrx_word' id='word_1_92' title='bbox 614 671 885 708; x_wconf 80' lang='lat' dir='ltr'>intemeratam</span> <span class='ocrx_word' id='word_1_93' title='bbox 918 673 957 707; x_wconf 90' lang='lat' dir='ltr'>et</span> <span class='ocrx_word' id='word_1_94' title='bbox 985 670 1026 707; x_wconf 89' lang='lat' dir='ltr'>in</span> <span class='ocrx_word' id='word_1_95' title='bbox 1047 670 1192 708; x_wconf 87' lang='lat' dir='ltr'>nostris</span> <span class='ocrx_word' id='word_1_96' title='bbox 1216 671 1463 719; x_wconf 77' lang='lat' dir='ltr'>temporibus</span> <span class='ocrx_word' id='word_1_97' title='bbox 1485 683 1726 717; x_wconf 85' lang='lat' dir='ltr'>conservare,</span> <span class='ocrx_word' id='word_1_98' title='bbox 1758 674 1956 720; x_wconf 84' lang='lat' dir='ltr'>quatenus</span> 
     </span>
     <span class='ocr_line' id='line_1_10' title="bbox 208 729 1956 779; baseline 0 -11"><span class='ocrx_word' id='word_1_99' title='bbox 208 731 271 768; x_wconf 90' lang='lat' dir='ltr'>bb.</span> <span class='ocrx_word' id='word_1_100' title='bbox 294 743 475 768; x_wconf 80' lang='lat' dir='ltr'>romanae</span> <span class='ocrx_word' id='word_1_101' title='bbox 498 730 672 767; x_wconf 78' lang='lat' dir='ltr'>civitatis</span> <span class='ocrx_word' id='word_1_102' title='bbox 695 730 913 778; x_wconf 86' lang='lat' dir='ltr'>episcopus.</span> <span class='ocrx_word' id='word_1_103' title='bbox 949 729 1011 766; x_wconf 86' lang='lat' dir='ltr'>cui</span> <span class='ocrx_word' id='word_1_104' title='bbox 1039 729 1305 778; x_wconf 74' lang='lat' dir='ltr'>principatum</span> <span class='ocrx_word' id='word_1_105' title='bbox 1328 730 1535 768; x_wconf 87' lang='lat' dir='ltr'>sacerdotii</span> <span class='ocrx_word' id='word_1_106' title='bbox 1559 743 1678 779; x_wconf 90' lang='lat' dir='ltr'>super</span> <span class='ocrx_word' id='word_1_107' title='bbox 1700 743 1834 768; x_wconf 89' lang='lat' dir='ltr'>omnes</span> <span class='ocrx_word' id='word_1_108' title='bbox 1856 732 1956 768; x_wconf 89' lang='lat' dir='ltr'>anti-</span> 
     </span>
     <span class='ocr_line' id='line_1_11' title="bbox 209 788 1956 839; baseline 0.001 -13"><span class='ocrx_word' id='word_1_109' title='bbox 209 789 342 838; x_wconf 84' lang='lat' dir='ltr'>quitas</span> <span class='ocrx_word' id='word_1_110' title='bbox 372 789 553 833; x_wconf 86' lang='lat' dir='ltr'>contulit,</span> <span class='ocrx_word' id='word_1_111' title='bbox 588 789 717 826; x_wconf 89' lang='lat' dir='ltr'>locum</span> <span class='ocrx_word' id='word_1_112' title='bbox 753 788 894 826; x_wconf 83' lang='lat' dir='ltr'>habeat</span> <span class='ocrx_word' id='word_1_113' title='bbox 925 801 968 826; x_wconf 87' lang='lat' dir='ltr'>ac</span> <span class='ocrx_word' id='word_1_114' title='bbox 999 788 1225 826; x_wconf 75' lang='lat' dir='ltr'>facultatem</span> <span class='ocrx_word' id='word_1_115' title='bbox 1257 788 1303 826; x_wconf 88' lang='lat' dir='ltr'>de</span> <span class='ocrx_word' id='word_1_116' title='bbox 1334 789 1409 826; x_wconf 91' lang='lat' dir='ltr'>fide</span> <span class='ocrx_word' id='word_1_117' title='bbox 1436 792 1475 826; x_wconf 86' lang='lat' dir='ltr'>et</span> <span class='ocrx_word' id='word_1_118' title='bbox 1498 789 1764 827; x_wconf 85' lang='lat' dir='ltr'>sacerdotibus</span> <span class='ocrx_word' id='word_1_119' title='bbox 1780 789 1956 839; x_wconf 84' lang='lat' dir='ltr'>judicare</span> 
     </span>
     <span class='ocr_line' id='line_1_12' title="bbox 209 847 1956 897; baseline -0.001 -9"><span class='ocrx_word' id='word_1_120' title='bbox 209 881 216 888; x_wconf 92' lang='lat'><strong>.</strong></span> <span class='ocrx_word' id='word_1_121' title='bbox 243 878 250 884; x_wconf 92' lang='lat'><strong>.</strong></span> <span class='ocrx_word' id='word_1_122' title='bbox 276 879 284 886; x_wconf 93' lang='lat'><strong>.</strong></span> <span class='ocrx_word' id='word_1_123' title='bbox 307 848 436 895; x_wconf 87' lang='lat' dir='ltr'>Hujus</span> <span class='ocrx_word' id='word_1_124' title='bbox 467 848 570 885; x_wconf 86' lang='lat' dir='ltr'>enim</span> <span class='ocrx_word' id='word_1_125' title='bbox 603 848 661 884; x_wconf 88' lang='lat' dir='ltr'>rei</span> <span class='ocrx_word' id='word_1_126' title='bbox 693 847 822 897; x_wconf 86' lang='lat' dir='ltr'>gratia</span> <span class='ocrx_word' id='word_1_127' title='bbox 855 847 1072 885; x_wconf 85' lang='lat' dir='ltr'>secundum</span> <span class='ocrx_word' id='word_1_128' title='bbox 1105 847 1394 885; x_wconf 81' lang='lat' dir='ltr'>solemnitatem</span> <span class='ocrx_word' id='word_1_129' title='bbox 1426 860 1492 886; x_wconf 86' lang='lat' dir='ltr'>seu</span> <span class='ocrx_word' id='word_1_130' title='bbox 1525 859 1672 887; x_wconf 88' lang='lat' dir='ltr'>morem</span> <span class='ocrx_word' id='word_1_131' title='bbox 1703 849 1956 887; x_wconf 83' lang='lat' dir='ltr'>conciliorum</span> 
     </span>
     <span class='ocr_line' id='line_1_13' title="bbox 209 906 1955 959; baseline 0.001 -14"><span class='ocrx_word' id='word_1_132' title='bbox 209 907 663 955; x_wconf 82' lang='lat' dir='ltr'>constantinopolitanus</span> <span class='ocrx_word' id='word_1_133' title='bbox 678 906 888 955; x_wconf 89' lang='lat' dir='ltr'>episcopus</span> <span class='ocrx_word' id='word_1_134' title='bbox 904 919 994 944; x_wconf 92' lang='lat' dir='ltr'>eum</span> <span class='ocrx_word' id='word_1_135' title='bbox 1009 919 1078 955; x_wconf 90' lang='lat' dir='ltr'>per</span> <span class='ocrx_word' id='word_1_136' title='bbox 1091 906 1247 944; x_wconf 87' lang='lat' dir='ltr'>libellos</span> <span class='ocrx_word' id='word_1_137' title='bbox 1262 920 1283 943; x_wconf 88' lang='lat' dir='ltr'>a</span> <span class='ocrx_word' id='word_1_138' title='bbox 1294 921 1318 955; x_wconf 81' lang='lat' dir='ltr'>p</span> <span class='ocrx_word' id='word_1_139' title='bbox 1330 920 1356 956; x_wconf 87' lang='lat' dir='ltr'>p</span> <span class='ocrx_word' id='word_1_140' title='bbox 1367 907 1502 945; x_wconf 85' lang='lat' dir='ltr'>ellav</span> <span class='ocrx_word' id='word_1_141' title='bbox 1516 907 1555 945; x_wconf 85' lang='lat' dir='ltr'>it</span> <span class='ocrx_word' id='word_1_142' title='bbox 1576 906 1618 959; x_wconf 88' lang='lat'>¹).</span> <span class='ocrx_word' id='word_1_143' title='bbox 1629 913 1646 931; x_wconf 77' lang='lat'>&lt;¹</span> <span class='ocrx_word' id='word_1_144' title='bbox 1657 908 1844 945; x_wconf 79' lang='lat' dir='ltr'>-Plura</span> <span class='ocrx_word' id='word_1_145' title='bbox 1855 908 1955 946; x_wconf 82' lang='lat' dir='ltr'>facta</span> 
     </span>
     <span class='ocr_line' id='line_1_14' title="bbox 211 965 1956 1016; baseline 0.001 -14"><span class='ocrx_word' id='word_1_146' title='bbox 211 966 331 1004; x_wconf 88' lang='lat' dir='ltr'>refert</span> <span class='ocrx_word' id='word_1_147' title='bbox 354 966 595 1003; x_wconf 86' lang='lat' dir='ltr'>Gelasius</span> <span class='ocrx_word' id='word_1_148' title='bbox 616 966 645 1003; x_wconf 93' lang='grc' dir='ltr'>Ι.</span> <span class='ocrx_word' id='word_1_149' title='bbox 667 965 710 1002; x_wconf 90' lang='lat' dir='ltr'>in</span> <span class='ocrx_word' id='word_1_150' title='bbox 745 965 1042 1003; x_wconf 84' lang='lat' dir='ltr'>commonitorio</span> <span class='ocrx_word' id='word_1_151' title='bbox 1073 965 1121 1003; x_wconf 88' lang='lat' dir='ltr'>ad</span> <span class='ocrx_word' id='word_1_152' title='bbox 1143 966 1333 1003; x_wconf 81' lang='lat' dir='ltr'>Faustum</span> <span class='ocrx_word' id='word_1_153' title='bbox 1364 967 1597 1016; x_wconf 82' lang='lat' dir='ltr'>magistrum</span> <span class='ocrx_word' id='word_1_154' title='bbox 1628 966 1834 1016; x_wconf 73' lang='lat' dir='ltr'>legationis</span> <span class='ocrx_word' id='word_1_155' title='bbox 1864 967 1956 1005; x_wconf 90' lang='lat' dir='ltr'>fun-</span> 
     </span>
     <span class='ocr_line' id='line_1_15' title="bbox 208 1022 1956 1076; baseline 0.001 -14"><span class='ocrx_word' id='word_1_156' title='bbox 208 1028 367 1074; x_wconf 83' lang='lat' dir='ltr'>gentem</span> <span class='ocrx_word' id='word_1_157' title='bbox 390 1024 514 1063; x_wconf 85' lang='lat' dir='ltr'>offieio</span> <span class='ocrx_word' id='word_1_158' title='bbox 530 1024 871 1073; x_wconf 78' lang='lat' dir='ltr'>Constantinopoli</span> <span class='ocrx_word' id='word_1_159' title='bbox 896 1022 946 1076; x_wconf 89' lang='lat' dir='ltr'>(a.</span> <span class='ocrx_word' id='word_1_160' title='bbox 963 1022 1078 1076; x_wconf 87' lang='grc'>493).</span> <span class='ocrx_word' id='word_1_161' title='bbox 1103 1051 1119 1068; x_wconf 83' lang='lat'>»</span> <span class='ocrx_word' id='word_1_162' title='bbox 1131 1025 1211 1074; x_wconf 90' lang='lat' dir='ltr'>Ipsi</span> <span class='ocrx_word' id='word_1_163' title='bbox 1234 1027 1328 1062; x_wconf 92' lang='lat' dir='ltr'>sunt</span> <span class='ocrx_word' id='word_1_164' title='bbox 1350 1037 1528 1072; x_wconf 85' lang='lat' dir='ltr'>canones,</span> <span class='ocrx_word' id='word_1_165' title='bbox 1551 1026 1606 1063; x_wconf 89' lang='lat' dir='ltr'>ita</span> <span class='ocrx_word' id='word_1_166' title='bbox 1628 1026 1708 1071; x_wconf 89' lang='lat' dir='ltr'>ille,</span> <span class='ocrx_word' id='word_1_167' title='bbox 1732 1026 1801 1075; x_wconf 89' lang='lat' dir='ltr'>qui</span> <span class='ocrx_word' id='word_1_168' title='bbox 1823 1027 1956 1076; x_wconf 85' lang='lat' dir='ltr'>appel-</span> 
     </span>
     <span class='ocr_line' id='line_1_16' title="bbox 208 1083 1954 1134; baseline 0.001 -14"><span class='ocrx_word' id='word_1_169' title='bbox 208 1084 375 1121; x_wconf 85' lang='lat' dir='ltr'>lationes</span> <span class='ocrx_word' id='word_1_170' title='bbox 407 1084 532 1121; x_wconf 83' lang='lat' dir='ltr'>totius</span> <span class='ocrx_word' id='word_1_171' title='bbox 553 1084 748 1121; x_wconf 70' lang='lat' dir='ltr'>Ecclesiae</span> <span class='ocrx_word' id='word_1_172' title='bbox 781 1083 828 1121; x_wconf 89' lang='lat' dir='ltr'>ad</span> <span class='ocrx_word' id='word_1_173' title='bbox 851 1084 969 1131; x_wconf 87' lang='lat' dir='ltr'>hujus</span> <span class='ocrx_word' id='word_1_174' title='bbox 1001 1084 1103 1121; x_wconf 88' lang='lat' dir='ltr'>sedis</span> <span class='ocrx_word' id='word_1_175' title='bbox 1131 1097 1290 1130; x_wconf 70' lang='lat' dir='ltr'>examen</span> <span class='ocrx_word' id='word_1_176' title='bbox 1312 1084 1470 1122; x_wconf 83' lang='lat' dir='ltr'>voluere</span> <span class='ocrx_word' id='word_1_177' title='bbox 1493 1085 1656 1122; x_wconf 88' lang='lat' dir='ltr'>deferri:</span> <span class='ocrx_word' id='word_1_178' title='bbox 1688 1085 1736 1122; x_wconf 91' lang='lat' dir='ltr'>ab</span> <span class='ocrx_word' id='word_1_179' title='bbox 1757 1085 1844 1134; x_wconf 85' lang='lat' dir='ltr'>ipsa</span> <span class='ocrx_word' id='word_1_180' title='bbox 1865 1097 1954 1123; x_wconf 87' lang='lat' dir='ltr'>vero</span> 
     </span>
     <span class='ocr_line' id='line_1_17' title="bbox 208 1143 1955 1191; baseline 0.001 -11"><span class='ocrx_word' id='word_1_181' title='bbox 208 1155 403 1191; x_wconf 76' lang='lat' dir='ltr'>nusquam</span> <span class='ocrx_word' id='word_1_182' title='bbox 427 1154 588 1191; x_wconf 82' lang='lat' dir='ltr'>prorsus</span> <span class='ocrx_word' id='word_1_183' title='bbox 611 1143 799 1191; x_wconf 87' lang='lat' dir='ltr'>appellari</span> <span class='ocrx_word' id='word_1_184' title='bbox 821 1143 960 1180; x_wconf 81' lang='lat' dir='ltr'>debere</span> <span class='ocrx_word' id='word_1_185' title='bbox 983 1145 1218 1188; x_wconf 82' lang='lat' dir='ltr'>sanxerunt3</span> <span class='ocrx_word' id='word_1_186' title='bbox 1242 1154 1286 1180; x_wconf 84' lang='lat' dir='ltr'>ac</span> <span class='ocrx_word' id='word_1_187' title='bbox 1307 1156 1377 1191; x_wconf 70' lang='lat' dir='ltr'>per</span> <span class='ocrx_word' id='word_1_188' title='bbox 1398 1144 1469 1182; x_wconf 82' lang='lat' dir='ltr'>hoc.</span> <span class='ocrx_word' id='word_1_189' title='bbox 1491 1144 1600 1181; x_wconf 90' lang='lat' dir='ltr'>illam</span> <span class='ocrx_word' id='word_1_190' title='bbox 1621 1144 1668 1181; x_wconf 88' lang='lat' dir='ltr'>de</span> <span class='ocrx_word' id='word_1_191' title='bbox 1692 1146 1773 1181; x_wconf 78' lang='lat' dir='ltr'>tota</span> <span class='ocrx_word' id='word_1_192' title='bbox 1785 1144 1955 1182; x_wconf 81' lang='lat' dir='ltr'>Ecclesia</span> 
     </span>
     <span class='ocr_line' id='line_1_18' title="bbox 203 1201 1955 1253; baseline 0.001 -14"><span class='ocrx_word' id='word_1_193' title='bbox 203 1201 395 1251; x_wconf 80' lang='lat' dir='ltr'>judicare,</span> <span class='ocrx_word' id='word_1_194' title='bbox 424 1202 545 1250; x_wconf 80' lang='lat' dir='ltr'>ipsam</span> <span class='ocrx_word' id='word_1_195' title='bbox 571 1201 618 1239; x_wconf 89' lang='lat' dir='ltr'>ad</span> <span class='ocrx_word' id='word_1_196' title='bbox 640 1202 794 1239; x_wconf 86' lang='lat' dir='ltr'>nullius</span> <span class='ocrx_word' id='word_1_197' title='bbox 817 1214 1030 1239; x_wconf 83' lang='lat' dir='ltr'>commeare</span> <span class='ocrx_word' id='word_1_198' title='bbox 1047 1202 1257 1251; x_wconf 85' lang='lat' dir='ltr'>judicium,</span> <span class='ocrx_word' id='word_1_199' title='bbox 1290 1215 1359 1239; x_wconf 82' lang='lat' dir='ltr'>nec</span> <span class='ocrx_word' id='word_1_200' title='bbox 1381 1203 1427 1239; x_wconf 84' lang='lat' dir='ltr'>de</span> <span class='ocrx_word' id='word_1_201' title='bbox 1450 1205 1534 1251; x_wconf 80' lang='lat' dir='ltr'>ejus</span> <span class='ocrx_word' id='word_1_202' title='bbox 1557 1216 1731 1252; x_wconf 87' lang='lat' dir='ltr'>unquam</span> <span class='ocrx_word' id='word_1_203' title='bbox 1752 1215 1955 1253; x_wconf 87' lang='lat' dir='ltr'>praecepe-</span> 
     </span>
     <span class='ocr_line' id='line_1_19' title="bbox 207 1261 1954 1311; baseline 0.001 -13"><span class='ocrx_word' id='word_1_204' title='bbox 207 1264 305 1298; x_wconf 90' lang='lat' dir='ltr'>runt</span> <span class='ocrx_word' id='word_1_205' title='bbox 320 1261 473 1310; x_wconf 84' lang='lat' dir='ltr'>judicio</span> <span class='ocrx_word' id='word_1_206' title='bbox 492 1261 673 1309; x_wconf 69' lang='lat' dir='ltr'>judicari,</span> <span class='ocrx_word' id='word_1_207' title='bbox 698 1261 1014 1310; x_wconf 80' lang='lat' dir='ltr'>sententiamque</span> <span class='ocrx_word' id='word_1_208' title='bbox 1036 1261 1146 1299; x_wconf 91' lang='lat' dir='ltr'>illius</span> <span class='ocrx_word' id='word_1_209' title='bbox 1170 1261 1465 1299; x_wconf 77' lang='lat' dir='ltr'>constituerunt</span> <span class='ocrx_word' id='word_1_210' title='bbox 1486 1275 1564 1300; x_wconf 90' lang='lat' dir='ltr'>non</span> <span class='ocrx_word' id='word_1_211' title='bbox 1587 1266 1764 1311; x_wconf 81' lang='lat' dir='ltr'>oportere</span> <span class='ocrx_word' id='word_1_212' title='bbox 1785 1262 1954 1308; x_wconf 87' lang='lat' dir='ltr'>dissolvi,</span> 
     </span>
     <span class='ocr_line' id='line_1_20' title="bbox 208 1320 1956 1370; baseline 0.001 -13"><span class='ocrx_word' id='word_1_213' title='bbox 208 1321 320 1369; x_wconf 88' lang='lat' dir='ltr'>cujus</span> <span class='ocrx_word' id='word_1_214' title='bbox 352 1320 487 1368; x_wconf 82' lang='lat' dir='ltr'>potius</span> <span class='ocrx_word' id='word_1_215' title='bbox 521 1320 676 1357; x_wconf 81' lang='lat' dir='ltr'>decreta</span> <span class='ocrx_word' id='word_1_216' title='bbox 706 1321 905 1369; x_wconf 86' lang='lat' dir='ltr'>sequenda</span> <span class='ocrx_word' id='word_1_217' title='bbox 939 1320 1187 1358; x_wconf 83' lang='lat' dir='ltr'>mandarunt.</span> <span class='ocrx_word' id='word_1_218' title='bbox 1229 1321 1275 1358; x_wconf 87' lang='lat' dir='ltr'>In</span> <span class='ocrx_word' id='word_1_219' title='bbox 1297 1321 1368 1358; x_wconf 88' lang='lat' dir='ltr'>hac</span> <span class='ocrx_word' id='word_1_220' title='bbox 1398 1321 1484 1370; x_wconf 88' lang='lat' dir='ltr'>ipsa</span> <span class='ocrx_word' id='word_1_221' title='bbox 1512 1333 1626 1359; x_wconf 86' lang='lat' dir='ltr'>eausa</span> <span class='ocrx_word' id='word_1_222' title='bbox 1656 1321 1956 1359; x_wconf 85' lang='lat' dir='ltr'>Timotheus</span> 
     </span>
     <span class='ocr_line' id='line_1_21' title="bbox 207 1379 1954 1427; baseline 0.001 -11"><span class='ocrx_word' id='word_1_223' title='bbox 207 1379 484 1416; x_wconf 80' lang='lat' dir='ltr'>alexandrinus</span> <span class='ocrx_word' id='word_1_224' title='bbox 506 1381 545 1416; x_wconf 87' lang='lat' dir='ltr'>et</span> <span class='ocrx_word' id='word_1_225' title='bbox 569 1379 756 1417; x_wconf 88' lang='lat' dir='ltr'>Petrus</span> <span class='ocrx_word' id='word_1_226' title='bbox 778 1379 1048 1426; x_wconf 80' lang='lat' dir='ltr'>antiochenus,</span> <span class='ocrx_word' id='word_1_227' title='bbox 1064 1380 1271 1425; x_wconf 80' lang='lat' dir='ltr'>Petrus,</span> <span class='ocrx_word' id='word_1_228' title='bbox 1288 1380 1500 1426; x_wconf 89' lang='lat' dir='ltr'>Paulus,</span> <span class='ocrx_word' id='word_1_229' title='bbox 1517 1381 1741 1418; x_wconf 85' lang='lat' dir='ltr'>-Joannes</span> <span class='ocrx_word' id='word_1_230' title='bbox 1763 1382 1804 1418; x_wconf 85' lang='lat' dir='ltr'>et</span> <span class='ocrx_word' id='word_1_231' title='bbox 1823 1381 1954 1427; x_wconf 79' lang='lat' dir='ltr'>ceteri,</span> 
     </span>
     <span class='ocr_line' id='line_1_22' title="bbox 206 1439 1954 1488; baseline 0.001 -13"><span class='ocrx_word' id='word_1_232' title='bbox 206 1450 285 1475; x_wconf 91' lang='lat' dir='ltr'>non</span> <span class='ocrx_word' id='word_1_233' title='bbox 317 1439 444 1475; x_wconf 89' lang='lat' dir='ltr'>solum</span> <span class='ocrx_word' id='word_1_234' title='bbox 474 1451 592 1482; x_wconf 90' lang='lat' dir='ltr'>unus,</span> <span class='ocrx_word' id='word_1_235' title='bbox 625 1439 690 1476; x_wconf 88' lang='lat' dir='ltr'>sed</span> <span class='ocrx_word' id='word_1_236' title='bbox 720 1439 857 1488; x_wconf 89' lang='lat' dir='ltr'>plures</span> <span class='ocrx_word' id='word_1_237' title='bbox 884 1439 1022 1487; x_wconf 84' lang='lat' dir='ltr'>utique</span> <span class='ocrx_word' id='word_1_238' title='bbox 1044 1451 1187 1476; x_wconf 90' lang='lat' dir='ltr'>nomen</span> <span class='ocrx_word' id='word_1_239' title='bbox 1210 1439 1416 1477; x_wconf 85' lang='lat' dir='ltr'>sacerdotii</span> <span class='ocrx_word' id='word_1_240' title='bbox 1439 1440 1717 1488; x_wconf 81' lang='lat' dir='ltr'>praeferentes,</span> <span class='ocrx_word' id='word_1_241' title='bbox 1750 1440 1831 1477; x_wconf 89' lang='lat' dir='ltr'>sola</span> <span class='ocrx_word' id='word_1_242' title='bbox 1853 1439 1954 1477; x_wconf 88' lang='lat' dir='ltr'>sedis</span> 
     </span>
     <span class='ocr_line' id='line_1_23' title="bbox 208 1497 1952 1548; baseline 0.001 -14"><span class='ocrx_word' id='word_1_243' title='bbox 208 1497 443 1546; x_wconf 86' lang='lat' dir='ltr'>apostolicae</span> <span class='ocrx_word' id='word_1_244' title='bbox 477 1500 573 1534; x_wconf 90' lang='lat' dir='ltr'>sunt</span> <span class='ocrx_word' id='word_1_245' title='bbox 603 1498 838 1535; x_wconf 79' lang='lat' dir='ltr'>auctoritate</span> <span class='ocrx_word' id='word_1_246' title='bbox 870 1498 1010 1546; x_wconf 84' lang='lat' dir='ltr'>dejecti</span> <span class='ocrx_word' id='word_1_247' title='bbox 1035 1529 1042 1536; x_wconf 95' lang='lat'><strong>.</strong></span> <span class='ocrx_word' id='word_1_248' title='bbox 1065 1527 1074 1535; x_wconf 90' lang='lat'><strong><em>.</em></strong></span> <span class='ocrx_word' id='word_1_249' title='bbox 1097 1527 1104 1534; x_wconf 94' lang='lat'>.</span> <span class='ocrx_word' id='word_1_250' title='bbox 1128 1497 1240 1542; x_wconf 68' lang='lat' dir='ltr'>Quod</span> <span class='ocrx_word' id='word_1_251' title='bbox 1264 1498 1402 1546; x_wconf 87' lang='lat' dir='ltr'>utique</span> <span class='ocrx_word' id='word_1_252' title='bbox 1425 1498 1802 1548; x_wconf 58' lang='lat' dir='ltr'>siciivapostolicam</span> <span class='ocrx_word' id='word_1_253' title='bbox 1823 1499 1952 1536; x_wconf 89' lang='lat' dir='ltr'>sedem</span> 
     </span>
     <span class='ocr_line' id='line_1_24' title="bbox 204 1556 1953 1607; baseline 0.002 -14"><span class='ocrx_word' id='word_1_254' title='bbox 204 1557 319 1604; x_wconf 84' lang='lat' dir='ltr'>juxta</span> <span class='ocrx_word' id='word_1_255' title='bbox 350 1556 512 1594; x_wconf 87' lang='lat' dir='ltr'>formam</span> <span class='ocrx_word' id='word_1_256' title='bbox 546 1557 771 1605; x_wconf 78' lang='lat' dir='ltr'>synodicam</span> <span class='ocrx_word' id='word_1_257' title='bbox 803 1557 938 1594; x_wconf 84' lang='lat' dir='ltr'>fecisse</span> <span class='ocrx_word' id='word_1_258' title='bbox 970 1556 1222 1594; x_wconf 85' lang='lat' dir='ltr'>manifestum</span> <span class='ocrx_word' id='word_1_259' title='bbox 1255 1559 1323 1602; x_wconf 79' lang='lat' dir='ltr'>est,</span> <span class='ocrx_word' id='word_1_260' title='bbox 1357 1557 1411 1594; x_wconf 87' lang='lat' dir='ltr'>sic</span> <span class='ocrx_word' id='word_1_261' title='bbox 1441 1557 1639 1595; x_wconf 87' lang='lat' dir='ltr'>neminem</span> <span class='ocrx_word' id='word_1_262' title='bbox 1671 1558 1863 1596; x_wconf 84' lang='lat' dir='ltr'>resultare</span> <span class='ocrx_word' id='word_1_263' title='bbox 1884 1570 1953 1607; x_wconf 92' lang='lat' dir='ltr'>po-</span> 
     </span>
     <span class='ocr_line' id='line_1_25' title="bbox 207 1613 1955 1669; baseline 0.001 -17"><span class='ocrx_word' id='word_1_264' title='bbox 207 1615 328 1653; x_wconf 88' lang='lat' dir='ltr'>tuisse</span> <span class='ocrx_word' id='word_1_265' title='bbox 360 1615 625 1653; x_wconf 85' lang='lat' dir='ltr'>certissimum</span> <span class='ocrx_word' id='word_1_266' title='bbox 656 1613 735 1669; x_wconf 90' lang='lat' dir='ltr'>(ep.</span> <span class='ocrx_word' id='word_1_267' title='bbox 766 1624 814 1657; x_wconf 90' lang='lat'>10</span> <span class='ocrx_word' id='word_1_268' title='bbox 840 1629 877 1653; x_wconf 90' lang='lat' dir='ltr'>n.</span> <span class='ocrx_word' id='word_1_269' title='bbox 904 1613 987 1667; x_wconf 75' lang='lat'>5).‘</span> <span class='ocrx_word' id='word_1_270' title='bbox 1029 1616 1081 1653; x_wconf 92' lang='lat' dir='ltr'>Et</span> <span class='ocrx_word' id='word_1_271' title='bbox 1111 1616 1257 1653; x_wconf 86' lang='lat' dir='ltr'>iterum</span> <span class='ocrx_word' id='word_1_272' title='bbox 1285 1616 1334 1653; x_wconf 86' lang='lat' dir='ltr'>ad</span> <span class='ocrx_word' id='word_1_273' title='bbox 1355 1617 1449 1654; x_wconf 85' lang='lat' dir='ltr'>haec</span> <span class='ocrx_word' id='word_1_274' title='bbox 1471 1615 1573 1654; x_wconf 80' lang='lat' dir='ltr'>facta</span> <span class='ocrx_word' id='word_1_275' title='bbox 1593 1616 1808 1665; x_wconf 82' lang='lat' dir='ltr'>respiciens</span> <span class='ocrx_word' id='word_1_276' title='bbox 1829 1617 1885 1654; x_wconf 88' lang='lat' dir='ltr'>ita</span> <span class='ocrx_word' id='word_1_277' title='bbox 1906 1617 1955 1654; x_wconf 88' lang='lat' dir='ltr'>ad</span> 
     </span>
     <span class='ocr_line' id='line_1_26' title="bbox 208 1672 1952 1727; baseline 0.001 -16"><span class='ocrx_word' id='word_1_278' title='bbox 208 1674 407 1724; x_wconf 79' lang='lat' dir='ltr'>episcopos</span> <span class='ocrx_word' id='word_1_279' title='bbox 428 1674 646 1712; x_wconf 80' lang='lat' dir='ltr'>Dardaniae</span> <span class='ocrx_word' id='word_1_280' title='bbox 669 1672 744 1727; x_wconf 89' lang='lat' dir='ltr'>(ep.</span> <span class='ocrx_word' id='word_1_281' title='bbox 771 1682 822 1716; x_wconf 84' lang='lat'>26</span> <span class='ocrx_word' id='word_1_282' title='bbox 847 1688 946 1724; x_wconf 83' lang='lat' dir='ltr'>quae</span> <span class='ocrx_word' id='word_1_283' title='bbox 969 1677 1055 1713; x_wconf 89' lang='lat' dir='ltr'>tota</span> <span class='ocrx_word' id='word_1_284' title='bbox 1076 1675 1152 1713; x_wconf 87' lang='lat' dir='ltr'>huc</span> <span class='ocrx_word' id='word_1_285' title='bbox 1175 1672 1341 1727; x_wconf 86' lang='lat' dir='ltr'>spectat)</span> <span class='ocrx_word' id='word_1_286' title='bbox 1365 1675 1534 1713; x_wconf 86' lang='lat' dir='ltr'>scribere</span> <span class='ocrx_word' id='word_1_287' title='bbox 1555 1676 1690 1725; x_wconf 87' lang='lat' dir='ltr'>potuit</span> <span class='ocrx_word' id='word_1_288' title='bbox 1710 1689 1748 1714; x_wconf 90' lang='lat' dir='ltr'>n.</span> <span class='ocrx_word' id='word_1_289' title='bbox 1773 1672 1818 1717; x_wconf 83' lang='lat'>5:</span> <span class='ocrx_word' id='word_1_290' title='bbox 1851 1704 1867 1719; x_wconf 71' lang='grc'>,-,</span> <span class='ocrx_word' id='word_1_291' title='bbox 1878 1675 1952 1713; x_wconf 85' lang='lat' dir='ltr'>Sed</span> 
     </span>
     <span class='ocr_line' id='line_1_27' title="bbox 207 1734 1952 1784; baseline 0.001 -14"><span class='ocrx_word' id='word_1_292' title='bbox 207 1746 277 1771; x_wconf 80' lang='lat' dir='ltr'>nec</span> <span class='ocrx_word' id='word_1_293' title='bbox 307 1734 377 1771; x_wconf 83' lang='lat' dir='ltr'>illa</span> <span class='ocrx_word' id='word_1_294' title='bbox 406 1734 679 1783; x_wconf 86' lang='lat' dir='ltr'>praeterimus,</span> <span class='ocrx_word' id='word_1_295' title='bbox 712 1735 816 1783; x_wconf 91' lang='lat' dir='ltr'>quod</span> <span class='ocrx_word' id='word_1_296' title='bbox 847 1735 1060 1784; x_wconf 85' lang='lat' dir='ltr'>apostolica</span> <span class='ocrx_word' id='word_1_297' title='bbox 1082 1735 1192 1772; x_wconf 76' lang='lat' dir='ltr'>sedes</span> <span class='ocrx_word' id='word_1_298' title='bbox 1215 1734 1454 1783; x_wconf 76' lang='lat' dir='ltr'>frequenter,</span> <span class='ocrx_word' id='word_1_299' title='bbox 1487 1735 1547 1772; x_wconf 83' lang='lat' dir='ltr'>uti</span> <span class='ocrx_word' id='word_1_300' title='bbox 1570 1735 1720 1772; x_wconf 83' lang='lat' dir='ltr'>dictum</span> <span class='ocrx_word' id='word_1_301' title='bbox 1743 1737 1815 1781; x_wconf 87' lang='lat' dir='ltr'>est,</span> <span class='ocrx_word' id='word_1_302' title='bbox 1848 1748 1952 1773; x_wconf 86' lang='lat' dir='ltr'>more</span> 
     </span>
     <span class='ocr_line' id='line_1_28' title="bbox 206 1793 1951 1843; baseline 0.001 -13"><span class='ocrx_word' id='word_1_303' title='bbox 206 1793 400 1842; x_wconf 84' lang='lat' dir='ltr'>majorum</span> <span class='ocrx_word' id='word_1_304' title='bbox 422 1793 541 1830; x_wconf 88' lang='lat' dir='ltr'>etiam</span> <span class='ocrx_word' id='word_1_305' title='bbox 563 1793 645 1831; x_wconf 86' lang='lat' dir='ltr'>sine</span> <span class='ocrx_word' id='word_1_306' title='bbox 667 1794 751 1831; x_wconf 86' lang='lat' dir='ltr'>ulla</span> <span class='ocrx_word' id='word_1_307' title='bbox 773 1794 923 1843; x_wconf 86' lang='lat' dir='ltr'>synodo</span> <span class='ocrx_word' id='word_1_308' title='bbox 945 1794 1201 1842; x_wconf 80' lang='lat' dir='ltr'>praecedente</span> <span class='ocrx_word' id='word_1_309' title='bbox 1223 1796 1264 1831; x_wconf 83' lang='lat' dir='ltr'>et</span> <span class='ocrx_word' id='word_1_310' title='bbox 1284 1794 1525 1840; x_wconf 87' lang='lat' dir='ltr'>absolvendi,</span> <span class='ocrx_word' id='word_1_311' title='bbox 1559 1806 1657 1842; x_wconf 88' lang='lat' dir='ltr'>quos</span> <span class='ocrx_word' id='word_1_312' title='bbox 1679 1794 1853 1843; x_wconf 82' lang='lat' dir='ltr'>synodus</span> <span class='ocrx_word' id='word_1_313' title='bbox 1875 1793 1951 1831; x_wconf 88' lang='lat' dir='ltr'>ini-</span> 
     </span>
     <span class='ocr_line' id='line_1_29' title="bbox 207 1852 1954 1903; baseline 0.001 -14"><span class='ocrx_word' id='word_1_314' title='bbox 207 1865 282 1900; x_wconf 84' lang='lat' dir='ltr'>que</span> <span class='ocrx_word' id='word_1_315' title='bbox 304 1853 567 1896; x_wconf 85' lang='lat' dir='ltr'>damnaverat,</span> <span class='ocrx_word' id='word_1_316' title='bbox 592 1855 632 1890; x_wconf 86' lang='lat' dir='ltr'>et</span> <span class='ocrx_word' id='word_1_317' title='bbox 653 1852 863 1890; x_wconf 83' lang='lat' dir='ltr'>damnandi</span> <span class='ocrx_word' id='word_1_318' title='bbox 884 1853 996 1890; x_wconf 88' lang='lat' dir='ltr'>nulla</span> <span class='ocrx_word' id='word_1_319' title='bbox 1017 1853 1229 1890; x_wconf 77' lang='lat' dir='ltr'>exsistente</span> <span class='ocrx_word' id='word_1_320' title='bbox 1252 1853 1414 1902; x_wconf 87' lang='lat' dir='ltr'>synodo,</span> <span class='ocrx_word' id='word_1_321' title='bbox 1438 1866 1536 1902; x_wconf 89' lang='lat' dir='ltr'>quos</span> <span class='ocrx_word' id='word_1_322' title='bbox 1559 1853 1748 1903; x_wconf 77' lang='lat' dir='ltr'>oportuit,</span> <span class='ocrx_word' id='word_1_323' title='bbox 1773 1853 1954 1891; x_wconf 87' lang='lat' dir='ltr'>habuerit</span> 
     </span>
     <span class='ocr_line' id='line_1_30' title="bbox 205 1911 1953 1962; baseline 0.002 -16"><span class='ocrx_word' id='word_1_324' title='bbox 205 1911 444 1948; x_wconf 74' lang='lat' dir='ltr'>facultatem.</span> <span class='ocrx_word' id='word_1_325' title='bbox 488 1912 654 1949; x_wconf 82' lang='lat' dir='ltr'>Sanctae</span> <span class='ocrx_word' id='word_1_326' title='bbox 686 1912 893 1950; x_wconf 87' lang='lat' dir='ltr'>memoriae</span> <span class='ocrx_word' id='word_1_327' title='bbox 925 1912 1073 1961; x_wconf 88' lang='lat' dir='ltr'>quippe</span> <span class='ocrx_word' id='word_1_328' title='bbox 1095 1912 1446 1949; x_wconf 86' lang='lat' dir='ltr'>Athanasium&#39;</span> <span class='ocrx_word' id='word_1_329' title='bbox 1463 1912 1638 1962; x_wconf 81' lang='lat' dir='ltr'>synodus</span> <span class='ocrx_word' id='word_1_330' title='bbox 1661 1912 1866 1950; x_wconf 82' lang='lat' dir='ltr'>orientalis</span> <span class='ocrx_word' id='word_1_331' title='bbox 1888 1912 1953 1950; x_wconf 86' lang='lat' dir='ltr'>ad-</span> 
     </span>
     <span class='ocr_line' id='line_1_31' title="bbox 206 1969 1953 2023; baseline 0.002 -17"><span class='ocrx_word' id='word_1_332' title='bbox 206 1969 356 2007; x_wconf 73' lang='lat' dir='ltr'>dixerat</span> <span class='ocrx_word' id='word_1_333' title='bbox 378 1969 420 2023; x_wconf 90' lang='lat' dir='ltr'>(f.</span> <span class='ocrx_word' id='word_1_334' title='bbox 435 1971 637 2008; x_wconf 81' lang='lat' dir='ltr'>abdixerat</span> <span class='ocrx_word' id='word_1_335' title='bbox 658 1971 683 2008; x_wconf 92' lang='lat' dir='ltr'>i.</span> <span class='ocrx_word' id='word_1_336' title='bbox 698 1984 729 2008; x_wconf 88' lang='lat' dir='ltr'>e.</span> <span class='ocrx_word' id='word_1_337' title='bbox 744 1971 1009 2017; x_wconf 83' lang='lat' dir='ltr'>damnaverat,</span> <span class='ocrx_word' id='word_1_338' title='bbox 1033 1969 1299 2023; x_wconf 88' lang='lat' dir='ltr'>deposuerat),</span> <span class='ocrx_word' id='word_1_339' title='bbox 1323 1984 1441 2020; x_wconf 88' lang='lat' dir='ltr'>quem</span> <span class='ocrx_word' id='word_1_340' title='bbox 1462 1973 1595 2009; x_wconf 89' lang='lat' dir='ltr'>tamen</span> <span class='ocrx_word' id='word_1_341' title='bbox 1617 1974 1822 2021; x_wconf 74' lang='lat' dir='ltr'>exceptum</span> <span class='ocrx_word' id='word_1_342' title='bbox 1845 1971 1953 2009; x_wconf 85' lang='lat' dir='ltr'>sedes</span> 
     </span>
     <span class='ocr_line' id='line_1_32' title="bbox 207 2029 1950 2080; baseline 0.001 -14"><span class='ocrx_word' id='word_1_343' title='bbox 207 2029 432 2078; x_wconf 84' lang='lat' dir='ltr'>apostolica,</span> <span class='ocrx_word' id='word_1_344' title='bbox 465 2030 558 2078; x_wconf 86' lang='lat' dir='ltr'>quia</span> <span class='ocrx_word' id='word_1_345' title='bbox 589 2029 833 2068; x_wconf 82' lang='lat' dir='ltr'>damnationi</span> <span class='ocrx_word' id='word_1_346' title='bbox 856 2043 1086 2080; x_wconf 84' lang='lat' dir='ltr'>graecorum</span> <span class='ocrx_word' id='word_1_347' title='bbox 1108 2043 1188 2068; x_wconf 91' lang='lat' dir='ltr'>non</span> <span class='ocrx_word' id='word_1_348' title='bbox 1211 2031 1421 2075; x_wconf 82' lang='lat' dir='ltr'>consensit,</span> <span class='ocrx_word' id='word_1_349' title='bbox 1457 2031 1639 2069; x_wconf 88' lang='lat' dir='ltr'>absolvit.</span> <span class='ocrx_word' id='word_1_350' title='bbox 1683 2031 1719 2068; x_wconf 93' lang='lat' dir='ltr'>S.</span> <span class='ocrx_word' id='word_1_351' title='bbox 1740 2030 1950 2068; x_wconf 85' lang='lat' dir='ltr'>memoriae</span> 
     </span>
     <span class='ocr_line' id='line_1_33' title="bbox 204 2087 1953 2140; baseline 0.002 -16"><span class='ocrx_word' id='word_1_352' title='bbox 204 2088 464 2126; x_wconf 88' lang='lat' dir='ltr'>nihilominus</span> <span class='ocrx_word' id='word_1_353' title='bbox 486 2088 510 2126; x_wconf 84' lang='lat' dir='ltr'><strong>J</strong></span> <span class='ocrx_word' id='word_1_354' title='bbox 522 2101 742 2136; x_wconf 74' lang='lat' dir='ltr'>oannem</span> <span class='ocrx_word' id='word_1_355' title='bbox 757 2087 1113 2140; x_wconf 73' lang='lat' dir='ltr'>(chrysostomum)</span> <span class='ocrx_word' id='word_1_356' title='bbox 1140 2090 1615 2138; x_wconf 88' lang='lat' dir='ltr'>constantinopolitanum</span> <span class='ocrx_word' id='word_1_357' title='bbox 1638 2090 1812 2138; x_wconf 90' lang='lat' dir='ltr'>synodus</span> <span class='ocrx_word' id='word_1_358' title='bbox 1834 2089 1953 2127; x_wconf 88' lang='lat' dir='ltr'>etiam</span> 
     </span>
     <span class='ocr_line' id='line_1_34' title="bbox 206 2147 1953 2201; baseline 0.001 -17"><span class='ocrx_word' id='word_1_359' title='bbox 206 2147 486 2185; x_wconf 79' lang='lat' dir='ltr'>catholicorum</span> <span class='ocrx_word' id='word_1_360' title='bbox 517 2149 745 2201; x_wconf 57' lang='lat' dir='ltr'>praw</span> <span class='ocrx_word' id='word_1_361' title='bbox 778 2154 884 2186; x_wconf 80' lang='lat' dir='ltr'>certe</span> <span class='ocrx_word' id='word_1_362' title='bbox 915 2149 1131 2194; x_wconf 84' lang='lat' dir='ltr'>damnarat,</span> <span class='ocrx_word' id='word_1_363' title='bbox 1165 2161 1282 2197; x_wconf 88' lang='lat' dir='ltr'>quem</span> <span class='ocrx_word' id='word_1_364' title='bbox 1314 2148 1437 2185; x_wconf 86' lang='lat' dir='ltr'>simili</span> <span class='ocrx_word' id='word_1_365' title='bbox 1467 2149 1716 2188; x_wconf 58' lang='lat' dir='ltr'>modo-sedes</span> <span class='ocrx_word' id='word_1_366' title='bbox 1737 2148 1953 2198; x_wconf 85' lang='lat' dir='ltr'>apostolica</span> 
     </span>
     <span class='ocr_line' id='line_1_35' title="bbox 205 2206 1953 2257; baseline 0.002 -15"><span class='ocrx_word' id='word_1_367' title='bbox 205 2206 323 2243; x_wconf 81' lang='lat' dir='ltr'>etiam</span> <span class='ocrx_word' id='word_1_368' title='bbox 346 2207 441 2253; x_wconf 89' lang='lat' dir='ltr'>sola,</span> <span class='ocrx_word' id='word_1_369' title='bbox 463 2207 557 2256; x_wconf 88' lang='lat' dir='ltr'>quia</span> <span class='ocrx_word' id='word_1_370' title='bbox 577 2220 657 2245; x_wconf 92' lang='lat' dir='ltr'>non</span> <span class='ocrx_word' id='word_1_371' title='bbox 679 2208 887 2254; x_wconf 83' lang='lat' dir='ltr'>consensit,</span> <span class='ocrx_word' id='word_1_372' title='bbox 921 2208 1112 2252; x_wconf 86' lang='lat' dir='ltr'>absolvit;</span> <span class='ocrx_word' id='word_1_373' title='bbox 1144 2208 1319 2256; x_wconf 82' lang='lat' dir='ltr'>itemque</span> <span class='ocrx_word' id='word_1_374' title='bbox 1343 2220 1372 2245; x_wconf 92' lang='lat' dir='ltr'>s.</span> <span class='ocrx_word' id='word_1_375' title='bbox 1394 2221 1445 2245; x_wconf 89' lang='lat' dir='ltr'>m.</span> <span class='ocrx_word' id='word_1_376' title='bbox 1468 2208 1700 2245; x_wconf 86' lang='lat' dir='ltr'>Flavianum</span> <span class='ocrx_word' id='word_1_377' title='bbox 1720 2207 1953 2257; x_wconf 88' lang='lat' dir='ltr'>pontificum</span> 
     </span>
     <span class='ocr_line' id='line_1_36' title="bbox 206 2262 1953 2319; baseline 0.001 -17"><span class='ocrx_word' id='word_1_378' title='bbox 206 2262 270 2316; x_wconf 87' lang='lat' dir='ltr'>(al.</span> <span class='ocrx_word' id='word_1_379' title='bbox 299 2266 459 2303; x_wconf 80' lang='lat' dir='ltr'>additur</span> <span class='ocrx_word' id='word_1_380' title='bbox 488 2264 733 2319; x_wconf 79' lang='lat' dir='ltr'>graecorum)</span> <span class='ocrx_word' id='word_1_381' title='bbox 765 2267 1068 2317; x_wconf 82' lang='lat' dir='ltr'>congregatione</span> <span class='ocrx_word' id='word_1_382' title='bbox 1098 2267 1328 2304; x_wconf 83' lang='lat' dir='ltr'>damnatum</span> <span class='ocrx_word' id='word_1_383' title='bbox 1358 2267 1443 2315; x_wconf 85' lang='lat' dir='ltr'>pari</span> <span class='ocrx_word' id='word_1_384' title='bbox 1473 2269 1619 2311; x_wconf 84' lang='lat' dir='ltr'>tenore,</span> <span class='ocrx_word' id='word_1_385' title='bbox 1650 2267 1840 2315; x_wconf 84' lang='lat' dir='ltr'>quoniam</span> <span class='ocrx_word' id='word_1_386' title='bbox 1871 2267 1953 2304; x_wconf 82' lang='lat' dir='ltr'>sola</span> 
     </span>
     <span class='ocr_line' id='line_1_37' title="bbox 205 2323 1950 2375; baseline 0.002 -15"><span class='ocrx_word' id='word_1_387' title='bbox 205 2323 315 2361; x_wconf 88' lang='lat' dir='ltr'>sedes</span> <span class='ocrx_word' id='word_1_388' title='bbox 347 2325 559 2372; x_wconf 80' lang='lat' dir='ltr'>apostolica</span> <span class='ocrx_word' id='word_1_389' title='bbox 589 2338 667 2363; x_wconf 92' lang='lat' dir='ltr'>non</span> <span class='ocrx_word' id='word_1_390' title='bbox 698 2326 911 2369; x_wconf 79' lang='lat' dir='ltr'>consensit,</span> <span class='ocrx_word' id='word_1_391' title='bbox 945 2326 1125 2369; x_wconf 86' lang='lat' dir='ltr'>absolvit,</span> <span class='ocrx_word' id='word_1_392' title='bbox 1159 2326 1373 2374; x_wconf 87' lang='lat' dir='ltr'>potiusque</span> <span class='ocrx_word' id='word_1_393' title='bbox 1407 2326 1475 2374; x_wconf 89' lang='lat' dir='ltr'>qui</span> <span class='ocrx_word' id='word_1_394' title='bbox 1503 2326 1586 2363; x_wconf 88' lang='lat' dir='ltr'>illic</span> <span class='ocrx_word' id='word_1_395' title='bbox 1607 2328 1789 2375; x_wconf 86' lang='lat' dir='ltr'>receptus</span> <span class='ocrx_word' id='word_1_396' title='bbox 1811 2326 1950 2370; x_wconf 88' lang='lat' dir='ltr'>suerat,</span> 
     </span>
     <span class='ocr_line' id='line_1_38' title="bbox 205 2382 1950 2439; baseline 0.001 -19"><span class='ocrx_word' id='word_1_397' title='bbox 205 2383 432 2421; x_wconf 86' lang='lat' dir='ltr'>Dioscorum</span> <span class='ocrx_word' id='word_1_398' title='bbox 464 2384 655 2422; x_wconf 82' lang='lat' dir='ltr'>secundae</span> <span class='ocrx_word' id='word_1_399' title='bbox 685 2385 789 2422; x_wconf 88' lang='lat' dir='ltr'>sedis</span> <span class='ocrx_word' id='word_1_400' title='bbox 814 2382 1123 2439; x_wconf 83' lang='lat' dir='ltr'>(alexandrinae)</span> <span class='ocrx_word' id='word_1_401' title='bbox 1144 2385 1367 2433; x_wconf 83' lang='lat' dir='ltr'>praesulem</span> <span class='ocrx_word' id='word_1_402' title='bbox 1390 2397 1460 2422; x_wconf 88' lang='lat' dir='ltr'>sua</span> <span class='ocrx_word' id='word_1_403' title='bbox 1482 2385 1717 2423; x_wconf 83' lang='lat' dir='ltr'>auctoritate</span> <span class='ocrx_word' id='word_1_404' title='bbox 1739 2385 1950 2429; x_wconf 76' lang='lat' dir='ltr'>damnavit,</span> 
     </span>
     <span class='ocr_line' id='line_1_39' title="bbox 204 2442 1951 2493; baseline 0.001 -15"><span class='ocrx_word' id='word_1_405' title='bbox 204 2448 244 2478; x_wconf 85' lang='lat' dir='ltr'>et</span> <span class='ocrx_word' id='word_1_406' title='bbox 274 2442 434 2490; x_wconf 89' lang='lat' dir='ltr'>impiam</span> <span class='ocrx_word' id='word_1_407' title='bbox 468 2443 662 2492; x_wconf 86' lang='lat' dir='ltr'>synodum</span> <span class='ocrx_word' id='word_1_408' title='bbox 692 2456 772 2482; x_wconf 89' lang='lat' dir='ltr'>non</span> <span class='ocrx_word' id='word_1_409' title='bbox 803 2444 1083 2482; x_wconf 87' lang='lat' dir='ltr'>consentiendo</span> <span class='ocrx_word' id='word_1_410' title='bbox 1118 2444 1329 2489; x_wconf 77' lang='lat' dir='ltr'>submovit,</span> <span class='ocrx_word' id='word_1_411' title='bbox 1362 2456 1406 2482; x_wconf 85' lang='lat' dir='ltr'>ae</span> <span class='ocrx_word' id='word_1_412' title='bbox 1427 2456 1499 2493; x_wconf 89' lang='lat' dir='ltr'>pro</span> <span class='ocrx_word' id='word_1_413' title='bbox 1521 2444 1687 2482; x_wconf 84' lang='lat' dir='ltr'>veritate</span> <span class='ocrx_word' id='word_1_414' title='bbox 1708 2446 1756 2482; x_wconf 90' lang='lat' dir='ltr'>ut</span> <span class='ocrx_word' id='word_1_415' title='bbox 1776 2443 1951 2493; x_wconf 86' lang='lat' dir='ltr'>synodus</span> 
     </span>
     <span class='ocr_line' id='line_1_40' title="bbox 204 2501 1948 2553; baseline 0.002 -16"><span class='ocrx_word' id='word_1_416' title='bbox 204 2501 520 2539; x_wconf 79' lang='lat' dir='ltr'>chalcedonensis</span> <span class='ocrx_word' id='word_1_417' title='bbox 544 2502 666 2547; x_wconf 74' lang='lat' dir='ltr'>fieret,</span> <span class='ocrx_word' id='word_1_418' title='bbox 691 2503 772 2540; x_wconf 90' lang='lat' dir='ltr'>sola</span> <span class='ocrx_word' id='word_1_419' title='bbox 793 2503 967 2541; x_wconf 87' lang='lat' dir='ltr'>decrevit</span> <span class='ocrx_word' id='word_1_420' title='bbox 982 2507 1094 2553; x_wconf 81' lang='lat' dir='ltr'>(quae</span> <span class='ocrx_word' id='word_1_421' title='bbox 1116 2504 1227 2541; x_wconf 79' lang='lat' dir='ltr'><em>modo</em></span> <span class='ocrx_word' id='word_1_422' title='bbox 1247 2508 1460 2553; x_wconf 79' lang='lat' dir='ltr'>sequuntur</span> <span class='ocrx_word' id='word_1_423' title='bbox 1482 2504 1617 2541; x_wconf 79' lang='lat' dir='ltr'>desunt</span> <span class='ocrx_word' id='word_1_424' title='bbox 1637 2505 1679 2540; x_wconf 76' lang='lat' dir='ltr'>in</span> <span class='ocrx_word' id='word_1_425' title='bbox 1699 2503 1780 2540; x_wconf 83' lang='lat' dir='ltr'>cod.</span> <span class='ocrx_word' id='word_1_426' title='bbox 1797 2506 1948 2549; x_wconf 65' lang='lat' dir='ltr'>veron),</span> 
     </span>
     <span class='ocr_line' id='line_1_41' title="bbox 203 2560 1952 2611; baseline 0.001 -15"><span class='ocrx_word' id='word_1_427' title='bbox 203 2560 245 2596; x_wconf 86' lang='lat' dir='ltr'>in</span> <span class='ocrx_word' id='word_1_428' title='bbox 276 2572 354 2607; x_wconf 86' lang='lat' dir='ltr'>qua</span> <span class='ocrx_word' id='word_1_429' title='bbox 385 2561 640 2608; x_wconf 85' lang='lat' dir='ltr'>pontificibus</span> <span class='ocrx_word' id='word_1_430' title='bbox 672 2562 914 2608; x_wconf 85' lang='lat' dir='ltr'>innumeris,</span> <span class='ocrx_word' id='word_1_431' title='bbox 947 2564 1016 2611; x_wconf 89' lang='lat' dir='ltr'>qui</span> <span class='ocrx_word' id='word_1_432' title='bbox 1051 2563 1260 2600; x_wconf 86' lang='lat' dir='ltr'>latrocinio</span> <span class='ocrx_word' id='word_1_433' title='bbox 1292 2565 1529 2600; x_wconf 80' lang='lat' dir='ltr'>corruerunt</span> <span class='ocrx_word' id='word_1_434' title='bbox 1559 2562 1765 2611; x_wconf 89' lang='lat' dir='ltr'>ephesino,</span> <span class='ocrx_word' id='word_1_435' title='bbox 1796 2561 1952 2600; x_wconf 79' lang='lat' dir='ltr'>veniam</span> 
     </span>
     <span class='ocr_line' id='line_1_42' title="bbox 204 2619 1951 2670; baseline 0.002 -15"><span class='ocrx_word' id='word_1_436' title='bbox 204 2619 456 2667; x_wconf 86' lang='lat' dir='ltr'>poscentibus</span> <span class='ocrx_word' id='word_1_437' title='bbox 480 2620 562 2657; x_wconf 89' lang='lat' dir='ltr'>sola</span> <span class='ocrx_word' id='word_1_438' title='bbox 584 2621 787 2667; x_wconf 87' lang='lat' dir='ltr'>concessit,</span> <span class='ocrx_word' id='word_1_439' title='bbox 812 2623 852 2658; x_wconf 88' lang='lat' dir='ltr'>et</span> <span class='ocrx_word' id='word_1_440' title='bbox 873 2622 917 2659; x_wconf 90' lang='lat' dir='ltr'>in</span> <span class='ocrx_word' id='word_1_441' title='bbox 940 2634 1011 2659; x_wconf 87' lang='lat' dir='ltr'>sua</span> <span class='ocrx_word' id='word_1_442' title='bbox 1032 2622 1195 2670; x_wconf 87' lang='lat' dir='ltr'>perfidia</span> <span class='ocrx_word' id='word_1_443' title='bbox 1215 2624 1490 2670; x_wconf 85' lang='lat' dir='ltr'>permanentes</span> <span class='ocrx_word' id='word_1_444' title='bbox 1504 2621 1762 2658; x_wconf 85' lang='lat' dir='ltr'>nihilominus</span> <span class='ocrx_word' id='word_1_445' title='bbox 1776 2632 1848 2658; x_wconf 89' lang='lat' dir='ltr'>sua</span> <span class='ocrx_word' id='word_1_446' title='bbox 1860 2632 1951 2658; x_wconf 85' lang='lat' dir='ltr'>auc-</span> 
     </span>
     <span class='ocr_line' id='line_1_43' title="bbox 203 2677 1952 2730; baseline 0.002 -16"><span class='ocrx_word' id='word_1_447' title='bbox 203 2677 364 2715; x_wconf 81' lang='lat' dir='ltr'>toritate</span> <span class='ocrx_word' id='word_1_448' title='bbox 386 2679 620 2727; x_wconf 86' lang='lat' dir='ltr'>prostravit;</span> <span class='ocrx_word' id='word_1_449' title='bbox 645 2693 762 2727; x_wconf 87' lang='lat' dir='ltr'>quam</span> <span class='ocrx_word' id='word_1_450' title='bbox 785 2681 1051 2730; x_wconf 85' lang='lat' dir='ltr'>congregatio,</span> <span class='ocrx_word' id='word_1_451' title='bbox 1076 2693 1176 2729; x_wconf 86' lang='lat' dir='ltr'>quae</span> <span class='ocrx_word' id='word_1_452' title='bbox 1197 2680 1280 2718; x_wconf 90' lang='lat' dir='ltr'>illic</span> <span class='ocrx_word' id='word_1_453' title='bbox 1299 2692 1370 2729; x_wconf 87' lang='lat' dir='ltr'>pro</span> <span class='ocrx_word' id='word_1_454' title='bbox 1384 2681 1551 2718; x_wconf 79' lang='lat' dir='ltr'>veritate</span> <span class='ocrx_word' id='word_1_455' title='bbox 1563 2681 1779 2729; x_wconf 82' lang='lat' dir='ltr'>reparanda</span> <span class='ocrx_word' id='word_1_456' title='bbox 1790 2680 1952 2717; x_wconf 77' lang='lat' dir='ltr'>collecta</span> 
     </span>
     <span class='ocr_line' id='line_1_44' title="bbox 202 2736 1948 2788; baseline 0.002 -15"><span class='ocrx_word' id='word_1_457' title='bbox 202 2736 342 2782; x_wconf 85' lang='lat' dir='ltr'>fuerat,</span> <span class='ocrx_word' id='word_1_458' title='bbox 365 2739 427 2774; x_wconf 88' lang='lat' dir='ltr'>est</span> <span class='ocrx_word' id='word_1_459' title='bbox 449 2742 603 2781; x_wconf 78' lang='lat' dir='ltr'>secuta3</span> <span class='ocrx_word' id='word_1_460' title='bbox 637 2739 819 2787; x_wconf 89' lang='lat' dir='ltr'>quoniam</span> <span class='ocrx_word' id='word_1_461' title='bbox 846 2740 953 2777; x_wconf 86' lang='lat' dir='ltr'>sicut</span> <span class='ocrx_word' id='word_1_462' title='bbox 974 2739 1026 2784; x_wconf 88' lang='lat' dir='ltr'>id,</span> <span class='ocrx_word' id='word_1_463' title='bbox 1061 2740 1166 2788; x_wconf 88' lang='lat' dir='ltr'>quod</span> <span class='ocrx_word' id='word_1_464' title='bbox 1187 2739 1316 2788; x_wconf 86' lang='lat' dir='ltr'>prima</span> <span class='ocrx_word' id='word_1_465' title='bbox 1339 2739 1448 2776; x_wconf 88' lang='lat' dir='ltr'>sedes</span> <span class='ocrx_word' id='word_1_466' title='bbox 1470 2750 1551 2776; x_wconf 89' lang='lat' dir='ltr'>non</span> <span class='ocrx_word' id='word_1_467' title='bbox 1579 2739 1828 2788; x_wconf 79' lang='lat' dir='ltr'>probaverat,</span> <span class='ocrx_word' id='word_1_468' title='bbox 1859 2751 1948 2776; x_wconf 82' lang='lat' dir='ltr'>oon-</span> 
     </span>
     <span class='ocr_line' id='line_1_45' title="bbox 203 2796 1948 2847; baseline 0.001 -15"><span class='ocrx_word' id='word_1_469' title='bbox 203 2798 305 2832; x_wconf 84' lang='lat' dir='ltr'>stare</span> <span class='ocrx_word' id='word_1_470' title='bbox 327 2809 404 2834; x_wconf 87' lang='lat' dir='ltr'>non</span> <span class='ocrx_word' id='word_1_471' title='bbox 427 2796 571 2844; x_wconf 78' lang='lat' dir='ltr'>putuit,</span> <span class='ocrx_word' id='word_1_472' title='bbox 596 2797 650 2834; x_wconf 87' lang='lat' dir='ltr'>sic</span> <span class='ocrx_word' id='word_1_473' title='bbox 673 2798 777 2845; x_wconf 87' lang='lat' dir='ltr'>quod</span> <span class='ocrx_word' id='word_1_474' title='bbox 800 2798 869 2835; x_wconf 84' lang='lat' dir='ltr'>illa</span> <span class='ocrx_word' id='word_1_475' title='bbox 890 2799 1044 2836; x_wconf 86' lang='lat' dir='ltr'>censuit</span> <span class='ocrx_word' id='word_1_476' title='bbox 1061 2798 1333 2847; x_wconf 79' lang='lat' dir='ltr'>judicandum,</span> <span class='ocrx_word' id='word_1_477' title='bbox 1357 2798 1531 2835; x_wconf 82' lang='lat' dir='ltr'>Ecclesia</span> <span class='ocrx_word' id='word_1_478' title='bbox 1551 2800 1636 2836; x_wconf 84' lang='lat' dir='ltr'>tota</span> <span class='ocrx_word' id='word_1_479' title='bbox 1658 2798 1873 2847; x_wconf 69' lang='lat' dir='ltr'>suscepit.‘</span> <span class='ocrx_word' id='word_1_480' title='bbox 1895 2797 1948 2834; x_wconf 79' lang='lat' dir='ltr'>Of.</span> 
     </span>
     <span class='ocr_line' id='line_1_46' title="bbox 203 2854 1505 2909; baseline 0.005 -18"><span class='ocrx_word' id='word_1_481' title='bbox 203 2854 486 2892; x_wconf 81' lang='lat' dir='ltr'>Ratherius</span> <span class='ocrx_word' id='word_1_482' title='bbox 508 2867 640 2893; x_wconf 85' lang='lat' dir='ltr'>veron.</span> <span class='ocrx_word' id='word_1_483' title='bbox 663 2857 833 2905; x_wconf 85' lang='lat' dir='ltr'>praeloq.</span> <span class='ocrx_word' id='word_1_484' title='bbox 857 2858 881 2894; x_wconf 94' lang='lat' dir='ltr'>l.</span> <span class='ocrx_word' id='word_1_485' title='bbox 907 2865 930 2897; x_wconf 85' lang='lat'>4</span> <span class='ocrx_word' id='word_1_486' title='bbox 953 2871 991 2898; x_wconf 90' lang='lat' dir='ltr'>n.</span> <span class='ocrx_word' id='word_1_487' title='bbox 1015 2864 1038 2897; x_wconf 89' lang='lat'>4</span> <span class='ocrx_word' id='word_1_488' title='bbox 1063 2858 1247 2907; x_wconf 84' lang='lat' dir='ltr'>(Migne</span> <span class='ocrx_word' id='word_1_489' title='bbox 1274 2864 1367 2902; x_wconf 83' lang='lat'>136,</span> <span class='ocrx_word' id='word_1_490' title='bbox 1393 2854 1505 2909; x_wconf 84' lang='lat'>251).</span> 
     </span>
    </p>
   </div>
   <div class='ocr_carea' id='block_1_3' title="bbox 203 2945 1950 3149">
    <p class='ocr_par' dir='ltr' id='par_1_3' title="bbox 203 2945 1950 3149">
     <span class='ocr_line' id='line_1_47' title="bbox 352 2945 1950 2993; baseline 0 -13"><span class='ocrx_word' id='word_1_491' title='bbox 352 2948 373 2986; x_wconf 84' lang='lat'>¹)</span> <span class='ocrx_word' id='word_1_492' title='bbox 391 2946 445 2980; x_wconf 69' lang='lat' dir='ltr'>Cf.</span> <span class='ocrx_word' id='word_1_493' title='bbox 464 2945 628 2991; x_wconf 62' lang='lat' dir='ltr'>eju&gt;dem</span> <span class='ocrx_word' id='word_1_494' title='bbox 656 2958 712 2990; x_wconf 87' lang='lat' dir='ltr'>ep.</span> <span class='ocrx_word' id='word_1_495' title='bbox 740 2947 785 2980; x_wconf 89' lang='lat' dir='ltr'>ad</span> <span class='ocrx_word' id='word_1_496' title='bbox 803 2947 1032 2982; x_wconf 75' lang='lat' dir='ltr'>pulcheriam</span> <span class='ocrx_word' id='word_1_497' title='bbox 1051 2950 1096 2982; x_wconf 84' lang='lat'>58</span> <span class='ocrx_word' id='word_1_498' title='bbox 1125 2949 1165 2982; x_wconf 87' lang='lat' dir='ltr'>et</span> <span class='ocrx_word' id='word_1_499' title='bbox 1184 2948 1295 2993; x_wconf 78' lang='lat' dir='ltr'>plura</span> <span class='ocrx_word' id='word_1_500' title='bbox 1312 2959 1371 2992; x_wconf 78' lang='lat' dir='ltr'>ap.</span> <span class='ocrx_word' id='word_1_501' title='bbox 1390 2947 1418 2980; x_wconf 93' lang='lat' dir='ltr'>B</span> <span class='ocrx_word' id='word_1_502' title='bbox 1430 2947 1495 2981; x_wconf 78' lang='lat' dir='ltr'>all</span> <span class='ocrx_word' id='word_1_503' title='bbox 1507 2947 1610 2981; x_wconf 86' lang='lat' dir='ltr'>erin</span> <span class='ocrx_word' id='word_1_504' title='bbox 1622 2949 1635 2981; x_wconf 92' lang='lat' dir='ltr'>i</span> <span class='ocrx_word' id='word_1_505' title='bbox 1647 2957 1668 2981; x_wconf 93' lang='lat' dir='ltr'>o</span> <span class='ocrx_word' id='word_1_506' title='bbox 1680 2959 1696 2980; x_wconf 90' lang='lat' dir='ltr'>s</span> <span class='ocrx_word' id='word_1_507' title='bbox 1712 2947 1752 2981; x_wconf 92' lang='lat' dir='ltr'>in</span> <span class='ocrx_word' id='word_1_508' title='bbox 1770 2946 1950 2980; x_wconf 84' lang='lat' dir='ltr'>observat.</span> 
     </span>
     <span class='ocr_line' id='line_1_48' title="bbox 203 2998 1948 3045; baseline 0.001 -14"><span class='ocrx_word' id='word_1_509' title='bbox 203 3000 250 3031; x_wconf 80' lang='lat' dir='ltr'>ad</span> <span class='ocrx_word' id='word_1_510' title='bbox 281 2998 367 3036; x_wconf 82' lang='lat' dir='ltr'>diss.</span> <span class='ocrx_word' id='word_1_511' title='bbox 394 3000 416 3032; x_wconf 91' lang='grc'>8</span> <span class='ocrx_word' id='word_1_512' title='bbox 443 2998 650 3040; x_wconf 84' lang='lat' dir='ltr'>Quesnelli:</span> <span class='ocrx_word' id='word_1_513' title='bbox 682 2998 864 3044; x_wconf 92' lang='lat' dir='ltr'>Lupum</span> <span class='ocrx_word' id='word_1_514' title='bbox 897 3011 982 3044; x_wconf 88' lang='lat' dir='ltr'>opp.</span> <span class='ocrx_word' id='word_1_515' title='bbox 1013 3002 1040 3034; x_wconf 87' lang='lat' dir='ltr'>t.</span> <span class='ocrx_word' id='word_1_516' title='bbox 1071 3003 1104 3035; x_wconf 90' lang='grc'>8.</span> <span class='ocrx_word' id='word_1_517' title='bbox 1140 2999 1417 3045; x_wconf 87' lang='lat' dir='ltr'>Appellationis</span> <span class='ocrx_word' id='word_1_518' title='bbox 1442 2999 1561 3044; x_wconf 88' lang='lat' dir='ltr'>ipsius</span> <span class='ocrx_word' id='word_1_519' title='bbox 1588 2999 1760 3034; x_wconf 88' lang='lat' dir='ltr'>libellum</span> <span class='ocrx_word' id='word_1_520' title='bbox 1775 2999 1948 3033; x_wconf 83' lang='lat' dir='ltr'>recentis-</span> 
     </span>
     <span class='ocr_line' id='line_1_49' title="bbox 203 3051 1949 3098; baseline 0 -14"><span class='ocrx_word' id='word_1_521' title='bbox 203 3051 292 3085; x_wconf 85' lang='lat' dir='ltr'>sime</span> <span class='ocrx_word' id='word_1_522' title='bbox 323 3051 369 3085; x_wconf 90' lang='lat' dir='ltr'>ab</span> <span class='ocrx_word' id='word_1_523' title='bbox 399 3052 581 3086; x_wconf 85' lang='lat' dir='ltr'>Amelli</span> <span class='ocrx_word' id='word_1_524' title='bbox 612 3053 799 3096; x_wconf 83' lang='lat' dir='ltr'>repertum</span> <span class='ocrx_word' id='word_1_525' title='bbox 829 3053 872 3087; x_wconf 88' lang='lat' dir='ltr'>ef.</span> <span class='ocrx_word' id='word_1_526' title='bbox 904 3053 942 3087; x_wconf 91' lang='lat' dir='ltr'>in</span> <span class='ocrx_word' id='word_1_527' title='bbox 970 3053 1142 3088; x_wconf 83' lang='lat' dir='ltr'>Zeitsehr.</span> <span class='ocrx_word' id='word_1_528' title='bbox 1170 3053 1231 3086; x_wconf 78' lang='lat' dir='ltr'>fiir</span> <span class='ocrx_word' id='word_1_529' title='bbox 1256 3051 1489 3087; x_wconf 83' lang='lat' dir='ltr'>katholische</span> <span class='ocrx_word' id='word_1_530' title='bbox 1515 3052 1718 3098; x_wconf 85' lang='lat' dir='ltr'>Theologie</span> <span class='ocrx_word' id='word_1_531' title='bbox 1743 3051 1949 3085; x_wconf 83' lang='lat' dir='ltr'>Iunsbruck</span> 
     </span>
     <span class='ocr_line' id='line_1_50' title="bbox 204 3105 450 3149; baseline 0.016 -13"><span class='ocrx_word' id='word_1_532' title='bbox 204 3106 293 3138; x_wconf 78' lang='lat'>1883</span> <span class='ocrx_word' id='word_1_533' title='bbox 314 3116 348 3149; x_wconf 80' lang='lat' dir='ltr'>p.</span> <span class='ocrx_word' id='word_1_534' title='bbox 371 3105 450 3140; x_wconf 88' lang='lat'><strong>193.</strong></span> 
     </span>
    </p>
   </div>
  </div>
 </body>
</html>
