2175 3382
742 121 778 154 et
794 120 883 154 facti
902 120 1137 155 revelationis
1155 121 1376 166 cognitione,
1837 128 1920 169 481

195 243 400 280 centius
423 243 485 280 XI.
509 242 709 280 damnavit
731 255 840 292 prop.
866 249 912 282 21
932 256 939 279 :
976 243 1196 286 ,Assensus
1219 243 1308 280 fidei
1331 246 1639 292 supernaturalis
1672 247 1711 283 et
1733 245 1844 283 utilis
1874 246 1922 283 ad

196 302 364 339 salutem
387 303 465 339 0101
487 314 574 339 011111
596 302 736 339 notitia
759 303 885 339 solum
908 301 1106 351 probabili
1128 302 1397 339 revelationis:
1422 303 1499 341 imo
1522 316 1611 341 011111
1632 304 1921 351 formidine,

194 373 274 409 qua
303 361 392 409 quis
424 361 618 406 formidet,
653 373 701 398 ne
735 373 813 398 non
847 361 899 398 sit
932 361 1086 398 100111110
1117 361 1268 397 Deus:«
1315 374 1412 409 quae
1446 363 1603 399 videtur
1636 363 1754 401 fuisse
1788 364 1922 412 opinio

195 420 535 465 0000111,Β101,
571 419 749 457 Huetii
780 420 1023 467 aliorumque
1056 420 1097 457 in
1129 419 1252 457 Gallia
1285 417 1345 470 (cf.
1370 420 1570 458 Schmid
1592 435 1678 471 pag.
1706 430 1725 462 7
1752 420 1831 474 00,).
1873 423 1924 459 Et

193 479 315 516 Pius
337 478 400 515 IX.
432 479 473 516 in
504 479 561 520 111,
585 479 729 528 011ογ01.
765 485 800 520 9.
823 481 918 517 Nov.
962 485 1066 519 1846
1102 479 1328 516 solemniter
1359 479 1489 516 docet:
1527 480 1734 524 „Humana
1764 481 1923 529 quidem

192 538 304 582 ratio,
340 551 387 575 110
418 538 459 575 111
488 538 590 575 101111
624 538 810 575 momenti
831 538 988 587 negotio
1011 537 1229 587 decipiatur
1262 539 1301 574 et
1334 540 1447 584 erret,
1483 539 1637 576 divinae
1672 540 1921 577 revelationis

193 597 340 634 factum
362 597 572 646 diligenter
592 597 768 645 inquirat
788 598 954 646 oportet,
987 598 1033 634 ut
1055 599 1159 634 certo
1191 596 1266 633 sibi
1288 598 1448 643 constet,
1481 598 1605 635 Deum
1629 610 1711 635 esse
1734 599 1921 645 locutum,

193 668 236 693 00
257 656 391 701 eidem,
417 655 743 705 quemadmodum
766 656 1049 704 sapientissime
1084 656 1196 693 docet
1217 656 1428 704 Apostolus
1451 654 1573 708 (Rom.
1602 663 1664 702 13,
1694 654 1745 709 1),
1768 658 1923 695 ratio-

192 715 365 752 nabile
387 715 617 763 obsequium
638 715 856 752 exhibeat.«
901 714 1051 759 Quibus
1073 715 1280 752 concilium
1305 715 1604 753 coloniense
1628 716 1789 764 subjicit
1810 717 1872 755 tit.
1903 725 1914 756 1

193 785 272 822 cap.
299 781 342 812 5:
366 800 383 818 ,,
394 773 503 810 Fidei
524 773 698 818 firmitas,
723 774 795 810 etsi
818 785 895 810 non
917 774 979 810 his
1003 774 1163 822 quidem
1186 775 1430 823 argumentis
1447 772 1563 827 (quae
1577 787 1647 823 pro
1670 776 1921 813 revelationis

193 832 424 870 christianae
447 832 704 870 credibilitate
725 829 938 885 innuerat),
962 833 1184 870 conditione
1206 835 1337 870 tamen
1358 835 1525 882 praevia,
1551 834 1618 871 sed
1641 834 1726 882 ipsa
1739 834 1810 872 Dei
1832 847 1921 872 0110-

190 891 351 929 10111010
372 891 544 940 primum
566 892 731 941 cognita,
765 892 855 929 dein
886 892 1002 929 etiam
1035 892 1180 930 credita
1211 892 1372 929 nititur:
1404 894 1537 930 tamen
1568 893 1746 941 requirit,
1779 895 1824 930 ut
1855 894 1923 942 qui

191 950 327 994 credit,
350 950 502 987 ratione
525 953 663 988 certo
687 953 894 1000 cognoscat
916 951 1040 988 Deum
1073 963 1154 988 esse
1186 952 1361 988 locutum
1382 952 1572 1000 nulloque
1594 952 1714 990 dubio
1737 953 1923 1001 prudenti

191 1009 264 1047 hac
285 1009 331 1046 de
354 1022 395 1046 re
418 1010 641 1057 0111001111.<<

308 1093 406 1134 464.
437 1091 799 1134 Demonstratio
831 1104 875 1146 p.
910 1091 976 1135 ΙΙ.
1020 1091 1187 1132 Revera
1218 1095 1378 1132 certam
1410 1091 1694 1143 cognitionem
1725 1090 1824 1132 facti
1855 1103 1922 1132 re-

191 1161 414 1203 velationis
437 1162 604 1214 requiri,
626 1165 742 1214 patet
764 1173 815 1203 ex
838 1162 930 1214 ipsa
951 1162 1013 1202 rei
1035 1166 1197 1203 natura.
1229 1160 1338 1202 Nam
1364 1162 1403 1205 1.
1429 1166 1548 1203 actus
1571 1161 1667 1203 fidei
1689 1166 1808 1203 actus
1831 1174 1923 1203 esse

191 1231 316 1273 debet
345 1233 469 1284 plane
501 1237 653 1286 certus,
686 1232 842 1281 firmus,
875 1245 1000 1274 omne
1032 1232 1258 1274 excludens
1291 1233 1485 1274 dubium:
1517 1233 1746 1285 prudenter
1778 1238 1922 1274 autem

191 1303 356 1344 excludi
378 1304 523 1356 nequit
544 1303 718 1344 dubium
741 1315 878 1348 omne,
911 1304 1243 1357 quotiescunque
1266 1303 1361 1344 fidei
1383 1305 1660 1356 suppositum,
1687 1304 1924 1357 cuiusmodi

191 1378 254 1414 est
275 1374 545 1415 revelationis
578 1373 746 1423 factum,
777 1373 904 1414 dubio
933 1375 1130 1427 prudenti
1152 1379 1216 1415 est
1238 1375 1480 1416 obnoxium.
1524 1374 1630 1427 Ergo
1653 1375 1922 1416 revelationis

190 1444 348 1486 factum
379 1445 567 1486 credenti
598 1445 723 1487 debet
753 1456 846 1486 esse
877 1445 1109 1488 indubium.
1160 1444 1275 1495 „Non
1308 1446 1419 1486 enim
1443 1445 1634 1486 crederet
1656 1445 1836 1502 (fidelis),
1859 1446 1922 1486 in-

189 1516 279 1568 quit
309 1530 339 1557 0.
362 1516 592 1557 Thomas
624 1518 663 1559 2.
687 1521 712 1559 2
735 1529 772 1569 q.
802 1519 822 1558 1
848 1529 884 1557 0.
907 1520 934 1560 4
958 1516 1011 1557 ad
1035 1520 1073 1566 2,
1104 1517 1183 1557 nisi
1214 1516 1376 1557 videret
1407 1528 1458 1557 00
1491 1528 1584 1557 0000
1618 1516 1831 1557 credenda
1857 1516 1922 1557 vel

189 1590 361 1638 propter
383 1587 638 1628 evidentiam
658 1588 875 1640 signorum
890 1587 956 1628 vel
969 1592 1142 1640 propter
1157 1587 1314 1640 aliquid
1329 1587 1570 1640 ejusmodi.“
1601 1586 1713 1628 Sane
1728 1589 1771 1630 2.
1788 1588 1823 1628 01
1837 1587 1923 1628 suf-

189 1645 332 1698 ficeret
362 1658 416 1698 ad
448 1658 705 1699 credendum
736 1658 967 1711 probabilis
999 1663 1164 1699 tantum
1184 1659 1455 1699 revelationis
1482 1659 1643 1707 notitia,
1675 1659 1923 1699 innumerae

188 1728 499 1780 propositiones
527 1728 801 1780 theologicae,
834 1729 961 1769 etiam
993 1728 1072 1769 sibi
1103 1729 1353 1775 contrariae,
1387 1728 1617 1769 dummodo
1649 1727 1922 1781 probabiliter

191 1811 243 1840 ex
273 1800 531 1841 revelatione
562 1799 807 1852 probentur,
839 1804 1012 1852 possent
1043 1799 1122 1840 fide
1155 1799 1295 1840 divina
1326 1799 1463 1849 credi,
1496 1812 1547 1840 ex
1569 1812 1653 1852 quo
1675 1799 1762 1839 lata
1784 1799 1923 1851 aperi-

190 1875 306 1911 retur
327 1871 395 1911 via
425 1870 585 1928 levitati
615 1871 659 1910 in
689 1870 914 1918 credendo,
947 1882 1043 1910 cum
1075 1869 1384 1922 probabilitatis
1415 1870 1531 1910 notio
1565 1870 1617 1911 sit
1639 1870 1741 1911 satis
1763 1869 1861 1910 laxa
1883 1873 1924 1909 et

190 1941 384 1985 elastica:
418 1942 529 1983 unde
561 1942 689 1983 etiam
712 1946 857 1982 monet
877 1941 1084 1982 Joannes:
1114 1941 1345 1995 Caris-simi,
1376 1941 1499 1981 nolite
1520 1941 1631 1980 omni
1652 1941 1821 1994 spiritati
1842 1953 1924 1980 ere-

191 2012 298 2064 dere,
329 2013 397 2053 sed
413 2012 589 2066 probate
614 2013 800 2066 spiritus,
831 2014 866 2053 si
889 2027 938 2052 ex
961 2012 1048 2053 Deo
1071 2014 1165 2066 sint,
1187 2013 1382 2067 quoniam
1405 2011 1523 2052 multi
1540 2011 1924 2065 pseudoprophetae

190 2083 377 2125 exierunt
398 2085 442 2123 in
465 2084 664 2124 mundum
687 2084 741 2139 (1.
765 2095 828 2136 ep.
850 2087 888 2133 4,
916 2083 968 2139 1).
1011 2082 1101 2124 Huc
1122 2082 1268 2124 referri
1291 2084 1334 2125 3.
1358 2086 1496 2135 potest
1518 2082 1631 2134 quod
1653 2082 1799 2122 statuit
1820 2093 1923 2122 con-

191 2153 331 2195 cilium
364 2154 728 2199 tridentinum
768 2166 869 2195 sess.
903 2158 927 2197 6
961 2166 1051 2207 cap.
1083 2158 1121 2204 9,
1161 2154 1321 2195 nullum
1352 2154 1438 2194 scil.
1471 2153 1580 2193 scire
1611 2164 1737 2206 posse
1775 2153 1923 2204 „certi-

191 2225 335 2266 tudine
366 2225 473 2274 fidei,
504 2227 572 2267 cui
601 2239 688 2267 non
718 2231 857 2279 potest
887 2226 1063 2267 subesse
1093 2225 1256 2273 falsum,
1288 2237 1333 2266 se
1356 2225 1536 2278 gratiam
1559 2224 1633 2264 Dei
1655 2234 1749 2263 esse
1771 2234 1923 2263 001100-

192 2300 368 2337 cutumf‘
413 2296 539 2350 Atqui
561 2310 647 2339 non
669 2298 806 2338 solum
828 2301 1053 2350 utcunque,
1075 2308 1223 2337 verum
1246 2296 1373 2336 etiam
1396 2308 1551 2347 magna
1575 2307 1671 2336 cum
1693 2294 1922 2348 probabili-

191 2372 277 2408 tate
309 2369 401 2421 quis
432 2369 540 2409 scire
571 2373 720 2420 potest,
751 2380 796 2409 se
819 2368 893 2409 Dei
925 2368 1106 2420 gratiam
1139 2378 1231 2407 0000
1263 2371 1551 2407 consecutum.
1594 2355 1735 2417 Quare
1766 2366 1800 2406 si
1831 2365 1923 2406 sola

191 2439 470 2491 probabilitas
491 2438 699 2480 sufficeret
721 2439 775 2480 ad
797 2439 1056 2480 fundandam
1080 2438 1203 2479 fidem
1225 2438 1602 2490 supernaturalem,
1625 2437 1676 2478 de
1692 2450 1775 2490 qua
1789 2437 1922 2489 loqui-

192 2523 297 2559 mur,
328 2515 472 2563 posset
503 2511 595 2562 quis
626 2515 764 2551 stante
795 2510 864 2550 illa
895 2510 1192 2562 probabilitate
1216 2509 1398 2558 credere,
1431 2521 1476 2550 se
1499 2521 1592 2550 esse
1614 2510 1656 2550 in
1678 2508 1754 2550 Dei
1776 2509 1922 2561 gratia,

195 2581 308 2634 quod
331 2582 579 2622 adversatur
602 2581 779 2621 concilio
802 2580 1120 2623 tridentino,
1164 2578 1220 2623 Cf.
1243 2579 1382 2631 Lugo
1406 2579 1458 2620 de
1482 2580 1560 2620 lide
1583 2580 1619 2622 d.
1643 2582 1669 2623 5
1691 2593 1722 2623 0.
1750 2585 1783 2623 1.

313 2675 408 2708 465.
450 2665 728 2709 Desslaratio
751 2678 796 2719 Ι).
820 2665 912 2707 ΙΙΙ.
956 2667 1118 2704 Factum
1140 2667 1388 2704 revelationis
1410 2667 1653 2704 innotescere
1675 2667 1814 2704 debere
1837 2678 1919 2702 mo—

191 2726 284 2764 tivis
306 2727 590 2773 credibilitatis,
626 2727 795 2764 diximus
818 2740 854 2766 n.
884 2733 930 2766 16
957 2739 1002 2763 ss.
1045 2726 1126 2763 Hoc
1157 2726 1370 2763 tenendum
1402 2729 1459 2763 est
1490 2737 1531 2766 a.
1565 2728 1700 2763 contra
1733 2726 1920 2773 quosdam

192 2787 657 2835 pseudomysticos,
703 2786 771 2834 qui
805 2785 1081 2823 revelationem
1116 2786 1280 2822 tuentur
1313 2785 1509 2822 internam
1553 2785 1615 2822 vel
1647 2784 1919 2821 testimonium

194 2845 375 2892 spiritus3
410 2843 455 2885 l).
481 2850 614 2882 contra
636 2844 1145 2893 supernaturalistas
1168 2846 1440 2892 protestantes,
1465 2844 1533 2892 qui
1555 2845 1768 2892 provocant
1789 2843 1836 2879 ad
1859 2842 1919 2878 in-

192 2905 349 2942 ternum
372 2916 531 2941 sensum
554 2908 592 2941 et
613 2904 903 2953 experientiam,
928 2903 975 2940 ad
996 2905 1155 2952 gustum
1179 2905 1219 2940 et
1240 2915 1416 2952 saporem
1438 2903 1643 2952 quendam,
1668 2912 1744 2951 quo
1759 2902 1920 2938 verbum

193 2963 260 2999 Dei
284 2963 498 3013 genuinum
523 2963 738 3000 discernere
761 2963 975 3011 possimus3
1009 2971 1048 3001 (3.
1072 2964 1208 2999 contra
1238 2963 1427 3010 quosdam
1458 2962 1662 3010 theologos
1695 2960 1918 3005 catholicos,

193 3022 262 3070 qui
283 3022 441 3071 fingunt
463 3022 669 3070 specialem
692 3021 760 3059 Dei
792 3021 1025 3058 instinctum
1057 3021 1119 3058 vel
1149 3021 1451 3058 illustrationem
1484 3033 1553 3058 seu
1584 3019 1847 3069 operationem
1878 3018 1919 3055 in

193 3080 363 3118 animam
396 3081 588 3118 credentis
602 3095 609 3126 ;
645 3079 689 3120 d.
714 3082 848 3118 contra
879 3093 898 3116 r
909 3093 930 3117 a
940 3082 957 3116 t
968 3080 981 3116 i
993 3092 1013 3116 0
1024 3092 1049 3116 n
1061 3079 1129 3116 ali
1141 3092 1157 3117 0
1168 3081 1185 3116 1
1197 3093 1217 3116 0
1227 3092 1255 3128 0,
1291 3080 1360 3128 qui
1394 3080 1559 3129 exigunt
1592 3079 1760 3116 rationes
1795 3078 1917 3114 inter—

335 3148 386 3173 Hu
397 3155 409 3173 r
420 3150 431 3173 t
442 3155 455 3173 e
466 3156 488 3179 1,
510 3148 657 3180 Compend,
677 3147 831 3180 theologiae
851 3149 874 3178 Ι,
896 3146 928 3171 10
948 3147 991 3173 ed.
1663 3148 1702 3179 31
