2175 3382
284 175 336 211 :3⁴3
535 169 653 203 'ri-act.
675 169 697 202 I.
721 169 897 212 Apologia
921 168 1024 212 relig.
1045 168 1169 202 christ.
1189 169 1317 202 'rhesis
1338 168 1413 202 Vll.
1437 169 1484 203 De
1505 170 1738 212 genuinitatc

400 287 442 329 4.
478 290 637 327 Aveedit
667 290 873 327 novitas
905 291 1013 339 impii
1044 291 1150 327 illius
1182 291 1416 340 systematis,
1450 292 1554 340 quod
1583 292 1725 330 Christi
1749 293 2017 331 exsistentiam

284 350 344 385 vel
366 351 485 398 negat
507 349 568 386 vel
590 349 630 385 iu
654 349 820 386 dubium
843 352 1007 390 revocat.
1051 349 1203 387 Proiliit
1231 351 1335 387 enim
1366 351 1538 399 primum
1569 353 1695 388 aetate
1728 354 1883 396 nostra,
1917 353 2017 390 nulli

283 407 458 444 innixum
482 407 709 445 testimonio
732 409 793 446 vel
816 409 1048 446 documento
1072 409 1257 446 historico
1281 410 1542 457 antiquitatis,
1567 410 1634 447 sed
1650 413 1803 447 tantum
1828 412 2018 461 hypothe-

282 466 390 504 sibus
413 469 452 503 et
473 467 708 515 conjecturis
730 480 799 516 pro
822 468 985 505 arbitrio
1008 470 1048 505 et
1071 481 1091 504 a
1112 468 1233 516 priori
1256 469 1430 506 confictis
1454 472 1493 506 et
1514 482 1584 517 pro
1608 470 1909 518 opportunitate
1931 483 2018 508 mu—

282 525 482 562 tabilibus.
516 526 560 562 In
583 539 624 563 re
652 529 782 564 autem
805 527 896 564 facti
916 527 1089 575 primum
1111 527 1347 565 consulenda
1369 530 1461 564 sunt
1476 529 1701 565 testimonia
1715 531 1754 565 et
1767 531 2021 567 monumenta

282 584 475 630 historica,
513 585 658 633 quibus
690 586 898 623 silentibus
930 585 1066 623 licebit
1096 586 1195 623 forte
1226 586 1431 636 indulgere
1454 587 1700 636 conjecturis.
1743 588 1830 625 Huc
1851 588 2022 637 denique

282 643 501 681 referantur
523 645 662 683 omnia.
685 657 784 692 quae
807 645 978 682 dicemus
1000 645 1102 682 thesi
1124 645 1315 694 sequenti.

400 738 467 779 30.
490 734 636 777 Omnis
659 737 802 777 missio
827 737 1176 785 authentica,
1207 749 1291 789 qua
1314 738 1406 790 quis
1429 750 1505 789 pro
1529 738 1662 779 altero
1692 738 1902 790 legatione
1925 739 2020 779 fun-

282 807 401 858 gitur,
436 806 656 858 publico
692 807 933 848 testimonio
966 812 1030 848 est
1064 807 1415 849 communienda:
1452 821 1582 861 quare
1618 814 1660 850 et
1694 810 1838 850 missio
1874 809 2017 850 divina

283 876 445 918 Christi.
467 876 562 918 Jam
585 889 685 918 vero
709 890 796 918 non
817 890 915 926 uno,
930 877 1004 919 sed
1026 878 1177 930 triplici
1200 890 1337 931 eoque
1361 879 1545 920 maxime
1571 880 1752 920 solemni
1775 885 1817 921 et
1839 880 2022 922 authen-

282 948 364 988 tico
388 949 630 989 testimonio
654 960 705 989 ea
727 948 1021 990 confirmatur:
1053 949 1297 990 testimonio
1329 950 1415 991 scil.
1446 950 1755 1003 prophetarum
1789 963 2048 1004 praece-t.

282 1019 462 1067 dente,
486 1020 727 1060 testimonio
751 1020 888 1072 ipsum
912 1019 1123 1060 Christum
1147 1032 1170 1061 c
1189 1021 1478 1070 omitante,
1510 1025 1552 1062 et
1574 1022 1820 1067 testimonio
1844 1026 2019 1075 aposto-

282 1089 430 1136 lorum,¹
452 1091 538 1130 imo
560 1090 691 1142 ipsius
712 1091 914 1132 historiae
928 1090 1178 1132 universalis
1201 1091 1442 1144 subsequ
1456 1104 1478 1133 e
1494 1096 1594 1136 nte.
1622 1092 1727 1133 Cum
1751 1104 1852 1135 vero
1875 1094 1919 1134 in
1939 1093 2022 1134 hac

282 1161 645 1202 demonstratione
686 1162 961 1214 praecipuum
995 1161 1183 1203 habeant
1218 1167 1486 1204 momentum
1523 1164 1835 1216 evangelia,
1869 1163 2023 1218 quibus

282 1231 368 1272 fere
391 1233 536 1272 omnia
557 1245 666 1285 quae
689 1233 740 1274 de
763 1231 930 1274 Christo
953 1234 1123 1282 scimus
1145 1234 1391 1282 innituntur,
1413 1238 1460 1275 ut
1482 1233 1632 1275 eadem
1658 1233 1780 1275 firma
1803 1235 2023 1283 consistat,

283 1303 429 1354 paucis
452 1303 601 1344 saltem
617 1303 940 1357 Evangeliorum
957 1305 1260 1356 genuinitatem
1283 1309 1324 1346 et
1347 1305 1610 1346 authentiam
1625 1304 2014 1357 comprobabimus

282 1373 534 1426 Longiorem
565 1374 646 1415 hac
677 1375 728 1416 de
759 1387 804 1416 re
835 1376 1134 1416 tractationem
1170 1376 1320 1417 merito
1344 1376 1618 1429 relinquimus
1649 1376 1957 1418 introductioni
1978 1377 2022 1417 in

282 1458 312 1485 s.
337 1442 614 1497 Scripturam.

402 1543 469 1584 31·
492 1541 660 1583 TheSiS
684 1541 789 1584 VII·
809 1555 1090 1589 Gemce‘nitas
1104 1558 1147 1589 et
1165 1557 1410 1590 authentia
1424 1557 1648 1591 historica
1659 1556 2021 1598 Evanyeliorum

282 1615 446 1648 saltem
476 1616 631 1657 quoad
656 1616 965 1649 substantiam
992 1616 1266 1651 nullatenus
1288 1620 1485 1659 possunt
1506 1618 1558 1651 in
1576 1617 1771 1652 dubium
1796 1616 2023 1650 revocari.

403 1695 692 1740 Declaratio.
736 1699 824 1738 Non
855 1701 1007 1749 agimus
1040 1701 1102 1738 hic
1133 1702 1179 1739 de
1205 1701 1499 1751 evangeliorum
1522 1700 1900 1749 inspiratione,
1923 1711 2022 1748 quae

283 1757 438 1795 nonnisi
459 1770 504 1795 ex
526 1759 775 1804 revelatione,
799 1760 910 1808 cujus
933 1760 1199 1798 exsistentiam
1215 1763 1389 1798 nondum
1404 1760 1768 1805 demonstravimus,
1792 1758 2023 1796 innotescit:

284 1817 351 1854 sed
373 1817 423 1855 de
445 1817 605 1854 illorum
626 1819 780 1867 genui
794 1819 983 1865 nitate,
1017 1832 1061 1857 ea
1083 1820 1164 1857 scil.
1187 1832 1267 1858 esse
1289 1832 1379 1857 vere
1410 1819 1458 1856 ab
1480 1819 1561 1856 illis
1583 1818 1822 1867 conscripta,
1855 1830 2023 1867 quorum

283 1876 443 1914 nomina
464 1889 556 1925 prae
579 1888 619 1913 se
641 1877 785 1923 ferunt,
817 1891 895 1916 non
917 1879 996 1915 illis
1020 1879 1243 1928 supposita,
1276 1879 1440 1929 agimus,
1474 1879 1580 1927 quod
1611 1878 1783 1927 majoris
1801 1877 1919 1914 etiam
1940 1888 2022 1913 mo-

284 1936 407 1972 menti
429 1938 491 1972 est
511 1935 553 1986 1),
577 1935 624 1973 de
645 1936 806 1973 illorum
828 1938 1126 1982 authentia,
1159 1950 1204 1975 ea
1236 1939 1317 1976 scil.
1341 1938 1441 1975 circa
1463 1937 1564 1975 facta
1585 1940 1624 1974 et
1646 1937 1750 1974 dicta
1773 1935 1919 1974 Christi
1940 1947 2025 1972 esse

283 1995 437 2032 veracia
456 1997 687 2043 tantamque
710 1996 849 2034 habere
872 1997 1149 2034 auctoritatem
1179 1998 1422 2043 historicam,
1455 1999 1502 2034 ut
1531 1996 1648 2034 fidem
1678 1997 1854 2033 mereant
1884 1994 2024 2032 Saltem

284 2054 407 2099 illam,
431 2067 546 2102 quam
569 2054 739 2092 testibus
761 2056 961 2093 veracibus
993 2056 1230 2095 adhibemus.
1274 2056 1458 2101 Quocirca
1488 2056 1579 2093 huic
1609 2054 1818 2092 assertioni
1848 2065 1926 2091 non
1957 2053 2024 2090 ad-

284 2116 516 2159 versaretur,
550 2113 705 2150 etiamsi
735 2114 826 2162 quis
859 2115 1157 2161 demonstraret,
1189 2115 1392 2165 evangelia
1413 2115 1517 2152 inter
1539 2127 1578 2152 se
1599 2114 1641 2151 in
1664 2114 1780 2151 rebus
1802 2112 2024 2150 minoribus

285 2172 492 2210 dissentire
508 2168 554 2224 2).
596 2172 672 2210 Hic
693 2174 798 2210 enim
821 2174 1019 2211 dissensus
1041 2174 1316 2212 adversaretur
1337 2173 1598 2223 inspirationi,
1621 2185 1697 2210 non
1729 2184 1820 2210 vero
1852 2171 2024 2209 officeret

285 2232 529 2269 authentiae:
553 2244 643 2268 nam
666 2232 861 2270 credimus
883 2234 1141 2282 scriptoribus
1163 2233 1365 2279 historicis,
1398 2233 1551 2270 etiamsi
1574 2232 1676 2269 circa
1696 2232 1797 2269 facta
1817 2231 1880 2268 vel
1902 2230 2024 2268 facto·
2064 2250 2067 2253 ·

283 2303 371 2326 rum
395 2291 578 2339 adjuncta
600 2291 747 2329 minora
769 2292 874 2329 inter
896 2305 935 2330 se
958 2293 1194 2341 discrepant.

436 2448 457 2485 ¹)
477 2445 679 2490 Evangelia
698 2448 808 2489 enim,
827 2449 972 2482 etiamsi
991 2448 1148 2483 aliorum
1169 2451 1291 2483 essent
1309 2451 1510 2489 auctorum,
1530 2450 1681 2494 possent
1707 2450 1831 2481 tamen
1860 2456 1936 2480 esse
1955 2444 2027 2479 fide

287 2496 410 2541 digna,
432 2498 526 2541 quod
545 2499 653 2532 nobis
670 2499 709 2532 in
727 2499 796 2532 hac
815 2500 1064 2534 controversia
1081 2502 1192 2545 plane
1211 2502 1404 2536 sufficeret.
1440 2500 1614 2543 Quamvis
1632 2499 1823 2534 fatendum
1843 2499 1906 2539 sit,
1925 2498 2024 2533 haud

286 2550 438 2594 paulum
457 2553 682 2585 moraturum
703 2561 780 2586 esse
799 2552 1125 2588 demonstrationis
1142 2558 1291 2589 nostrae
1309 2567 1464 2592 cursum,
1484 2555 1512 2588 si
1533 2554 1614 2598 quis
1633 2554 1799 2588 evincere
1817 2553 1956 2597 posset,
1982 2562 2025 2585 ea

287 2613 363 2637 esse
381 2604 526 2648 spuria:
555 2605 648 2638 sicut
678 2605 835 2639 multum
857 2606 969 2650 juvat
987 2607 1201 2642 authentiae
1230 2608 1487 2652 probationem
1506 2606 1780 2652 evangeliorum
1800 2605 2025 2651 genuinitas.

433 2660 459 2699 ¹2)
477 2657 535 2690 Ad
551 2668 628 2691 rem
646 2658 705 2692 Ch
717 2670 792 2703 rys
805 2670 824 2693 ο
838 2670 852 2692 s
864 2661 912 2693 to
925 2672 958 2692 m
971 2671 1021 2693 us
1036 2660 1133 2695 hom.
1160 2665 1168 2695 1
1192 2661 1231 2695 in
1249 2662 1380 2696 Matth,
1401 2675 1435 2696 n.
1456 2666 1475 2696 2
1495 2661 1705 2705 objicienti:
1725 2659 1853 2703 ,Saepe
1870 2658 1969 2692 inter
1986 2669 2023 2692 se

289 2710 483 2744 dissentire
501 2710 826 2754 deprehenduntur
844 2713 1084 2759 (Evangelia)·
1112 2716 1327 2759 respondet:
1364 2715 1488 2750 »Certe
1515 2713 1608 2749 illud
1635 2714 1757 2758 ipsum
1776 2723 1952 2757 magnum
1966 2713 2025 2745 est

289 2774 354 2807 pro
373 2763 528 2796 veritate
546 2767 816 2807 argum-*ntum.
837 2765 873 2798 Si
891 2765 989 2799 enim
1005 2769 1129 2801 omnia¹
1144 2770 1316 2802 accurate
1334 2769 1595 2803 consonassent
1609 2768 1647 2800 et
1661 2766 1843 2810 quantum
1863 2765 1910 2799 ad
1929 2765 2023 2799 tem-

289 2827 356 2860 pus
374 2816 411 2849 et
427 2818 608 2859 quantum
627 2816 674 2850 ad
692 2816 774 2851 loca
793 2820 830 2852 et
847 2820 1027 2862 quantum
1045 2819 1092 2853 ad
1110 2812 1191 2865 ipsa
1208 2821 1328 2861 verba,
1348 2832 1390 2855 ex
1408 2820 1568 2855 inimicis
1585 2830 1692 2854 nemo
1712 2819 1918 2852 crediturus
1935 2818 2023 2852 erat.

289 2870 351 2903 sed
371 2880 413 2903 ex
432 2875 559 2902 mutuo
578 2869 811 2914 humanoque
839 2882 1016 2905 consensu
1034 2873 1123 2907 haec
1142 2875 1278 2919 scripta
1295 2875 1408 2909 fuisse
1434 2876 1644 2919 putassent,
1673 2873 1783 2916 atque
1812 2870 2024 2916 huju=modi

291 2922 566 2957 consonantiam
587 2933 658 2956 non
677 2934 721 2957 ex
739 2924 979 2969 simplicitate
1008 2926 1291 2972 sinceritateque
1319 2928 1523 2973 procedere.
1557 2926 1639 2961 Jam
1658 2936 1742 2960 vero
1760 2925 1826 2959 illa
1839 2951 1847 2966 ,
1874 2935 1968 2968 quae
1986 2926 2025 2958 in

290 2975 431 3020 exiguis
448 2975 555 3009 rebus
574 2975 800 3019 deprehendi
819 2976 963 3011 videtur
989 2978 1203 3021 diversitas,
1233 2991 1376 3014 omnem
1405 2981 1451 3014 ab
1478 2980 1567 3024 ipsis
1594 2974 1841 3022 suspicionem
1869 2975 2023 3021 depellit

290 3029 601 3073 scribentiumque
628 3028 740 3063 fidem·
761 3030 855 3064 clare
882 3030 1055 3066 vindicat.
1091 3031 1194 3073 Quod
1213 3034 1243 3067 si
1263 3033 1351 3077 quid
1371 3034 1468 3066 circa
1493 3034 1662 3075 tempora
1680 3032 1718 3064 et
1734 3031 1816 3064 loca
1834 3030 2026 3064 varietatis

290 3083 524 3127 protulerint,
542 3082 580 3117 id
599 3082 695 3117 nihil
711 3082 826 3117 officit
844 3084 989 3118 veritati
1010 3087 1230 3120 narrationis
1249 3094 1261 3108 ‘
1286 3087 1386 3129 Quae
1404 3085 1671 3119 animadversio
1690 3086 1745 3119 est
1758 3083 1908 3118 omnino
1923 3093 2021 3128 egre-

289 3136 363 3180 gia.
383 3136 434 3170 Cf.
455 3137 484 3171 G
497 3148 519 3170 u
531 3136 580 3171 tb
592 3147 610 3171 e
622 3137 693 3172 rle
705 3139 720 3170 t
738 3137 930 3172 Lehrbuch
948 3139 1013 3173 der
1031 3140 1255 3185 Apologetik
1273 3139 1392 3184 partis
1410 3139 1452 3172 Il.
1472 3140 1558 3173 sect.
1578 3140 1598 3172 2
1618 3140 1634 3177 ἓ
1654 3141 1673 3172 2
1692 3149 1737 3172 ss.
