2175 3382
212 178 296 216 225·
625 171 743 205 Tract.
768 170 824 204 [ll.
846 171 896 204 De
917 170 1091 204 Ecclesia.
1110 170 1237 204 'l'liesis
1257 170 1328 204 XL.
1349 174 1427 212 Quo
1447 182 1552 204 sensu

210 292 251 333 3.
285 296 380 330 sunt
414 290 623 336 homines,
656 302 741 330 non
773 289 941 342 quidem
970 294 1095 342 prout
1117 289 1286 330 dotibus
1318 294 1359 330 et
1391 288 1660 330 facultatibus
1683 290 1948 332 naturalibus

209 364 306 399 sunt
331 358 521 411 praediti.
545 358 619 399 sed
643 364 852 411 quatenus
867 358 989 399 donis
1005 357 1400 410 supernaturalibus
1415 363 1643 407 ornantur;
1667 372 1776 412 quae
1798 361 1840 404 4.
1858 373 1948 402 me-

209 430 287 470 diis
309 429 705 481 supernaturalibus
727 430 902 482 cogitur,
925 429 1138 470 adunatur
1161 434 1201 470 et
1223 429 1392 481 regitur,
1420 429 1657 481 cujusmodi
1680 436 1779 471 sunt
1800 443 1948 472 sacra-

211 506 366 549 menta,
389 505 586 553 pastores
609 500 806 541 divinitus
829 501 1006 540 instituti
1029 504 1071 541 et
1087 500 1253 552 juribus
1277 500 1401 552 plane
1424 500 1575 540 divinis
1599 500 1802 546 instructi,
1826 507 1947 554 pote-

209 576 318 612 state
355 571 440 612 scil.
475 571 716 612 remittendi
752 576 940 623 peccata,
975 570 1269 612 infallibilitate
1306 571 1346 611 in
1381 570 1575 612 docendo
1611 576 1715 620 etc.‚·
1749 572 1869 625 cujus
1903 574 1946 616 5.

209 641 313 690 finis,
339 655 363 683 a
386 655 470 695 quo
494 644 536 683 in
560 643 705 694 primis
728 641 884 694 pendet
917 642 1134 682 societatis
1156 641 1329 688 indoles,
1362 654 1448 681 non
1472 642 1713 682 continetur
1735 642 1849 683 bono
1872 643 1948 684 ali-

209 725 291 766 quo
315 713 476 754 ordinis
500 712 716 754 naturalis.
749 712 823 753 sed
854 713 946 764 ipsa
973 712 1173 753 filiatione
1196 712 1271 753 Dei
1294 712 1494 764 adoptiva
1517 724 1567 753 ac
1590 713 1753 754 visione
1775 713 1947 755 demum

208 783 404 825 beatifica
419 786 474 838 (n.
491 785 618 828 2035:
641 795 750 836 quae
766 783 938 824 tandem
960 786 1002 826 6.
1025 781 1181 835 Spiritu
1196 782 1271 823 Dei
1286 783 1444 835 regitur
1467 788 1508 824 et
1531 784 1745 824 animatur
1760 784 1815 838 (n.
1831 787 1946 839 211).

209 855 336 907 Atqui
368 854 463 895 talis
495 860 560 895 est
592 853 789 897 Ecclesia.
833 853 974 905 Quare
998 853 1185 895 Ecclesia
1209 854 1372 895 censeri
1394 854 1521 895 debet
1543 855 1727 896 societas
1753 867 1946 908 super-

207 925 486 966 naturalis
509 926 551 982 ¹),
584 931 625 966 et
646 924 815 978 quidem
839 937 925 966 non
948 925 1084 966 solum
1118 925 1330 978 origine
1362 929 1404 965 et
1434 925 1836 973 destinatione,
1868 925 1943 967 sed

209 997 336 1038 etiam
359 996 498 1037 active
530 1001 570 1037 et
603 995 843 1043 efficienter,
874 996 959 1037 imo
983 996 1112 1036 etiam
1144 995 1478 1044 formaliter,
1512 1001 1721 1048 quatenus
1753 1001 1850 1038 actu
1884 997 1947 1037 in-

208 1067 336 1108 cludit
358 1066 569 1108 elementa
591 1067 942 1120 supernaturalia.

328 1156 427 1199 205.
450 1153 633 1194 Ecclesia
657 1154 869 1208 confertur
891 1155 1064 1208 corpori.
1088 1180 1144 1184 -
1168 1153 1286 1204 Quae
1308 1153 1522 1195 Ecclesiae
1545 1155 1732 1196 conditio
1765 1155 1874 1195 sicut
1905 1159 1945 1195 et

208 1225 349 1278 plures
372 1225 481 1266 aliae
504 1224 693 1277 ejusdem
709 1225 1031 1277 praerogativae
1053 1224 1178 1277 plane
1203 1224 1436 1276 singulares
1450 1225 1670 1277 praeclare
1685 1225 1948 1266 illustrantur

210 1296 281 1336 illa
314 1296 585 1348 proprietate,
623 1308 706 1349 qua
741 1295 929 1337 Ecclesia
963 1301 1027 1337 est
1060 1296 1296 1349 diciturque
1330 1308 1485 1348 corpus
1520 1294 1673 1337 Christi
1708 1297 1947 1350 mysticum.

207 1366 348 1418 Quare
371 1366 485 1408 haud
508 1367 652 1408 inutile
675 1367 753 1408 erit
785 1367 976 1420 patribus
998 1367 1302 1420 praeeuntibus
1325 1379 1420 1408 eam
1443 1368 1615 1409 uberius
1637 1367 1946 1420 aliquantulum

208 1437 418 1479 evolvere.
460 1437 554 1479 Jam
580 1451 609 1482 s,
634 1437 790 1478 Paulus
812 1438 1043 1479 Ecclesiam
1068 1439 1311 1491 corpori,
1335 1437 1479 1480 fideles
1502 1439 1759 1480 membris
1781 1438 1946 1479 confert

206 1508 328 1550 Rom.
357 1514 421 1557 1‘2,
443 1513 492 1557 43
519 1514 552 1552 1.
576 1508 669 1552 Cor,
698 1513 762 1557 lo,
789 1513 865 1559 173
891 1512 956 1559 12,
983 1513 1056 1557 113
1079 1509 1179 1562 Eph.
1201 1512 1241 1559 4,
1262 1513 1301 1558 4,
1325 1514 1366 1551 et
1387 1510 1484 1551 inde
1506 1510 1631 1551 infert
1652 1521 1728 1562 pro
1752 1508 1945 1550 fidelibus

206 1580 434 1621 corollaria
456 1580 655 1632 practica.
698 1579 747 1620 Et
777 1591 928 1621 revera
958 1580 1068 1621 inter
1099 1580 1332 1632 quamlibet
1358 1581 1608 1622 societatem
1630 1580 1872 1622 ordinatam
1905 1584 1947 1620 et

208 1663 363 1704 corpus
385 1663 472 1692 non
493 1663 580 1692 una
601 1651 822 1692 intercedit
845 1651 1129 1692 similitudinis
1153 1651 1273 1693 ratio.
1316 1650 1432 1692 Sicut
1465 1653 1576 1693 enim
1600 1664 1754 1704 corpus
1777 1651 1946 1702 organi-

206 1734 303 1762 cum
325 1727 494 1763 constat
507 1722 688 1775 plurium
704 1721 995 1763 membrorum
1011 1734 1202 1771 numero,
1226 1734 1335 1775 quae
1359 1723 1629 1775 perfectione,
1654 1722 1803 1772 forma,
1825 1722 1944 1765 func·

205 1794 319 1834 tione
342 1794 451 1834 mira
473 1794 679 1834 varietate
703 1793 1018 1841 discernuntur3
1041 1794 1100 1835 ita
1122 1794 1306 1835 societas
1329 1794 1543 1847 quaelibet
1564 1793 1753 1847 pluribus
1776 1799 1946 1835 constat

205 1864 420 1913 membris,
451 1864 665 1916 dignitate,
697 1864 847 1913 officio,
875 1865 1041 1917 juribus
1073 1864 1291 1906 distinctis.
1334 1864 1705 1916 Quemadmodum
1728 1869 1872 1906 autem
1903 1866 1945 1906 in

206 1947 385 1988 corpore
408 1935 699 1977 membrorum
721 1937 907 1977 varietas
930 1936 984 1977 ad
1007 1937 1214 1977 unitatem
1229 1936 1584 1990 harmoniamque
1598 1942 1826 1978 revocatur
1848 1949 1947 1989 par—

204 2006 279 2046 tim
305 2006 480 2047 vinculis
503 2007 701 2055 externis,
734 2019 844 2060 quae
875 2007 945 2047 illa
967 2007 1148 2048 invicem
1172 2007 1385 2060 copulant,
1418 2008 1585 2060 partim,
1609 2008 1694 2048 imo
1718 2009 1947 2060 praecipue

205 2077 362 2126 anima,
385 2089 495 2130 quae
519 2078 663 2118 omnia
686 2082 727 2119 et
749 2078 913 2130 singula
935 2078 1136 2118 informat
1158 2078 1352 2119 membra
1384 2083 1426 2120 et
1457 2079 1500 2119 in
1521 2079 1683 2119 unitate
1705 2078 1821 2119 vitali
1843 2090 1947 2119 con-

205 2148 329 2189 tinet:
361 2150 420 2189 ita
451 2150 579 2189 etiam
612 2149 654 2189 in
685 2148 872 2202 qualibet
902 2149 1106 2190 societate
1134 2149 1425 2190 membrorum
1447 2150 1632 2190 varietas
1654 2149 1816 2190 unitate
1839 2148 1944 2198 finis,

207 2219 260 2259 ad
284 2231 409 2271 quem
433 2231 583 2260 omnes
598 2220 798 2272 aspirant,
821 2219 998 2260 vinculis
1013 2219 1247 2261 earundem
1268 2220 1408 2271 legum
1431 2220 1706 2273 ejusdemque
1728 2219 1942 2271 regiminis

206 2301 280 2330 seu
314 2290 557 2331 directionis
589 2290 643 2330 ad
676 2290 950 2331 concordiam
982 2291 1194 2342 redigitur.
1241 2289 1346 2332 Cum
1378 2302 1478 2343 ergo
1510 2290 1700 2332 Ecclesia
1731 2290 1785 2331 sit
1814 2290 1943 2331 etiam

207 2361 391 2401 societas
424 2361 633 2410 ordinata,
665 2361 834 2413 corpori
858 2360 1040 2402 conferri
1062 2361 1236 2414 poterit3
1269 2373 1405 2414 eoque
1436 2362 1583 2414 magis,
1614 2374 1698 2414 quo
1732 2361 1871 2414 maj0r
1901 2361 1943 2401 in

208 2436 327 2472 tanta
348 2431 532 2472 fidelium
556 2432 821 2473 multitudine
853 2437 894 2473 et
925 2433 1131 2473 varietate
1162 2433 1314 2474 unitas.
1347 2445 1430 2486 quo
1469 2432 1732 2474 manifestior
1764 2437 1828 2474 est
1859 2433 1947 2473 vita

208 2502 431 2553 singularis
454 2508 495 2543 et
517 2503 852 2555 supernaturalis
875 2515 1003 2556 quam
1025 2503 1136 2543 vivit.

326 2598 423 2640 207.
446 2596 630 2637 Ecclesia
653 2601 710 2637 est
733 2610 882 2650 corpus
905 2596 1066 2640 Christi.
1084 2622 1137 2627 ——
1155 2596 1313 2638 Verum
1328 2597 1516 2638 Ecclesia
1535 2610 1622 2638 non
1636 2597 1773 2638 solum
1789 2609 1944 2648 corpus

205 2673 394 2715 vocatur,
426 2668 499 2708 sed
532 2668 658 2708 etiam
692 2680 789 2708 cum
820 2667 1055 2709 honorifico
1088 2670 1282 2720 apposito
1307 2668 1526 2709 Christi.
1570 2667 1688 2719 Quae
1716 2667 1944 2720 appellatio

208 2749 302 2778 cum
328 2749 455 2789 saepe
488 2740 530 2779 in
557 2740 775 2792 scripturis
798 2745 974 2781 occurat
996 2745 1042 2780 ut
1067 2743 1101 2783 1.
1125 2739 1310 2796 CQ2-12,
1334 2745 1410 2788 273
1441 2740 1590 2793 Ephes.
1612 2745 1730 2799 4,,,132
1753 2753 1828 2788 ss.;
1860 2738 1942 2780 Co-

205 2808 303 2849 loss.
332 2816 366 2856 l,
392 2812 465 2856 18;
502 2813 535 2851 1.
560 2810 652 2851 Cor.
677 2814 795 2876 QUI-so
819 2815 909 2859 etc,
942 2812 1191 2864 saepissime
1225 2823 1326 2852 vero
1354 2812 1467 2864 apud
1488 2816 1642 2864 patres,
1674 2810 1825 2863 negligi
1856 2822 1943 2851 non

354 2973 378 3019 ¹)
397 2972 500 3014 Quod
519 2974 631 3007 etiam
650 2974 825 3008 statuitur
843 2975 882 3008 in
901 2975 1085 3008 schemate
1113 2975 1173 3008 cit.
1194 2973 1238 3008 de
1258 2974 1420 3008 Ecclesia.
1434 2973 1584 3014 Christi,
1603 2974 1706 3019 cujus
1725 2985 1754 3009 e.
1772 2978 1793 3009 3
1811 2974 1864 3008 ita
1883 2973 1943 3007 ab·

207 3026 383 3060 solvitur:
408 3028 517 3066 ‚Cum
537 3028 661 3060 autem
679 3028 735 3061 his
754 3028 933 3062 bonorum
954 3027 1096 3062 divitiis
1125 3029 1163 3062 in
1181 3027 1346 3062 Ecclesia
1373 3028 1539 3062 homines
1557 3039 1622 3072 per
1641 3028 1819 3072 Spiritum
1838 3039 1865 3061 s.
1883 3038 1944 3060 au-

205 3082 372 3126 geantur,
391 3082 503 3124 atque
523 3080 578 3113 his
597 3080 758 3124 ejusdem
777 3093 803 3114 s.
823 3081 983 3126 Spiritus
1009 3081 1164 3116 nexibus
1192 3081 1230 3115 in
1259 3081 1404 3115 unitate
1432 3081 1663 3116 cohaereant.
1682 3080 1843 3115 Ecclesia
1861 3080 1941 3124 ipsa

206 3133 408 3178 spiritualis
426 3134 583 3167 societas
601 3136 655 3166 est
674 3134 785 3176 atque
803 3135 941 3168 ordinis
960 3135 1110 3169 omnino
1129 3146 1180 3168 su
1192 3147 1214 3179 p
1227 3145 1245 3167 e
1256 3145 1308 3168 rn
1320 3145 1341 3168 a
1353 3138 1366 3168 t
1379 3146 1429 3168 ur
1440 3145 1461 3168 av
1473 3134 1506 3168 li
1520 3146 1545 3168 s.
1556 3142 1568 3156 ‘¹
