2175 3382
974 94 1228 137 inspirationis
1886 95 1966 145 181

228 209 504 250 confirmatur
526 214 697 261 patrum
725 222 893 262 quoque
925 210 1216 263 suffragio,
1257 213 1326 264 qui
1358 212 1409 253 de
1441 214 1715 266 inspiratione
1738 216 1968 269 loquentes,

229 280 293 321 vel
324 280 478 320 diserte
509 279 574 320 vel
608 280 924 333 aequivalenter
947 292 1094 321 eorum
1117 282 1277 322 mentio
1288 294 1383 322 nem
1409 282 1575 324 faciunt.
1618 284 1722 326 Hinc
1743 285 1846 328 Leo
1867 287 1967 328 XIII.

229 351 272 391 in
302 350 357 391 lit.
391 350 615 403 encyclicis
639 349 1049 399 ,Providentissimus
1135 358 1194 392 us‘
1218 355 1254 395 8.
1279 351 1382 393 Nov.
1412 355 1521 397 1893
1546 355 1864 406 inspirationem
1887 357 1960 398 de-

229 420 378 461 finiens
401 432 476 461 seu
498 420 744 461 describens
768 420 825 460 ita
847 414 1058 470 statuitzffi,
1105 433 1174 483 aff?
1190 422 1502 473 supernaturali
1525 423 1614 487 ipse
1636 425 1788 466 virtute
1807 427 1865 467 ita
1888 439 1962 469 eos

229 491 283 533 ad
306 490 577 532 scribendum
600 490 798 531 excitavit
830 495 871 531 et
903 491 1046 539 movit,
1080 492 1139 532 ita
1171 491 1453 533 scribentibus
1485 470 1702 543 a'sfit'i'tf‘ut
1735 508 1785 536 ea
1817 498 1961 538 omnia

229 574 363 615 eaque
387 562 489 610 sola,
514 573 623 614 quae
646 561 734 613 ipse
752 561 932 613 juberet,
956 566 997 602 et
1020 566 1133 603 recte
1148 567 1290 604 mente
1307 564 1579 616 conciperent
1601 570 1642 605 et
1664 565 1838 607 fideliter
1861 580 1962 608 con-

228 632 413 674 scribere
449 632 603 673 vellent
637 636 678 672 et
711 635 806 683 apte
838 630 1042 672 infallibili
1065 632 1241 674 veritate
1266 634 1569 685 exprimerent:
1602 647 1725 676 secus
1757 649 1842 677 non
1875 639 1962 690 ipse

230 700 343 744 esset
364 708 514 744 auctor
536 716 567 743 s.
591 700 834 754 Scripturae
857 703 1212 773 universaeffiDe
1236 704 1524 756 inspirationis
1546 717 1647 746 vero
1671 707 1856 748 essentia
1878 721 1964 749 non

230 779 305 823 est,
339 778 384 814 ut
419 774 600 826 scriptor
631 784 676 813 se
709 777 940 824 cognoscat
970 773 1232 826 inspiratum.
1276 773 1371 815 Non
1403 779 1547 816 tamen
1578 775 1699 817 facile
1723 781 1786 818 est
1808 790 1963 830 suppo-

230 844 428 893 nendum,
461 843 587 884 alicui
619 855 669 884 ex
702 844 834 884 sacris
866 844 1142 896 scriptoribus
1165 857 1286 886 suam
1310 845 1630 897 inspirationem
1654 846 1780 888 fuisse
1802 848 1964 889 incom-

232 920 407 967 pertam.
452 912 509 958 Cf,
541 913 605 954 Fr
622 914 840 955 anzelin
874 915 930 954 th.
965 919 1000 958 2.
1025 919 1070 962 ὃς
1104 915 1312 956 Kaulen
1345 914 1493 957 Gesch.
1518 917 1593 957 der
1615 917 1796 970 Vulgata
1818 920 1840 973 ἕ
1863 922 1900 962 4.
1925 923 1962 963 5.

353 987 446 1030 160.
472 984 529 1025 Ex
552 985 715 1038 analysi
734 985 926 1026 instituta
940 985 1179 1039 pleraeque,
1203 987 1238 1026 si
1261 999 1347 1027 non
1362 999 1522 1036 omnes,
1547 988 1655 1029 aliae
1672 989 1893 1041 opiniones
1916 990 1968 1031 de

232 1055 521 1109 inspirationis
543 1055 708 1096 ratione
732 1055 888 1096 erroris
911 1055 977 1096 vel
999 1067 1074 1108 per
1096 1056 1304 1097 defectum
1336 1057 1402 1098 vel
1433 1069 1508 1109 per
1534 1069 1756 1099 excessum
1779 1071 1964 1110 arguun-

231 1131 309 1167 tur.
346 1126 520 1166 Omissis
542 1126 761 1167 sententiis
776 1126 1097 1167 absurdioribus
1113 1127 1369 1168 celebriores
1393 1132 1569 1177 tantum,
1593 1128 1646 1169 ad
1669 1141 1774 1181 quas
1799 1135 1966 1171 ceterae

227 1197 354 1238 facile
377 1197 569 1238 revocari
592 1201 780 1249 possunt,
804 1197 901 1237 crisi
925 1196 1207 1250 subjiciemus.

351 1279 675 1324 Corollarium
697 1280 735 1322 I.
778 1280 881 1320 Tota
905 1279 1127 1333 Scriptura
1150 1284 1206 1321 est
1231 1281 1450 1334 inspirata.
1474 1306 1530 1311 —-
1552 1280 1699 1322 Plures
1723 1282 1964 1334 inspiratio-

232 1363 330 1392 nem
353 1351 542 1392 divinam
565 1351 624 1392 ita
646 1356 855 1399 coercent,
877 1355 923 1391 ut
945 1350 1166 1400 affirment,
1202 1363 1297 1392 eam
1319 1364 1406 1419 non
1430 1351 1483 1392 ad
1507 1352 1660 1401 omnia,
1687 1364 1794 1405 quae
1818 1353 1966 1394 divinis

234 1423 364 1463 literis
388 1422 697 1471 contineantur,
721 1422 794 1463 sed
818 1426 982 1463 tantum
1006 1423 1059 1463 ad
1082 1435 1149 1463 res
1172 1413 1345 1475 majoris
1368 1424 1596 1495 monientii)
1616 1424 1669 1464 ad
1702 1436 1769 1465 res
1802 1425 1896 1466 fidei
1927 1430 1968 1465 et

234 1505 401 1534 morum
433 1505 478 1534 se
511 1492 750 1542 extendere,
792 1493 967 1545 proinde
1010 1494 1052 1533 in
1083 1494 1264 1546 reliquis,
1305 1495 1489 1535 maxime
1520 1492 1563 1534 in
1593 1494 1713 1535 factis
1745 1495 1966 1544 historicis,

233 1564 460 1616 scriptores
483 1563 562 1604 sibi
585 1563 713 1607 fuisse
735 1564 916 1612 relictos,
949 1568 1075 1616 atque
1108 1564 1264 1605 idcirco
1291 1576 1433 1605 errare
1456 1565 1653 1617 potuisse.
1698 1564 1835 1616 Quam
1867 1577 1963 1606 sen-

232 1635 410 1675 tentiam
432 1634 525 1687 plus
548 1635 740 1675 minusve
764 1639 908 1675 tenent
940 1635 1250 1686 praetermissis
1281 1648 1304 1686 g
1317 1647 1380 1676 no
1393 1636 1571 1684 sticis,
1605 1649 1644 1675 m
1659 1648 1684 1676 a
1697 1636 1820 1676 nich
1833 1648 1857 1676 a
1870 1637 1966 1685 eis,

233 1706 503 1753 catharis,
528 1706 876 1753 arminianiS,
900 1706 1967 1762 rationalistae(siquamforteinspirationem

234 1776 371 1817 adhuc
395 1776 652 1831 admittunt),
676 1774 762 1816 fere
786 1788 934 1817 omnes
958 1778 1220 1818 recentiores
1235 1781 1532 1829 protestantes,
1556 1777 1682 1818 etiam
1708 1777 1778 1830 qui
1801 1777 1967 1829 positivi

233 1846 439 1893 dicuntur,
473 1850 579 1887 teste
610 1846 646 1886 R
661 1846 856 1887 ohnert
879 1847 921 1887 in
945 1847 967 1887 l.
1012 1846 1117 1888 Was
1148 1847 1295 1888 lehren
1327 1847 1393 1888 die
1416 1847 1669 1900 derzeitigen
1692 1847 1968 1889 Professoren

234 1917 308 1958 der
331 1929 477 1969 evang.
500 1916 727 1969 Theologie
760 1916 865 1958 iiber
896 1917 962 1958 die
994 1918 1032 1961 h.
1057 1917 1211 1958 Schrift
1242 1918 1327 1958 und
1354 1918 1482 1959 deren
1507 1918 1771 1970 Inspiration,
1805 1918 1968 1972 Lipsiae

237 1989 373 2038 189‘23
418 1988 501 2028 imo
548 1992 589 2028 et
623 1987 832 2036 catholici,
866 1992 912 2028 ut
946 1988 1221 2037 Erasmus,
1258 1988 1494 2030 Feilmos
1541 2002 1561 2029 r
1616 1989 1967 2039 Lenormant,

235 2057 451 2107 Scholz,
474 2058 634 2111 Loisy
658 2063 734 2099 etc,
757 2057 844 2100 Nec
859 2059 1011 2100 desunt
1027 2060 1098 2111 qui
1112 2059 1262 2100 saltem
1286 2039 1434 2109 ,Sbiter
1474 2064 1581 2119 293st
1615 2060 1657 2099 ‘b‘
1680 2060 1969 2112 inspirationis

234 2129 397 2170 ambitu
419 2128 484 2170 vel
505 2128 657 2170 saltem
690 2128 743 2169 ab
766 2128 1069 2170 infallibilitatis
1093 2110 1589 2183 praerogatiffiddfita
1612 2135 1826 2179 censeant,
1859 2143 1967 2183 quae

235 2200 377 2252 opinio
400 2199 515 2241 haud
536 2211 696 2252 paucos
712 2200 911 2250 asseclas,
933 2212 1010 2252 per
1025 2198 1205 2242 Galliam
1220 2202 1480 2254 praesertim,
1504 2206 1567 2242 est
1589 2206 1717 2242 nacta
1737 2202 1779 2257 ²).
1810 2200 1968 2242 Verum

235 2271 568 2323 inspirationem,
591 2270 688 2311 hinc
711 2275 752 2311 et
774 2270 1079 2312 infallibilitatis
1094 2273 1434 2324 praerogativam
1450 2272 1502 2312 ad
1517 2272 1761 2313 universam
1777 2277 1969 2324 spectare

235 2355 266 2382 s.
290 2340 564 2393 Scripturam,
587 2342 860 2394 consequitur

356 2411 396 2454 1.
433 2423 484 2452 ex
517 2411 787 2453 lemmatibus
822 2413 989 2453 statutis
1020 2425 1058 2453 n.
1088 2416 1168 2457 155
1201 2426 1252 2461 s.;
1288 2413 1548 2454 ostendimus
1583 2414 1695 2454 enim
1730 2414 1901 2454 nomine
1938 2427 1968 2454 s.

236 2480 561 2534 Scripturae
612 2482 822 2534 designari
868 2483 1180 2535 homogeneam
1221 2483 1436 2536 quandam
1466 2483 1805 2537 uniformemque
1837 2483 1969 2535 digni·

236 2557 366 2593 tatem
390 2552 561 2604 singulis
591 2551 708 2593 libris
740 2552 1029 2605 librorumque
1052 2553 1236 2594 textibus
1258 2553 1563 2603 inhaerentem,
1596 2566 1706 2606 quae
1737 2553 1969 2595 derivanda

236 2623 289 2663 sit
311 2635 363 2664 ex
384 2623 671 2675 inspiratione.
705 2622 812 2675 Ergo
828 2623 1046 2676 inspiratio
1070 2628 1159 2664 tam
1181 2623 1265 2665 late
1288 2628 1404 2677 patet
1426 2637 1555 2677 quam
1577 2625 1670 2677 ipsa
1692 2638 1722 2665 s.
1739 2623 1966 2676 Scriptura.

354 2695 398 2737 2.
431 2699 549 2747 patet
579 2705 630 2735 ex
652 2693 732 2735 fide
754 2695 977 2747 majorum,
1010 2695 1080 2747 qui
1113 2699 1199 2735 tam
1231 2695 1544 2737 theoretice
1568 2708 1694 2748 quam
1718 2696 1968 2747 practice

237 2768 372 2805 totam
395 2762 657 2817 Scripturam
679 2765 950 2818 singulasque
983 2770 1126 2818 partes
1158 2766 1385 2819 inspiratas
1412 2766 1699 2808 crediderunt:
1733 2770 1778 2806 ut
1809 2765 1965 2816 colligi-

238 2847 331 2875 mus
353 2839 443 2875 tum
465 2847 515 2876 ex
537 2835 780 2876 indistincta
803 2836 1003 2877 citatione
1028 2840 1217 2877 textuum
1241 2837 1378 2878 omnis
1404 2837 1581 2888 generis,
1616 2842 1705 2877 tum
1737 2847 1788 2876 ex
1821 2847 1967 2875 eorum

385 2943 406 2979 ¹)
420 2938 472 2973 Cf.
484 2940 529 2974 de
540 2940 650 2975 variis
662 2941 900 2985 opinionibus
912 2941 1008 2975 circa
1021 2941 1276 2986 inspirationis
1291 2941 1472 2975 ambitum
1483 2941 1614 2974 *Nisin
1625 2952 1639 2973 s
1658 2940 1696 2973 in
1707 2940 1790 2973 diss.
1806 2940 1849 2972 de
1865 2949 1967 2981 ency-

239 2992 340 3026 clicis
367 2992 422 3028 Iit.
450 2992 583 3027 Leonis
610 2993 706 3028 XIII.
730 2994 901 3030 Zeit-schr.
929 2994 987 3029 fiir
1014 2995 1049 3029 lx.
1076 2995 1200 3030 Theol.
1231 2997 1320 3030 1894
1346 3006 1381 3038 p.
1401 2997 1468 3029 627
1488 3006 1552 3032 ss;
1581 2993 1771 3027 Schinid
1799 2992 1848 3026 ib.
1879 2994 1967 3025 1886

238 3056 322 3089 pag.
346 3048 514 3079 142—62.
