2175 3382
211 134 297 174 474
544 127 663 162 Tract.
684 127 744 161 IV.
764 127 808 162 de
828 128 907 162 fide.
926 127 1034 162 Fides
1053 127 1208 162 actualis
1227 130 1279 162 est
1300 128 1403 162 actus
1421 127 1641 162 intellectus.

208 260 474 308 comitentur,
507 259 571 300 vel
603 258 802 300 inducere
835 259 888 300 ad
921 264 1041 300 actus
1074 259 1315 309 voluntatis,
1347 259 1418 312 qui
1450 270 1546 300 eam
1569 264 1720 312 sponte
1742 271 1821 301 sua
1843 271 1949 302 con-

210 335 453 383 sequantur.

330 413 367 455 l.
391 416 598 465 Colligitur
619 417 782 454 assertio
805 421 939 454 nostra
961 417 1043 454 sive
1066 428 1110 453 ex
1134 416 1222 453 fidei
1245 417 1285 453 in
1307 428 1461 466 genere,
1485 416 1597 465 cujus
1620 415 1714 453 fides
1736 416 1871 454 divina
1883 418 1950 455 est

208 475 368 523 species,
392 474 618 512 definitione
641 475 731 513 data.
752 488 773 512 a
795 487 899 514 conc.
922 476 1251 513 coloniennsi
1275 488 1306 514 a.
1338 481 1442 516 1860
1466 475 1529 512 tit.
1552 482 1564 515 1
1594 487 1624 514 e.
1641 482 1684 515 5:
1710 477 1947 522 ,AssensuS‚

207 546 284 582 quo
316 534 374 577 iis,
407 547 506 583 quae
529 535 577 571 ab
599 535 722 572 altero
745 534 964 575 edicuntur,
1001 535 1264 579 adhaeremus,
1296 547 1374 572 non
1396 534 1444 571 ob
1466 534 1522 571 rei
1543 534 1718 583 prolatae
1749 534 1947 573 internam

206 593 412 630 veritatem
433 596 685 642 perspectam,
709 594 776 631 sed
799 594 847 631 ob
870 594 1069 642 loquentis
1092 593 1366 631 auctoritatem
1390 605 1460 630 seu
1474 593 1658 642 peritiam
1673 593 1946 631 veracitatem-

207 665 282 701 que
305 656 409 690 certo
431 653 542 690 nobis
572 653 818 703 cognitam:“
852 653 933 690 sive
956 665 999 690 ex
1023 653 1250 690 definitione
1283 652 1370 690 fidei
1393 652 1638 697 christianae,
1670 665 1771 701 quae
1801 652 1951 691 dicitur

206 725 227 748 a
246 724 350 749 conc.
372 713 613 750 vaticano
636 724 724 749 sess.
751 718 772 752 3
797 724 875 760 cap.
902 719 922 752 3
951 712 1105 755 ,virtus
1128 712 1449 760 supernaturalis,
1488 724 1566 760 qua
1588 711 1657 749 Dei
1680 713 1876 761 aspirante
1906 714 1948 750 et

207 770 418 819 adjuvante
440 771 568 820 gratia
590 771 636 808 ab
660 783 703 808 eo
726 771 897 808 revelata
919 783 1010 808 vera
1045 784 1129 808 esse
1161 771 1354 808 credimus
1385 783 1464 808 non
1498 774 1660 820 propter
1689 770 1946 810 intrinsecam

207 842 339 867 rerum
361 830 567 867 veritatem
590 830 762 867 naturali
785 831 934 868 lumine
957 834 1212 880 perspectam,
1249 830 1316 867 sed
1338 833 1500 879 propter
1521 830 1798 868 auctoritatem
1819 830 1949 880 ipsius

205 889 276 926 Dei
301 889 524 933 revelantis,
548 889 616 937 qui
638 901 708 926 1133
731 889 815 926 falli
838 902 907 926 1133
929 889 1065 926 fallere
1087 892 1227 938 potest.

325 945 368 987 ⁸2.
393 948 601 997 Colligitur
622 961 667 986 ex
688 948 807 985 Hebr.
836 956 849 988 1
869 956 897 993 1,
925 956 970 987 3:
994 948 1090 987 Fide
1113 949 1355 998 intelliyimus
1378 953 1513 997 aptata
1536 961 1613 985 esse
1634 949 1758 986 secula
1780 950 1874 993 etc.;
1897 960 1943 986 ex

206 1006 336 1044 verbis
358 1007 465 1044 Pet-ri
486 1007 546 1044 Jo.
572 1014 606 1048 6.
635 1015 707 1047 7οε
741 1007 790 1044 Et
812 1020 879 1044 nos
909 1009 1140 1045 credidimus
1171 1013 1204 1044 et
1234 1009 1485 1057 coynovimus,
1517 1009 1608 1057 quia
1639 1012 1680 1045 tu
1710 1020 1749 1045 es
1771 1007 1950 1046 Christus

206 1065 330 1103 Filius
360 1066 456 1114 Dei,·
487 1070 526 1103 et
557 1066 632 1103 Job
662 1066 870 1115 profitetur
908 1073 968 1112 19,
1008 1073 1058 1107 25
1097 1064 1184 1119 (col.
1207 1066 1266 1104 Jo.
1298 1074 1358 1112 11,
1386 1066 1476 1118 24):
1515 1067 1598 1104 Scio
1631 1064 1742 1120 (sane
1775 1079 1819 1104 ex
1851 1064 1947 1120 fide)

205 1125 304 1174 quod
325 1125 553 1174 Redemptor
574 1138 678 1163 meus
699 1127 785 1163 vivit
807 1128 877 1163 etc.
910 1126 1012 1176 Ergo
1035 1126 1082 1163 de
1104 1126 1256 1163 ratione
1278 1126 1369 1163 fidei
1390 1130 1450 1163 est
1472 1138 1714 1176 cognoscere,
1743 1126 1852 1172 scire,
1875 1126 1938 1164 in-

205 1184 385 1233 telligere
407 1190 490 1229 etc.,
514 1197 613 1232 quae
636 1188 731 1222 sunt
753 1188 862 1222 actus
886 1185 1125 1224 intellectus,
1168 1186 1281 1222 Patet

325 1241 368 1283 3.
392 1256 435 1280 ex
458 1243 654 1281 Ecclesiae
677 1244 875 1293 symbolis.
910 1257 1008 1292 quae
1032 1250 1127 1282 sunt
1159 1244 1246 1282 fidei
1278 1245 1485 1293 expressio.
1528 1245 1653 1293 Atqui
1682 1244 1724 1282 in
1756 1245 1948 1294 symbolis

205 1306 482 1350 proponuntur
503 1303 702 1347 veritates,
726 1304 914 1352 mysteria
936 1308 1019 1350 etc.,
1043 1304 1239 1352 objectum
1262 1304 1466 1353 proprium
1488 1304 1725 1341 intellectus.

324 1357 365 1401 4.
388 1362 500 1399 Patet
523 1375 567 1399 ex
591 1362 735 1399 divinis
757 1362 885 1400 literis
908 1363 1173 1412 universaque
1195 1363 1420 1409 traditione,
1456 1376 1622 1412 quarum
1645 1362 1851 1401 manifesta
1883 1366 1947 1400 est

205 1419 391 1465 doctrina,
425 1421 515 1457 fidei
537 1421 732 1470 objectum
756 1434 841 1459 3333
863 1422 1064 1467 veritates,
1095 1422 1306 1471 mysteria·,
1340 1422 1530 1460 motivum
1564 1435 1644 1460 esse
1675 1422 1948 1460 auctoritatem

207 1478 277 1515 Dei
297 1480 521 1525 revelantis,
544 1492 622 1517 non
645 1481 822 1518 veritatis
845 1481 1101 1526 evidentiam;
1138 1481 1413 1531 cognitionem,
1437 1482 1651 1526 scientiam,
1683 1481 1834 1518 firmam
1856 1493 1945 1530 per-

206 1537 428 1575 suasionem
451 1551 535 1576 esse
558 1540 643 1588 ejus
666 1539 850 1585 fructum,
887 1540 1000 1589 eique
1022 1540 1224 1578 succedere
1246 1541 1437 1578 visionem
1461 1543 1544 1587 etc.,
1577 1553 1677 1590 quae
1700 1541 1831 1578 omnia
1852 1553 1947 1590 sup-

206 1599 359 1645 ponunt
381 1597 498 1635 fidem
519 1598 712 1636 contineri
733 1611 897 1636 assensu
918 1600 1155 1638 intellectus.

325 1654 367 1695 5.
392 1657 488 1694 Cum
508 1658 688 1706 patribus
712 1659 909 1707 conspirat
932 1659 1071 1703 schola,
1107 1662 1153 1696 ut
1174 1661 1285 1708 patet
1316 1672 1360 1697 ex
1388 1659 1479 1696 fidei
1502 1659 1812 1705 definitionibus,
1845 1671 1945 1707 quas

205 1715 348 1759 tradit3
372 1728 415 1752 ex
439 1716 613 1763 ejusdem
634 1718 872 1755 theoremate
896 1720 1014 1763 certo,
1045 1718 1161 1755 fidem
1182 1718 1427 1755 referendam
1458 1731 1540 1755 esse
1562 1718 1668 1755 inter
1688 1718 1859 1756 virtutes
1880 1718 1942 1756 in-

205 1774 466 1814 tellectuales:
491 1788 535 1812 ex
557 1779 617 1813 tot
639 1777 937 1824 quaestionibus
960 1778 1062 1815 circa
1083 1777 1199 1814 fidem
1221 1778 1392 1828 agitatis,
1416 1780 1463 1815 ut
1485 1791 1540 1815 ex.
1564 1790 1621 1827 gr.
1636 1790 1732 1815 num
1747 1778 1794 1815 de
1808 1777 1945 1815 eodem

207 1832 359 1881 objecto
382 1834 476 1871 fides
499 1841 536 1872 et
560 1835 720 1873 scientia
743 1836 877 1873 haberi
898 1837 1022 1885 possit
1043 1840 1115 1874 etc.

323 1891 366 1932 6.
391 1893 568 1942 Denique
591 1895 676 1932 aliis
698 1895 849 1932 omissis
872 1896 974 1933 idem
996 1899 1106 1944 patet
1127 1909 1173 1934 ex
1186 1898 1329 1934 natura
1351 1896 1599 1941 haeresis,
1623 1908 1723 1945 (11133
1737 1895 1950 1945 opponitur

205 1950 297 1988 fidei
321 1954 358 1988 et
382 1965 492 2000 quae,
517 1954 695 2002 quamvis
717 1954 867 1992 oriatur
889 1967 932 1992 ex
955 1968 1073 2004 prava
1094 1956 1313 1993 voluntatis
1328 1955 1598 2004 dispositione,
1621 1955 1841 1993 formaliter
1855 1967 1946 1992 con-

205 2010 358 2048 tinetur
380 2023 510 2049 errore
533 2016 650 2061 atque
673 2013 854 2051 dissensu
875 2015 922 2051 ab
945 2015 1140 2052 Ecclesiae
1164 2015 1352 2053 doctrina.

325 2100 420 2134 457.
444 2094 537 2131 Cum
561 2108 652 2145 ergo
675 2096 770 2133 fides
793 2109 957 2134 assensu
977 2098 1121 2135 mentis
1145 2098 1404 2143 contineatur,
1427 2098 1470 2135 in
1490 2098 1669 2146 quolibet
1690 2110 1784 2135 vero
1797 2097 1947 2135 mentis

206 2164 365 2190 assensu
387 2153 464 2191 dno
487 2154 681 2204 distingui
694 2156 855 2204 possint,
879 2156 1077 2205 objectum
1092 2157 1242 2195 scilicet-
1263 2171 1302 2194 m
1314 2160 1363 2194 at
1375 2170 1394 2194 e
1407 2157 1507 2194 rial
1521 2170 1541 2194 3
1563 2159 1603 2194 et
1625 2157 1824 2206 objectum
1846 2156 1892 2194 fo
1905 2169 1944 2193 r-

205 2211 332 2248 male
352 2209 394 2263 lf),
431 2213 548 2250 etiam
569 2214 611 2250 in
633 2216 723 2251 actu
745 2214 834 2251 fidei
857 2216 1002 2264 duplex
1024 2215 1095 2253 hoc
1116 2217 1312 2264 objectum
1345 2229 1544 2254 secernere
1567 2218 1733 2265 oportet.
1774 2215 1946 2253 Nomine

205 2269 349 2318 objecti
371 2272 582 2309 materialis
604 2273 822 2322 generatim
844 2274 945 2311 illud
968 2275 1222 2325 intelligitur,
1248 2276 1352 2323 quod
1374 2276 1552 2324 potentia
1572 2275 1745 2324 respicit,
1769 2275 1947 2324 attingit,

207 2328 306 2366 circa
337 2330 440 2378 quod
474 2332 558 2379 ejus
590 2332 688 2369 actio
720 2335 921 2378 versatum
954 2334 1150 2383 objectum
1180 2347 1272 2373 vero
1304 2335 1464 2373 formale
1495 2338 1556 2372 est
1587 2347 1701 2372 331133
1732 2346 1803 2372 3311
1832 2334 1944 2380 ratio,

204 2390 365 2436 propter
387 2402 504 2437 quam
519 2390 682 2428 facultas
697 2392 895 2439 objectum
908 2393 1083 2443 attingit,
1107 2407 1206 2442 quae
1227 2397 1433 2443 praesente
1447 2394 1597 2442 objecto
1612 2393 1807 2431 materiali
1819 2393 1947 2442 ipsam

206 2446 254 2483 ad
277 2449 516 2496 operandum
538 2454 667 2487 movet
703 2449 824 2502 (unde
846 2453 1094 2490 motivum
1125 2451 1301 2506 dicitur).
1344 2452 1455 2498 Quod
1486 2453 1661 2502 exemplo
1683 2453 1819 2502 Lugo
1851 2452 1947 2489 11111-
1967 2450 1970 2453 ’

207 2508 306 2542 strat
328 2506 375 2543 de
397 2506 472 2544 fide
495 2508 591 2556 disp.
622 2518 635 2549 1
665 2522 692 2550 3.
724 2518 736 2549 1
755 2523 762 2547 :
789 2511 856 2554 „Si
877 2524 981 2548 amas
1002 2512 1236 2550 medicinam
1258 2516 1420 2562 propter
1435 2512 1656 2556 sanitatem,
1679 2511 1873 2549 medicina
1885 2513 1949 2549 est

352 2670 380 2711 ¹)
403 2667 625 2713 ,Cujuslibet
644 2670 885 2714 cognoscitivi
902 2671 1055 2705 habitus
1074 2671 1261 2717 objectum
1279 2672 1350 2706 duo
1371 2673 1492 2713 habet,
1511 2671 1591 2706 scil.
1608 2671 1648 2706 id
1663 2672 1759 2716 quod
1775 2671 1947 2706 materia·

204 2720 291 2754 liter
308 2722 553 2765 cognoscitur,
573 2723 672 2766 qnod
690 2725 744 2756 331
764 2723 858 2757 sicut
877 2725 1069 2760 materiale
1084 2726 1279 2771 objectum,
1296 2728 1333 2760 et
1345 2725 1385 2760 id
1397 2736 1464 2771 per
1474 2725 1573 2769 quod
1587 2725 1832 2770 cognoscitur,
1849 2725 1948 2770 quod

205 2775 262 2808 est
278 2774 444 2808 formalis
462 2775 556 2809 ratio
575 2775 728 2820 objecti:
758 2777 851 2811 sicut
878 2779 917 2812 in
940 2779 1094 2813 scientia
1121 2779 1346 2823 geometriae
1373 2779 1616 2813 materialiter
1642 2779 1736 2812 scita
1762 2781 1849 2814 sunt
1865 2789 1948 2813 con-

206 2828 401 2869 clusiones,
421 2829 534 2863 form-a
543 2830 589 2863 lis
608 2840 693 2863 vero
711 2832 808 2865 ratio
829 2832 966 2865 sciendi
986 2835 1072 2867 sunt
1088 2833 1212 2867 media
1230 2833 1568 2873 demonstrationis,
1595 2844 1661 2877 per
1687 2844 1778 2877 quas
1803 2833 1947 2868 conclu-

208 2881 330 2916 siones
349 2884 630 2927 cognoscuntur.
651 2882 709 2916 Sic
728 2883 843 2927 igitur
860 2884 898 2918 in
916 2884 1000 2925 fide,
1017 2885 1046 2918 si
1066 2887 1337 2921 consideremus
1364 2885 1558 2920 formalem
1583 2885 1768 2920 rationem
1799 2886 1946 2931 objecti,

206 2933 302 2968 nihil
320 2934 422 2968 aliud
440 2936 495 2969 est
513 2946 625 2978 quam
644 2936 779 2970 veritas
797 2936 927 2981 prima.
947 2938 1029 2972 Non
1045 2939 1142 2972 enim
1157 2939 1259 2981 fides,
1283 2939 1327 2973 de
1341 2950 1415 2983 qua
1428 2939 1628 2982 loquimur,
1650 2939 1807 2973 assentit
1824 2939 1948 2981 alicui,

205 2987 277 3021 nisi
296 2988 393 3031 quod
413 2989 467 3022 est
485 2998 506 3021 a
523 2987 598 3022 Deo
618 2988 855 3023 revelatum.‘
877 2989 911 3024 S.
931 2989 958 3022 T
971 2991 994 3024 h
1007 3002 1026 3025 o
1039 3003 1074 3024 m
1087 3002 1107 3025 3
1121 3004 1136 3026 3
1154 2996 1187 3026 2.
1207 2995 1228 3026 2
1246 3004 1280 3036 q.
1300 2995 1317 3026 1
1338 3003 1371 3026 3.
1396 2996 1436 3033 1.,
1459 3002 1571 3036 (1113111
1588 2993 1633 3026 cf.
1654 2992 1698 3026 de
1717 2993 1822 3026 verit.
1845 3004 1880 3037 q.
1904 2996 1949 3026 14

205 3051 237 3074 3.
260 3045 273 3074 l
296 3040 501 3075 accuratius
519 3040 765 3085 explicantem
783 3042 973 3076 notionem
1001 3054 1021 3077 3
1033 3056 1048 3078 s
1061 3057 1075 3078 s
1087 3055 1141 3079 311
1153 3058 1168 3079 s
1180 3057 1230 3079 us
1258 3045 1404 3082 mentis,
1439 3045 1502 3079 Est
1530 3044 1606 3079 scil.
1625 3044 1867 3080 adhaerentia
1883 3055 1946 3079 seu

205 3094 386 3137 quietatio
403 3094 541 3129 mentis
558 3095 598 3128 in
616 3104 712 3129 vero.
