2175 3382
815 139 963 173 Petrum
982 139 1113 173 ceteris
1131 138 1318 182 praetulit.
1843 143 1926 184 357

316 260 357 302 1.
382 269 492 311 quae
512 257 707 310 leguntur
738 258 789 298 de
817 257 1002 298 nominis
1025 255 1197 308 Cephae
1228 257 1599 308 promissione
1620 256 1683 298 Jo.
1711 262 1727 300 1
1766 260 1845 301 42:
1875 257 1931 298 Et

198 330 371 370 adducit
393 328 620 384 (Andreas)
643 341 733 369 eum
756 326 1010 382 (Simonem)
1043 327 1099 367 ad
1129 326 1284 367 Jesaetm.
1328 300 1783 368 Inmamam
1839 341 1931 369 esus

195 401 327 441 discit.-
361 398 424 439 Ta
446 412 486 440 es
511 399 666 453 Simon,
695 398 809 452 filius
830 397 970 438 Jona:
1002 401 1045 437 tu
1077 396 1287 437 vocaberis
1310 395 1483 450 Ceplzas,
1505 398 1611 451 quod
1634 399 1932 451 interpretatur

196 470 356 511 Petrus.
400 469 524 521 Quod
545 480 702 510 nomen
725 468 764 509 ei
785 479 936 508 revera
958 468 1023 507 im
1039 478 1102 519 po
1117 467 1227 507 suit
1248 466 1374 507 Marc.
1398 470 1436 514 3,
1462 470 1536 511 16:
1568 471 1620 508 Et
1650 469 1845 521 imposuit
1868 469 1930 510 Si-

200 543 310 581 moni
333 554 478 581 nomen
499 540 675 591 Petrus;
703 539 873 591 vimque
895 537 1155 590 exposuit
1176 536 1321 577 Matth.
1348 540 1411 584 16,
1438 539 1510 580 18:
1542 540 1604 578 Et
1634 551 1702 591 eqo
1736 539 1826 579 dico
1858 538 1931 579 tibi

199 613 298 665 qaia
320 616 365 651 tu.
387 624 427 651 es
448 611 613 664 Petras,
645 616 680 651 et
701 623 827 663 super
847 609 955 650 hanc
971 612 1136 662 petram
1159 607 1382 661 aedificabo
1406 607 1628 648 Ecclesiam
1653 621 1792 649 meam.
1836 609 1932 650 Jam

196 693 300 722 vero
323 693 482 722 nomen
503 681 587 721 1100
608 680 877 733 promissum,
891 679 1148 732 impositum,
1163 678 1426 719 declaratum
1441 678 1583 731 magni
1597 678 1695 730 quid
1711 678 1931 730 portendit.

314 767 484 804 Notetur
505 767 609 803 enim
632 777 672 807 a.
696 765 893 804 Christum
916 778 976 802 res
1002 765 1134 814 magni
1156 764 1345 802 momenti
1367 766 1481 801 antea
1502 764 1731 812 promittere
1746 764 1808 800 vel
1821 776 1931 812 prae-

199 826 326 863 dicere
346 825 485 862 Matth.
514 832 574 866 16.
603 831 676 868 21ς
710 824 767 865 JO.
794 831 830 869 6,
857 832 908 865 52
934 836 1004 869 ss.;
1048 830 1108 869 16,
1135 830 1158 863 4
1182 829 1274 867 etc.;
1309 821 1354 863 b.
1378 835 1521 860 nomen
1544 823 1692 871 Cephas
1723 823 1747 859 i.
1770 835 1800 860 e.
1823 825 1934 871 petra

197 884 400 934 designare
430 884 744 933 praerogativam
778 883 922 921 Christi
952 883 1149 932 propriam
1182 884 1229 920 Is.
1256 889 1320 927 28,
1361 888 1432 925 16;
1466 883 1525 919 Ρ5.
1563 888 1654 926 117,
1690 887 1764 926 22;
1798 882 1932 919 Matth.

201 950 265 988 21,
291 949 362 988 42;
388 943 473 980 Act.
498 950 534 989 4,
564 950 609 983 11
637 944 729 988 etc.;
761 945 910 980 tantam
933 952 972 982 0.
997 954 1076 979 0550
1099 941 1243 979 Christi
1279 941 1494 978 bonitatem
1518 942 1558 978 et
1579 940 1756 990 gratiam,
1788 943 1834 978 ut
1863 953 1930 978 no-

198 1002 304 1039 mina
325 1014 409 1046 sua,
432 1004 532 1039 teste
554 1014 582 1039 5.
605 1002 874 1039 Ambrosio
898 1002 921 1040 l.
948 1008 968 1041 6
994 1001 1035 1037 in
1056 1001 1148 1038 Luc.
1171 1014 1208 1037 n.
1235 1007 1299 1045 97,
1337 999 1543 1048 discipulis
1567 999 1933 1043 communicaverit;

196 1059 240 1101 d.
262 1061 334 1098 Dei
355 1073 438 1098 esse
458 1061 664 1110 proprium
698 1073 776 1098 non
797 1060 904 1097 nuda
934 1062 974 1097 et
993 1072 1116 1097 vacua
1146 1060 1346 1106 imponere
1378 1059 1546 1102 nomina,
1580 1058 1647 1095 sed
1681 1059 1799 1096 simul
1830 1059 1933 1106 quod

198 1119 353 1157 nomine
375 1120 621 1169 significatur
644 1119 815 1169 elargiri,
839 1119 943 1167 quod
967 1119 1122 1168 egregie
1143 1118 1369 1155 illustratur
1390 1118 1448 1162 iis,
1473 1129 1572 1166 quae
1594 1117 1764 1167 legimus
1788 1118 1833 1154 de
1849 1131 1933 1154 mu-

197 1178 346 1216 tatione
367 1178 537 1216 nominis
561 1179 705 1216 Abram
726 1179 769 1215 in
791 1178 999 1224 Abraham,
1024 1177 1132 1214 Sarai
1167 1177 1209 1214 in
1232 1177 1324 1214 Sara
1344 1174 1386 1229 1).
1431 1176 1557 1220 Quare
1580 1186 1621 1216 e.
1644 1189 1732 1213 cum
1755 1176 1933 1213 Christus

198 1238 268 1274 uni
289 1238 403 1275 Petro
434 1238 504 1275 1100
536 1237 767 1286 imposuerit
788 1249 941 1281 nomen,
979 1236 1291 1286 praerogativam
1314 1247 1470 1284 quoque
1505 1248 1548 1272 eo
1582 1248 1805 1284 expressam
1842 1248 1933 1284 prae

196 1296 337 1334 ceteris
357 1296 439 1334 illis
459 1296 651 1334 tribuisse
673 1296 923 1333 inferendum
957 1298 1026 1341 est,
1062 1297 1108 1332 ut
1138 1297 1248 1343 patet
1278 1307 1321 1332 ex
1344 1295 1481 1332 Matth.
1510 1300 1572 1336 16,
1605 1302 1664 1334 18.
1709 1293 1839 1338 »Quid
1873 1296 1932 1331 est

198 1355 300 1403 quod
324 1355 391 1400 ait,
415 1355 546 1404 inquit
567 1355 614 1392 ad
636 1368 718 1392 rem
739 1355 1086 1404 Hieronymus
1110 1354 1145 1390 h.
1168 1354 1208 1391 in
1229 1355 1266 1399 1,,
1290 1355 1324 1391 et
1345 1366 1408 1402 eqo
1431 1354 1512 1390 dico
1534 1352 1633 1390 tihi?
1652 1353 1739 1390 Non
1754 1365 1933 1391 sermone

198 1426 302 1452 casso
325 1416 364 1452 et
385 1415 541 1451 nullum
564 1415 730 1451 habente
753 1426 863 1463 opus,
888 1414 956 1451 sed
977 1414 1063 1451 dico
1085 1413 1173 1459 tibi,
1205 1413 1297 1461 quia
1318 1426 1448 1450 meum
1471 1412 1616 1449 dixisse
1642 1412 1831 1449 fecisse
1854 1414 1933 1453 est;

198 1474 288 1522 quia
311 1478 352 1510 tu
373 1486 410 1511 es
430 1473 567 1510 Petras
588 1476 659 1511 ete.
703 1473 815 1511 Sicut
835 1473 920 1521 ipse
941 1473 1076 1510 lumen
1099 1472 1285 1521 apostolis
1307 1471 1468 1508 donavit
1489 1474 1535 1508 ut
1556 1472 1690 1508 lumen
1712 1470 1852 1508 mundi
1867 1484 1934 1520 ap-

199 1532 452 1581 pellarentur,
486 1534 691 1580 ceteraque
714 1545 758 1569 ex
782 1532 945 1569 Domino
969 1531 1098 1569 sortiti
1131 1534 1225 1569 sunt
1245 1531 1454 1568 vocabula:
1487 1530 1580 1568 item
1612 1534 1651 1566 et
1673 1530 1833 1576 Simoni,
1866 1530 1935 1578 qui

201 1591 384 1629 credebat
403 1591 445 1629 in
467 1592 625 1628 Petram
649 1592 859 1637 Christum,
883 1591 989 1628 Petri
1022 1590 1188 1637 largitus
1210 1592 1268 1627 est
1289 1600 1442 1626 nomen.
1483 1590 1537 1626 At
1567 1589 1782 1626 secundum
1812 1590 1934 1626 meta-

200 1650 361 1698 phoram
383 1653 516 1699 petrae
537 1652 640 1688 recte
663 1650 810 1688 dicitur
830 1650 885 1688 ei:
909 1649 1132 1687 Aedificabo
1153 1648 1363 1686 Ecclesiam
1384 1661 1508 1686 meam
1532 1660 1648 1697 super
1668 1650 1749 1685 te.«

317 1731 361 1773 2.
384 1728 496 1770 Dixit
518 1728 709 1770 Christus
731 1729 876 1773 Matth,
902 1732 967 1778 17,
987 1730 1045 1773 ’26
1070 1728 1124 1769 ad
1146 1727 1339 1769 Petrum:
1382 1726 1494 1768 Vade
1526 1727 1582 1768 ad
1613 1741 1727 1768 mare
1757 1732 1793 1767 et
1824 1727 1936 1766 mitte

202 1801 385 1851 hamum,
418 1804 455 1841 et
476 1813 565 1841 eum
584 1801 754 1854 piscem,
788 1800 858 1854 qui
875 1800 1044 1853 primus
1067 1799 1309 1852 ascenderit,
1341 1799 1433 1839 tolle
1454 1804 1490 1839 et
1512 1802 1654 1851 aperto
1676 1810 1744 1838 ore
1765 1798 1853 1849 ejas
1874 1798 1935 1837 in-

202 1871 334 1911 venies
356 1874 547 1912 staterem
558 1886 571 1920 ,·
604 1870 719 1911 illum
743 1883 918 1924 sumens,
950 1871 1006 1911 cla
1037 1871 1095 1910 eis
1121 1882 1202 1924 pro
1234 1884 1296 1910 me
1321 1873 1358 1910 et
1380 1874 1426 1912 te.
1469 1868 1522 1909 In
1544 1867 1618 1909 illa
1640 1868 1758 1922 hora,
1789 1879 1936 1920 prose-

205 1941 345 1993 quitur
367 1941 627 1993 evangelista
648 1940 701 1985 ib.
727 1944 792 1990 18,
819 1945 853 1990 1,
877 1944 1132 1982 accesserunt
1154 1940 1347 1993 discipuli
1368 1940 1424 1980 ad
1446 1939 1589 1980 Jesum
1612 1939 1814 1980 dicentes:
1836 1938 1938 1988 Quis

200 2015 343 2065 putas,
375 2012 513 2066 major
534 2016 590 2052 est
612 2012 656 2052 in
678 2024 801 2065 reyno
824 2011 1060 2052 coelorum?
1100 2009 1160 2051 Ex
1193 2010 1344 2063 quibus
1366 2009 1574 2051 habemus
1597 2023 1636 2053 a.
1659 2008 1873 2050 Christum
1894 2009 1937 2049 in

203 2081 407 2123 solvendo
430 2082 587 2123 tributo
610 2081 781 2123 Petrum
803 2081 883 2122 sibi
906 2081 1197 2134 conjunxisse3
1227 2085 1388 2121 tantum
1412 2082 1458 2124 b.
1482 2081 1618 2121 visam
1640 2092 1734 2121 esse
1756 2079 1936 2120 caeteris

203 2152 406 2204 apostolis
427 2153 539 2194 hanc
560 2153 916 2206 praerogativam,
948 2156 994 2193 ut
1025 2152 1227 2204 suspicati
1257 2152 1341 2192 sint
1370 2151 1450 2192 sibi
1481 2150 1814 2203 praeficiendum
1844 2161 1938 2191 esse

204 2222 396 2271 Petrum3
430 2223 529 2264 hinc
563 2236 606 2268 0.
643 2228 782 2264 ortam
805 2235 898 2264 esse
922 2223 1272 2268 controversiam,
1306 2222 1399 2275 quis
1430 2233 1577 2263 eorum
1600 2221 1814 2262 videretur
1844 2232 1938 2261 esse

347 2352 372 2398 ¹)
392 2351 482 2386 Gen.
500 2353 550 2392 17,
563 2357 594 2386 5.
610 2356 662 2387 15.
681 2352 850 2387 Ceterum
869 2352 913 2386 de
931 2351 1199 2397 ραι-0110115010,
1214 2351 1276 2395 qui
1291 2350 1489 2384 intercedit
1503 2350 1599 2384 inter
1612 2350 1764 2395 Petrum
1778 2350 1815 2383 et
1825 2350 1939 2383 Abra-

201 2405 353 2439 hamum
381 2404 426 2438 cf.
454 2404 568 2439 Pass
581 2404 716 2448 aglia
742 2405 768 2446 Ι,
796 2407 828 2439 3.
864 2404 957 2438 Eum
971 2404 1049 2449 jam
1068 2406 1176 2448 urget
1202 2405 1309 2437 auct
1322 2414 1370 2437 or
1393 2402 1492 2436 haud
1511 2402 1801 2437 contemnendus
1819 2413 1875 2448 ep.
1900 2406 1939 2438 19

201 2456 499 2501 Hieronymo
526 2457 710 2501 quondam
731 2457 938 2502 adscriptae
957 2469 992 2490 n.
1017 2458 1057 2492 17
1085 2457 1134 2501 (M
1147 2456 1156 2490 i
1169 2468 1227 2501 gn
1240 2467 1258 2490 0
1276 2459 1332 2495 30,
1351 2459 1452 2498 204);
1489 2456 1720 2500 »Augustum
1748 2458 1861 2500 caput
1879 2455 1941 2489 Pe-

201 2512 281 2545 trus
300 2510 444 2552 extulit,
458 2510 545 2545 novi
559 2510 713 2554 signifer
729 2509 945 2544 testamenti
964 2512 1001 2542 et
1018 2509 1056 2542 in
1078 2508 1262 2543 creatione
1280 2509 1360 2553 ejus
1379 2508 1606 2552 primitivus;
1627 2508 1733 2549 alius,
1748 2508 1846 2552 quod
1860 2508 1939 2542 sine

204 2563 435 2598 dubitatione
451 2563 595 2608 loquor,
613 2562 813 2607 Abraham,
828 2572 950 2596 nescio
966 2573 1012 2595 an
1028 2561 1162 2607 major:
1192 2562 1283 2595 certi
1306 2562 1403 2605 quod
1427 2562 1546 2596 sentio
1568 2571 1643 2594 non
1657 2561 1851 2595 secundus.
1881 2561 1940 2596 Illi

203 2616 395 2661 generatio
406 2617 514 2662 larga
527 2615 771 2661 promittitur,
784 2616 871 2649 huic
884 2615 1075 2660 generatio
1089 2615 1271 2659 pascenda,
1285 2614 1539 2648 committitur.
1558 2614 1615 2648 Ab
1629 2614 1694 2648 illo
1704 2613 1941 2658 justificanda

203 2671 427 2715 procedunt:
447 2670 487 2704 in
504 2671 573 2705 hoc
589 2670 793 2715 justificata
809 2669 1033 2706 fundantur:
1054 2668 1109 2702 ita
1127 2669 1225 2712 quod
1243 2668 1306 2702 ille
1324 2668 1458 2712 sperat,
1475 2668 1534 2702 hic
1547 2668 1692 2711 accipit.
1711 2666 1769 2701 Illi
1786 2667 1940 2701 dicitur:

205 2725 354 2758 Faciam
371 2730 402 2758 te
418 2726 458 2758 in
471 2729 603 2768 yentem
623 2734 787 2767 maynam
805 2722 908 2767 (Gen.
931 2725 985 2757 12.
1006 2722 1059 2766 2):
1087 2721 1174 2755 huic
1192 2721 1348 2755 dicitur:
1378 2722 1520 2756 Faciam
1547 2727 1577 2755 te
1602 2722 1638 2754 in
1653 2722 1864 2765 piscatorem
1881 2721 1941 2753 ho-

207 2779 338 2811 minum
357 2777 504 2823 (Matth.
521 2782 555 2818 4,
573 2779 642 2819 19).
661 2775 719 2809 Illi
739 2775 892 2809 dicitur:
910 2777 956 2809 In
972 2777 1102 2809 semine
1118 2779 1177 2809 tuo
1191 2775 1433 2809 benedicentur
1446 2785 1562 2808 omnes
1571 2779 1687 2818 gentes
1702 2776 1804 2819 (Gen.
1822 2776 1874 2813 12,
1886 2776 1920 2814 3)
1934 2786 1940 2809 ;

205 2830 290 2864 huie
308 2830 462 2866 dicitur:
481 2829 670 2865 Judicabis
689 2828 884 2862 duodecim
900 2828 1022 2862 tribus
1043 2828 1152 2861 lsrael
1171 2827 1318 2871 (Matth.
1337 2830 1390 2866 19,
1404 2828 1473 2874 28).
1498 2827 1553 2861 [lli
1572 2826 1729 2861 dicitur:
1750 2827 1797 2860 Ut
1812 2825 1941 2859 stellae

205 2882 277 2917 erit
295 2893 418 2917 semen
434 2885 540 2916 tuum
559 2884 662 2928 (Gen.
681 2885 738 2921 22,
758 2882 835 2919 17);
856 2881 939 2914 huic
958 2880 1112 2914 dicitur:
1137 2881 1215 2915 Tibi
1239 2881 1327 2914 dabo
1349 2881 1461 2914 claves
1483 2881 1584 2924 reym'
1604 2881 1777 2914 coelorum
1795 2879 1941 2920 (Matth.

208 2937 262 2977 16,
283 2937 350 2981 19).
385 2937 438 2970 Αο
456 2945 522 2980 per
539 2935 609 2969 hoc
637 2935 701 2969 ille
728 2933 955 2968 fecunditate
974 2933 1122 2967 seminis
1140 2932 1324 2968 benedicti
1344 2934 1541 2978 impletur:
1567 2932 1627 2966 hic
1645 2933 1731 2965 ante
1749 2941 1872 2965 semen
1889 2931 1941 2974 ip-

205 3000 286 3023 sum
313 2989 631 3033 evangelizaturus
658 2987 885 3022 adsciscitur.
921 2986 1091 3020 Abrahae
1117 2998 1184 3032 pro
1212 2986 1297 3021 filiis
1324 2986 1471 3020 claritas
1497 2987 1723 3019 monstratur
1749 2985 1941 3027 astrorum,

207 3041 269 3074 sed
287 3041 395 3075 Petro
412 3039 614 3074 traduntur
630 3051 745 3085 regna
763 3040 946 3074 coelorum
962 3053 968 3077 ;
998 3038 1172 3073 videlicet
1196 3042 1240 3072 ut
1264 3039 1305 3072 in
1322 3049 1365 3072 ea
1383 3039 1462 3072 sine
1482 3038 1588 3072 Petro
1606 3048 1673 3071 nec
1690 3037 1753 3070 filii
1775 3036 1941 3069 Abrahae

206 3093 351 3136 possint
366 3093 539 3127 intrare«
578 3092 631 3127 Cf.
650 3092 762 3126 etiam
781 3092 870 3126 Gen.
889 3094 944 3132 32,
965 3094 1027 3129 28;
1054 3091 1166 3126 Num.
1186 3093 1240 3133 13,
1261 3093 1323 3130 17;
1352 3091 1486 3126 Matth.
1508 3094 1536 3131 1,
1555 3093 1618 3128 21;
1649 3093 1680 3124 1.
1700 3089 1816 3123 Paral.
1836 3091 1892 3129 22,
1909 3091 1941 3124 9.
