<?xml version="1.0" encoding="UTF-8"?>
<!DOCTYPE html PUBLIC "-//W3C//DTD XHTML 1.0 Transitional//EN"
    "http://www.w3.org/TR/xhtml1/DTD/xhtml1-transitional.dtd">
<html xmlns="http://www.w3.org/1999/xhtml" xml:lang="en" lang="en">
 <head>
  <title>
</title>
<meta http-equiv="Content-Type" content="text/html;charset=utf-8" />
  <meta name='ocr-system' content='tesseract 3.04.00' />
  <meta name='ocr-capabilities' content='ocr_page ocr_carea ocr_par ocr_line ocrx_word'/>
</head>
<body>
  <div class='ocr_page' id='page_1' title='image "./theologiaedogmat01hurt/theologiaedogmat01hurt_0066.png"; bbox 0 0 2175 3382; ppageno 0'>
   <div class='ocr_carea' id='block_1_1' title="bbox 246 143 1630 190">
    <p class='ocr_par' dir='ltr' id='par_1_1' title="bbox 246 143 1630 190">
     <span class='ocr_line' id='line_1_1' title="bbox 246 143 1630 190; baseline 0.003 -14"><span class='ocrx_word' id='word_1_1' title='bbox 246 151 301 190; x_wconf 62' lang='lat'>55</span> <span class='ocrx_word' id='word_1_2' title='bbox 586 143 705 177; x_wconf 73' lang='lat' dir='ltr'>Tra-st.</span> <span class='ocrx_word' id='word_1_3' title='bbox 729 144 751 177; x_wconf 90' lang='lat'>1.</span> <span class='ocrx_word' id='word_1_4' title='bbox 773 143 952 188; x_wconf 67' lang='lat' dir='ltr'>Apologia</span> <span class='ocrx_word' id='word_1_5' title='bbox 973 144 1078 188; x_wconf 79' lang='lat' dir='ltr'>relig.</span> <span class='ocrx_word' id='word_1_6' title='bbox 1098 144 1221 178; x_wconf 84' lang='lat' dir='ltr'>christ.</span> <span class='ocrx_word' id='word_1_7' title='bbox 1240 144 1367 179; x_wconf 80' lang='lat' dir='ltr'>&#39;l&#39;hcsis</span> <span class='ocrx_word' id='word_1_8' title='bbox 1386 145 1445 181; x_wconf 85' lang='lat' dir='ltr'>XI.</span> <span class='ocrx_word' id='word_1_9' title='bbox 1466 145 1630 180; x_wconf 80' lang='lat' dir='ltr'>Danielis</span> 
     </span>
    </p>
   </div>
   <div class='ocr_carea' id='block_1_2' title="bbox 239 266 1980 373">
    <p class='ocr_par' dir='ltr' id='par_1_2' title="bbox 239 266 1980 373">
     <span class='ocr_line' id='line_1_2' title="bbox 245 266 1980 319; baseline 0.003 -17"><span class='ocrx_word' id='word_1_10' title='bbox 245 267 372 303; x_wconf 81' lang='lat' dir='ltr'>viores</span> <span class='ocrx_word' id='word_1_11' title='bbox 393 268 432 303; x_wconf 88' lang='lat' dir='ltr'>et</span> <span class='ocrx_word' id='word_1_12' title='bbox 447 267 528 314; x_wconf 86' lang='lat' dir='ltr'>jam</span> <span class='ocrx_word' id='word_1_13' title='bbox 552 266 703 314; x_wconf 78' lang='lat' dir='ltr'>elapsas</span> <span class='ocrx_word' id='word_1_14' title='bbox 727 279 831 304; x_wconf 82' lang='lat' dir='ltr'>esse:</span> <span class='ocrx_word' id='word_1_15' title='bbox 855 278 981 315; x_wconf 88' lang='lat' dir='ltr'>neque</span> <span class='ocrx_word' id='word_1_16' title='bbox 1004 267 1118 304; x_wconf 85' lang='lat' dir='ltr'>etiam</span> <span class='ocrx_word' id='word_1_17' title='bbox 1143 266 1335 314; x_wconf 84' lang='lat' dir='ltr'>ejusmodi</span> <span class='ocrx_word' id='word_1_18' title='bbox 1359 267 1622 306; x_wconf 81' lang='lat' dir='ltr'>hebdomadae</span> <span class='ocrx_word' id='word_1_19' title='bbox 1645 274 1854 307; x_wconf 85' lang='lat' dir='ltr'>occurrunt</span> <span class='ocrx_word' id='word_1_20' title='bbox 1877 270 1980 319; x_wconf 83' lang='lat' dir='ltr'>apud</span> 
     </span>
     <span class='ocr_line' id='line_1_3' title="bbox 239 324 586 373; baseline 0 -12"><span class='ocrx_word' id='word_1_21' title='bbox 239 324 402 373; x_wconf 78' lang='lat' dir='ltr'>judaeos</span> <span class='ocrx_word' id='word_1_22' title='bbox 424 330 586 362; x_wconf 87' lang='lat' dir='ltr'>veteres.</span> 
     </span>
    </p>
   </div>
   <div class='ocr_carea' id='block_1_3' title="bbox 241 391 1989 1359">
    <p class='ocr_par' dir='ltr' id='par_1_3' title="bbox 241 391 1989 1359">
     <span class='ocr_line' id='line_1_4' title="bbox 363 391 1984 449; baseline 0.001 -13"><span class='ocrx_word' id='word_1_23' title='bbox 363 396 430 437; x_wconf 68' lang='lat'>48.</span> <span class='ocrx_word' id='word_1_24' title='bbox 454 391 657 443; x_wconf 81' lang='lat' dir='ltr'>Quamvis</span> <span class='ocrx_word' id='word_1_25' title='bbox 680 405 781 434; x_wconf 86' lang='lat' dir='ltr'>vero</span> <span class='ocrx_word' id='word_1_26' title='bbox 805 393 988 445; x_wconf 81' lang='lat' dir='ltr'>implexa</span> <span class='ocrx_word' id='word_1_27' title='bbox 1010 397 1038 449; x_wconf 82' lang='lat'>1)</span> <span class='ocrx_word' id='word_1_28' title='bbox 1062 393 1293 435; x_wconf 83' lang='lat' dir='ltr'>admodum</span> <span class='ocrx_word' id='word_1_29' title='bbox 1325 395 1378 434; x_wconf 88' lang='lat' dir='ltr'>sit</span> <span class='ocrx_word' id='word_1_30' title='bbox 1409 395 1616 447; x_wconf 77' lang='lat' dir='ltr'>quaestio,</span> <span class='ocrx_word' id='word_1_31' title='bbox 1647 400 1788 436; x_wconf 89' lang='lat' dir='ltr'>utrum</span> <span class='ocrx_word' id='word_1_32' title='bbox 1820 395 1984 437; x_wconf 90' lang='lat' dir='ltr'>hebdo-</span> 
     </span>
     <span class='ocr_line' id='line_1_5' title="bbox 246 462 1983 520; baseline 0.003 -17"><span class='ocrx_word' id='word_1_33' title='bbox 246 462 469 503; x_wconf 84' lang='lat' dir='ltr'>madarum</span> <span class='ocrx_word' id='word_1_34' title='bbox 493 463 658 504; x_wconf 90' lang='lat' dir='ltr'>initium</span> <span class='ocrx_word' id='word_1_35' title='bbox 681 463 840 505; x_wconf 87' lang='lat' dir='ltr'>incidat</span> <span class='ocrx_word' id='word_1_36' title='bbox 863 465 903 504; x_wconf 89' lang='lat' dir='ltr'>in</span> <span class='ocrx_word' id='word_1_37' title='bbox 927 476 1085 505; x_wconf 87' lang='lat' dir='ltr'>annum</span> <span class='ocrx_word' id='word_1_38' title='bbox 1110 464 1293 516; x_wconf 90' lang='lat' dir='ltr'>primum</span> <span class='ocrx_word' id='word_1_39' title='bbox 1316 464 1426 518; x_wconf 73' lang='lat' dir='ltr'>Cyri,</span> <span class='ocrx_word' id='word_1_40' title='bbox 1451 477 1506 505; x_wconf 89' lang='lat' dir='ltr'>an</span> <span class='ocrx_word' id='word_1_41' title='bbox 1528 466 1570 506; x_wconf 91' lang='lat' dir='ltr'>in</span> <span class='ocrx_word' id='word_1_42' title='bbox 1593 477 1753 507; x_wconf 89' lang='lat' dir='ltr'>annum</span> <span class='ocrx_word' id='word_1_43' title='bbox 1775 467 1863 507; x_wconf 91' lang='lat' dir='ltr'>sive</span> <span class='ocrx_word' id='word_1_44' title='bbox 1885 478 1983 520; x_wconf 89' lang='lat' dir='ltr'>sep-</span> 
     </span>
     <span class='ocr_line' id='line_1_6' title="bbox 245 534 1985 590; baseline 0.003 -16"><span class='ocrx_word' id='word_1_45' title='bbox 245 534 393 575; x_wconf 87' lang='lat' dir='ltr'>timum</span> <span class='ocrx_word' id='word_1_46' title='bbox 417 535 505 576; x_wconf 84' lang='lat' dir='ltr'>sive</span> <span class='ocrx_word' id='word_1_47' title='bbox 527 535 777 586; x_wconf 82' lang='lat' dir='ltr'>vigesimum</span> <span class='ocrx_word' id='word_1_48' title='bbox 802 535 1048 576; x_wconf 76' lang='lat' dir='ltr'>Artaxerxis</span> <span class='ocrx_word' id='word_1_49' title='bbox 1071 535 1343 588; x_wconf 85' lang='lat' dir='ltr'>Longimani:</span> <span class='ocrx_word' id='word_1_50' title='bbox 1379 536 1433 577; x_wconf 90' lang='lat' dir='ltr'>ad</span> <span class='ocrx_word' id='word_1_51' title='bbox 1464 548 1556 577; x_wconf 90' lang='lat' dir='ltr'>rem</span> <span class='ocrx_word' id='word_1_52' title='bbox 1585 541 1778 578; x_wconf 88' lang='lat' dir='ltr'>nostram</span> <span class='ocrx_word' id='word_1_53' title='bbox 1810 537 1985 590; x_wconf 85' lang='lat' dir='ltr'>perinde</span> 
     </span>
     <span class='ocr_line' id='line_1_7' title="bbox 246 605 1985 659; baseline 0.002 -13"><span class='ocrx_word' id='word_1_54' title='bbox 246 610 320 653; x_wconf 85' lang='lat' dir='ltr'>est,</span> <span class='ocrx_word' id='word_1_55' title='bbox 353 617 633 659; x_wconf 87' lang='lat' dir='ltr'>quaecunque</span> <span class='ocrx_word' id='word_1_56' title='bbox 656 606 827 647; x_wconf 90' lang='lat' dir='ltr'>demum</span> <span class='ocrx_word' id='word_1_57' title='bbox 852 607 1017 659; x_wconf 82' lang='lat' dir='ltr'>eligitur</span> <span class='ocrx_word' id='word_1_58' title='bbox 1038 607 1259 649; x_wconf 84' lang='lat' dir='ltr'>sententia.</span> <span class='ocrx_word' id='word_1_59' title='bbox 1305 605 1532 648; x_wconf 86' lang='lat' dir='ltr'>Evidenter</span> <span class='ocrx_word' id='word_1_60' title='bbox 1564 608 1675 649; x_wconf 92' lang='lat' dir='ltr'>enim</span> <span class='ocrx_word' id='word_1_61' title='bbox 1699 612 1880 659; x_wconf 87' lang='lat' dir='ltr'>constat,</span> <span class='ocrx_word' id='word_1_62' title='bbox 1909 621 1985 650; x_wconf 86' lang='lat' dir='ltr'>va-</span> 
     </span>
     <span class='ocr_line' id='line_1_8' title="bbox 245 676 1986 732; baseline 0.002 -15"><span class='ocrx_word' id='word_1_63' title='bbox 245 676 435 717; x_wconf 78' lang='lat' dir='ltr'>ticinium</span> <span class='ocrx_word' id='word_1_64' title='bbox 454 677 544 729; x_wconf 78' lang='lat' dir='ltr'>Jam</span> <span class='ocrx_word' id='word_1_65' title='bbox 568 689 662 718; x_wconf 85' lang='lat' dir='ltr'>esse</span> <span class='ocrx_word' id='word_1_66' title='bbox 684 677 916 730; x_wconf 88' lang='lat' dir='ltr'>impletum,</span> <span class='ocrx_word' id='word_1_67' title='bbox 941 690 1036 719; x_wconf 92' lang='lat' dir='ltr'>cum</span> <span class='ocrx_word' id='word_1_68' title='bbox 1060 677 1261 719; x_wconf 87' lang='lat' dir='ltr'>defecerit</span> <span class='ocrx_word' id='word_1_69' title='bbox 1282 678 1423 719; x_wconf 89' lang='lat' dir='ltr'>hostia</span> <span class='ocrx_word' id='word_1_70' title='bbox 1447 683 1489 719; x_wconf 91' lang='lat' dir='ltr'>et</span> <span class='ocrx_word' id='word_1_71' title='bbox 1510 678 1776 729; x_wconf 76' lang='lat' dir='ltr'>sacrificium,</span> <span class='ocrx_word' id='word_1_72' title='bbox 1808 683 1851 720; x_wconf 87' lang='lat' dir='ltr'>et</span> <span class='ocrx_word' id='word_1_73' title='bbox 1875 690 1986 732; x_wconf 86' lang='lat' dir='ltr'>quae</span> 
     </span>
     <span class='ocr_line' id='line_1_9' title="bbox 245 747 1986 804; baseline 0.002 -16"><span class='ocrx_word' id='word_1_74' title='bbox 245 747 392 788; x_wconf 91' lang='lat' dir='ltr'>ultimo</span> <span class='ocrx_word' id='word_1_75' title='bbox 416 748 511 789; x_wconf 91' lang='lat' dir='ltr'>loco</span> <span class='ocrx_word' id='word_1_76' title='bbox 533 749 803 801; x_wconf 86' lang='lat' dir='ltr'>praedicitur,</span> <span class='ocrx_word' id='word_1_77' title='bbox 827 749 973 801; x_wconf 82' lang='lat' dir='ltr'>ingens</span> <span class='ocrx_word' id='word_1_78' title='bbox 996 748 1114 790; x_wconf 89' lang='lat' dir='ltr'>urbis</span> <span class='ocrx_word' id='word_1_79' title='bbox 1138 750 1367 802; x_wconf 83' lang='lat' dir='ltr'>templique</span> <span class='ocrx_word' id='word_1_80' title='bbox 1390 749 1598 791; x_wconf 76' lang='lat' dir='ltr'>desolatio</span> <span class='ocrx_word' id='word_1_81' title='bbox 1623 751 1855 802; x_wconf 86' lang='lat' dir='ltr'>contigerit.</span> <span class='ocrx_word' id='word_1_82' title='bbox 1877 749 1986 804; x_wconf 87' lang='lat' dir='ltr'>Ergo</span> 
     </span>
     <span class='ocr_line' id='line_1_10' title="bbox 241 818 1987 874; baseline 0.002 -16"><span class='ocrx_word' id='word_1_83' title='bbox 241 818 330 869; x_wconf 66' lang='grc' dir='ltr'>ι1301</span> <span class='ocrx_word' id='word_1_84' title='bbox 356 818 527 871; x_wconf 76' lang='lat' dir='ltr'>elapsae</span> <span class='ocrx_word' id='word_1_85' title='bbox 559 824 658 859; x_wconf 89' lang='lat' dir='ltr'>sunt</span> <span class='ocrx_word' id='word_1_86' title='bbox 688 820 958 873; x_wconf 84' lang='lat' dir='ltr'>septuaginta</span> <span class='ocrx_word' id='word_1_87' title='bbox 981 820 1292 870; x_wconf 78' lang='lat' dir='ltr'>hebdomadae,</span> <span class='ocrx_word' id='word_1_88' title='bbox 1321 820 1412 873; x_wconf 88' lang='lat' dir='ltr'>jam</span> <span class='ocrx_word' id='word_1_89' title='bbox 1435 820 1613 861; x_wconf 84' lang='lat' dir='ltr'>Messias</span> <span class='ocrx_word' id='word_1_90' title='bbox 1636 820 1818 862; x_wconf 88' lang='lat' dir='ltr'>advenit.</span> <span class='ocrx_word' id='word_1_91' title='bbox 1859 820 1987 874; x_wconf 84' lang='lat' dir='ltr'>Atqui</span> 
     </span>
     <span class='ocr_line' id='line_1_11' title="bbox 247 889 1988 944; baseline 0.002 -14"><span class='ocrx_word' id='word_1_92' title='bbox 247 889 385 930; x_wconf 87' lang='lat' dir='ltr'>nullus</span> <span class='ocrx_word' id='word_1_93' title='bbox 408 890 616 941; x_wconf 80' lang='lat' dir='ltr'>assignari</span> <span class='ocrx_word' id='word_1_94' title='bbox 638 894 789 942; x_wconf 87' lang='lat' dir='ltr'>potest,</span> <span class='ocrx_word' id='word_1_95' title='bbox 825 892 896 944; x_wconf 91' lang='lat' dir='ltr'>qui</span> <span class='ocrx_word' id='word_1_96' title='bbox 920 892 1033 932; x_wconf 86' lang='lat' dir='ltr'>circa</span> <span class='ocrx_word' id='word_1_97' title='bbox 1056 892 1209 932; x_wconf 86' lang='lat' dir='ltr'>harum</span> <span class='ocrx_word' id='word_1_98' title='bbox 1233 891 1602 932; x_wconf 87' lang='lat' dir='ltr'>hebdomadarum</span> <span class='ocrx_word' id='word_1_99' title='bbox 1624 892 1774 933; x_wconf 84' lang='lat' dir='ltr'>vixerit</span> <span class='ocrx_word' id='word_1_100' title='bbox 1796 891 1923 933; x_wconf 89' lang='lat' dir='ltr'>finem</span> <span class='ocrx_word' id='word_1_101' title='bbox 1945 897 1988 932; x_wconf 87' lang='lat' dir='ltr'>et</span> 
     </span>
     <span class='ocr_line' id='line_1_12' title="bbox 248 960 1986 1015; baseline 0.002 -15"><span class='ocrx_word' id='word_1_102' title='bbox 248 965 346 1001; x_wconf 88' lang='lat' dir='ltr'>ante</span> <span class='ocrx_word' id='word_1_103' title='bbox 368 960 484 1000; x_wconf 85' lang='lat' dir='ltr'>urbis</span> <span class='ocrx_word' id='word_1_104' title='bbox 507 961 736 1014; x_wconf 84' lang='lat' dir='ltr'>templique</span> <span class='ocrx_word' id='word_1_105' title='bbox 760 962 1040 1010; x_wconf 69' lang='lat' dir='ltr'>eversionem,</span> <span class='ocrx_word' id='word_1_106' title='bbox 1072 963 1115 1003; x_wconf 90' lang='lat' dir='ltr'>in</span> <span class='ocrx_word' id='word_1_107' title='bbox 1138 974 1264 1015; x_wconf 90' lang='lat' dir='ltr'>quem</span> <span class='ocrx_word' id='word_1_108' title='bbox 1288 967 1329 1003; x_wconf 92' lang='lat' dir='ltr'>et</span> <span class='ocrx_word' id='word_1_109' title='bbox 1351 962 1476 1015; x_wconf 89' lang='lat' dir='ltr'>hujus</span> <span class='ocrx_word' id='word_1_110' title='bbox 1499 967 1541 1003; x_wconf 85' lang='lat' dir='ltr'>et</span> <span class='ocrx_word' id='word_1_111' title='bbox 1562 963 1744 1004; x_wconf 89' lang='lat' dir='ltr'>aliorum</span> <span class='ocrx_word' id='word_1_112' title='bbox 1766 963 1986 1004; x_wconf 86' lang='lat' dir='ltr'>vaticinio-</span> 
     </span>
     <span class='ocr_line' id='line_1_13' title="bbox 248 1017 1987 1086; baseline 0.002 -16"><span class='ocrx_word' id='word_1_113' title='bbox 248 1044 341 1071; x_wconf 87' lang='lat' dir='ltr'>rum</span> <span class='ocrx_word' id='word_1_114' title='bbox 375 1031 575 1083; x_wconf 78' lang='lat' dir='ltr'>adjuncta</span> <span class='ocrx_word' id='word_1_115' title='bbox 608 1038 868 1074; x_wconf 79' lang='lat' dir='ltr'>concurrant</span> <span class='ocrx_word' id='word_1_116' title='bbox 900 1038 1069 1086; x_wconf 88' lang='lat' dir='ltr'>praeter</span> <span class='ocrx_word' id='word_1_117' title='bbox 1100 1032 1315 1074; x_wconf 80' lang='lat' dir='ltr'>Christum</span> <span class='ocrx_word' id='word_1_118' title='bbox 1337 1033 1482 1075; x_wconf 88' lang='lat' dir='ltr'>Jesum</span> <span class='ocrx_word' id='word_1_119' title='bbox 1517 1032 1647 1074; x_wconf 88' lang='lat' dir='ltr'>filium</span> <span class='ocrx_word' id='word_1_120' title='bbox 1679 1017 1862 1083; x_wconf 49' lang='lat' dir='ltr'>Mari&#39;ae3</span> <span class='ocrx_word' id='word_1_121' title='bbox 1896 1034 1987 1086; x_wconf 89' lang='lat' dir='ltr'>ipse</span> 
     </span>
     <span class='ocr_line' id='line_1_14' title="bbox 247 1102 1986 1157; baseline 0.002 -15"><span class='ocrx_word' id='word_1_122' title='bbox 247 1102 358 1142; x_wconf 86' lang='lat' dir='ltr'>enim</span> <span class='ocrx_word' id='word_1_123' title='bbox 381 1102 692 1144; x_wconf 85' lang='lat' dir='ltr'>solemnissime</span> <span class='ocrx_word' id='word_1_124' title='bbox 716 1116 741 1144; x_wconf 92' lang='lat' dir='ltr'>a</span> <span class='ocrx_word' id='word_1_125' title='bbox 763 1104 920 1157; x_wconf 88' lang='lat' dir='ltr'>populo</span> <span class='ocrx_word' id='word_1_126' title='bbox 944 1103 1020 1145; x_wconf 83' lang='lat' dir='ltr'>fuit</span> <span class='ocrx_word' id='word_1_127' title='bbox 1041 1104 1225 1157; x_wconf 83' lang='lat' dir='ltr'>rejectus</span> <span class='ocrx_word' id='word_1_128' title='bbox 1241 1109 1367 1157; x_wconf 82' lang='lat' dir='ltr'>atque</span> <span class='ocrx_word' id='word_1_129' title='bbox 1382 1104 1509 1145; x_wconf 86' lang='lat' dir='ltr'>morti</span> <span class='ocrx_word' id='word_1_130' title='bbox 1522 1104 1714 1153; x_wconf 88' lang='lat' dir='ltr'>traditus,</span> <span class='ocrx_word' id='word_1_131' title='bbox 1736 1109 1833 1157; x_wconf 90' lang='lat' dir='ltr'>post</span> <span class='ocrx_word' id='word_1_132' title='bbox 1848 1104 1986 1157; x_wconf 89' lang='lat' dir='ltr'>ipsum</span> 
     </span>
     <span class='ocr_line' id='line_1_15' title="bbox 246 1173 1989 1228; baseline 0.002 -15"><span class='ocrx_word' id='word_1_133' title='bbox 246 1184 347 1213; x_wconf 74' lang='lat' dir='ltr'>vero</span> <span class='ocrx_word' id='word_1_134' title='bbox 369 1173 486 1214; x_wconf 87' lang='lat' dir='ltr'>nulla</span> <span class='ocrx_word' id='word_1_135' title='bbox 508 1174 688 1227; x_wconf 86' lang='lat' dir='ltr'>amplius</span> <span class='ocrx_word' id='word_1_136' title='bbox 712 1176 829 1223; x_wconf 87' lang='lat' dir='ltr'>visiO,</span> <span class='ocrx_word' id='word_1_137' title='bbox 861 1175 977 1216; x_wconf 88' lang='lat' dir='ltr'>nulla</span> <span class='ocrx_word' id='word_1_138' title='bbox 1002 1175 1227 1228; x_wconf 85' lang='lat' dir='ltr'>prophetia</span> <span class='ocrx_word' id='word_1_139' title='bbox 1249 1175 1362 1228; x_wconf 87' lang='lat' dir='ltr'>apud</span> <span class='ocrx_word' id='word_1_140' title='bbox 1381 1175 1574 1228; x_wconf 86' lang='lat' dir='ltr'>judaeos.</span> <span class='ocrx_word' id='word_1_141' title='bbox 1617 1176 1710 1228; x_wconf 90' lang='lat' dir='ltr'>Ipse</span> <span class='ocrx_word' id='word_1_142' title='bbox 1740 1175 1876 1228; x_wconf 86' lang='lat' dir='ltr'>igitur,</span> <span class='ocrx_word' id='word_1_143' title='bbox 1906 1175 1989 1216; x_wconf 89' lang='lat' dir='ltr'>nisi</span> 
     </span>
     <span class='ocr_line' id='line_1_16' title="bbox 246 1246 1989 1299; baseline 0.002 -15"><span class='ocrx_word' id='word_1_144' title='bbox 246 1256 418 1285; x_wconf 89' lang='lat' dir='ltr'>omnem</span> <span class='ocrx_word' id='word_1_145' title='bbox 439 1246 739 1287; x_wconf 83' lang='lat' dir='ltr'>vaticiniorum</span> <span class='ocrx_word' id='word_1_146' title='bbox 762 1246 886 1288; x_wconf 90' lang='lat' dir='ltr'>fidem</span> <span class='ocrx_word' id='word_1_147' title='bbox 910 1247 1088 1299; x_wconf 85' lang='lat' dir='ltr'>rejicere</span> <span class='ocrx_word' id='word_1_148' title='bbox 1110 1247 1301 1295; x_wconf 83' lang='lat' dir='ltr'>velimus,</span> <span class='ocrx_word' id='word_1_149' title='bbox 1324 1246 1502 1288; x_wconf 86' lang='lat' dir='ltr'>Messias</span> <span class='ocrx_word' id='word_1_150' title='bbox 1525 1246 1724 1288; x_wconf 89' lang='lat' dir='ltr'>divinitus</span> <span class='ocrx_word' id='word_1_151' title='bbox 1745 1246 1989 1299; x_wconf 84' lang='lat' dir='ltr'>praedictus</span> 
     </span>
     <span class='ocr_line' id='line_1_17' title="bbox 247 1315 582 1359; baseline 0.009 -4"><span class='ocrx_word' id='word_1_152' title='bbox 247 1315 485 1357; x_wconf 89' lang='lat' dir='ltr'>censendus</span> <span class='ocrx_word' id='word_1_153' title='bbox 508 1321 582 1359; x_wconf 86' lang='lat' dir='ltr'>est.</span> 
     </span>
    </p>
   </div>
   <div class='ocr_carea' id='block_1_4' title="bbox 240 1390 1996 2503">
    <p class='ocr_par' dir='ltr' id='par_1_4' title="bbox 240 1390 1996 2503">
     <span class='ocr_line' id='line_1_18' title="bbox 362 1390 1987 1442; baseline 0.001 -15"><span class='ocrx_word' id='word_1_154' title='bbox 362 1390 488 1435; x_wconf 87' lang='lat' dir='ltr'>Quare</span> <span class='ocrx_word' id='word_1_155' title='bbox 511 1392 557 1428; x_wconf 88' lang='lat' dir='ltr'>ad</span> <span class='ocrx_word' id='word_1_156' title='bbox 580 1404 662 1429; x_wconf 88' lang='lat' dir='ltr'>rem</span> <span class='ocrx_word' id='word_1_157' title='bbox 684 1393 1012 1442; x_wconf 75' lang='lat' dir='ltr'>Augustinus</span> <span class='ocrx_word' id='word_1_158' title='bbox 1034 1405 1064 1430; x_wconf 88' lang='lat' dir='ltr'>c.</span> <span class='ocrx_word' id='word_1_159' title='bbox 1086 1392 1274 1429; x_wconf 87' lang='lat' dir='ltr'>Faustum</span> <span class='ocrx_word' id='word_1_160' title='bbox 1288 1392 1371 1436; x_wconf 81' lang='lat' dir='ltr'>XII,</span> <span class='ocrx_word' id='word_1_161' title='bbox 1397 1399 1449 1432; x_wconf 87' lang='lat'>44</span> <span class='ocrx_word' id='word_1_162' title='bbox 1474 1391 1633 1429; x_wconf 77' lang='lat' dir='ltr'>scribit:</span> <span class='ocrx_word' id='word_1_163' title='bbox 1659 1391 1782 1437; x_wconf 68' lang='lat' dir='ltr'>„Quis</span> <span class='ocrx_word' id='word_1_164' title='bbox 1797 1404 1875 1429; x_wconf 90' lang='lat' dir='ltr'>non</span> <span class='ocrx_word' id='word_1_165' title='bbox 1890 1404 1987 1430; x_wconf 89' lang='lat' dir='ltr'>eun·</span> 
     </span>
     <span class='ocr_line' id='line_1_19' title="bbox 245 1449 1987 1501; baseline 0.001 -15"><span class='ocrx_word' id='word_1_166' title='bbox 245 1450 334 1486; x_wconf 86' lang='lat' dir='ltr'>dem</span> <span class='ocrx_word' id='word_1_167' title='bbox 356 1449 596 1488; x_wconf 80' lang='lat' dir='ltr'>Salvatorem</span> <span class='ocrx_word' id='word_1_168' title='bbox 619 1454 806 1501; x_wconf 85' lang='lat' dir='ltr'>agnoscat</span> <span class='ocrx_word' id='word_1_169' title='bbox 827 1452 932 1500; x_wconf 87' lang='lat' dir='ltr'>apud</span> <span class='ocrx_word' id='word_1_170' title='bbox 955 1452 1168 1496; x_wconf 81' lang='lat' dir='ltr'>Danielem,</span> <span class='ocrx_word' id='word_1_171' title='bbox 1204 1464 1292 1488; x_wconf 88' lang='lat' dir='ltr'>cum</span> <span class='ocrx_word' id='word_1_172' title='bbox 1314 1451 1489 1499; x_wconf 83' lang='lat' dir='ltr'>Ant-iquo</span> <span class='ocrx_word' id='word_1_173' title='bbox 1512 1451 1666 1488; x_wconf 89' lang='lat' dir='ltr'>dierum</span> <span class='ocrx_word' id='word_1_174' title='bbox 1688 1451 1853 1489; x_wconf 83' lang='lat' dir='ltr'>offertur</span> <span class='ocrx_word' id='word_1_175' title='bbox 1881 1451 1987 1489; x_wconf 88' lang='lat' dir='ltr'>filius</span> 
     </span>
     <span class='ocr_line' id='line_1_20' title="bbox 245 1507 1989 1564; baseline 0.001 -19"><span class='ocrx_word' id='word_1_176' title='bbox 245 1509 414 1546; x_wconf 80' lang='lat' dir='ltr'>hominis</span> <span class='ocrx_word' id='word_1_177' title='bbox 437 1512 477 1546; x_wconf 91' lang='lat' dir='ltr'>et-</span> <span class='ocrx_word' id='word_1_178' title='bbox 499 1510 641 1559; x_wconf 85' lang='lat' dir='ltr'>accipit</span> <span class='ocrx_word' id='word_1_179' title='bbox 662 1523 830 1560; x_wconf 86' lang='lat' dir='ltr'>regnum</span> <span class='ocrx_word' id='word_1_180' title='bbox 851 1511 935 1548; x_wconf 87' lang='lat' dir='ltr'>sine</span> <span class='ocrx_word' id='word_1_181' title='bbox 958 1511 1044 1556; x_wconf 71' lang='lat' dir='ltr'>fine,</span> <span class='ocrx_word' id='word_1_182' title='bbox 1077 1513 1123 1548; x_wconf 90' lang='lat' dir='ltr'>ut</span> <span class='ocrx_word' id='word_1_183' title='bbox 1155 1510 1330 1548; x_wconf 86' lang='lat' dir='ltr'>serviant</span> <span class='ocrx_word' id='word_1_184' title='bbox 1360 1511 1396 1547; x_wconf 88' lang='lat' dir='ltr'>ei</span> <span class='ocrx_word' id='word_1_185' title='bbox 1428 1521 1561 1548; x_wconf 80' lang='lat' dir='ltr'>omnes</span> <span class='ocrx_word' id='word_1_186' title='bbox 1592 1512 1730 1560; x_wconf 85' lang='lat' dir='ltr'>gentes</span> <span class='ocrx_word' id='word_1_187' title='bbox 1753 1507 1810 1563; x_wconf 83' lang='lat'>(7,</span> <span class='ocrx_word' id='word_1_188' title='bbox 1839 1517 1889 1551; x_wconf 89' lang='lat'>13</span> <span class='ocrx_word' id='word_1_189' title='bbox 1913 1507 1989 1564; x_wconf 84' lang='lat' dir='ltr'><strong>S.)‘?</strong></span> 
     </span>
     <span class='ocr_line' id='line_1_21' title="bbox 244 1568 1991 1619; baseline 0.001 -14"><span class='ocrx_word' id='word_1_190' title='bbox 244 1568 335 1605; x_wconf 83' lang='lat' dir='ltr'>Jam</span> <span class='ocrx_word' id='word_1_191' title='bbox 355 1581 446 1606; x_wconf 85' lang='lat' dir='ltr'>vero</span> <span class='ocrx_word' id='word_1_192' title='bbox 470 1569 503 1606; x_wconf 88' lang='lat' dir='ltr'>si</span> <span class='ocrx_word' id='word_1_193' title='bbox 525 1569 654 1607; x_wconf 89' lang='lat' dir='ltr'>locum</span> <span class='ocrx_word' id='word_1_194' title='bbox 676 1570 803 1614; x_wconf 86' lang='lat' dir='ltr'>illum,</span> <span class='ocrx_word' id='word_1_195' title='bbox 838 1583 953 1618; x_wconf 89' lang='lat' dir='ltr'>quem</span> <span class='ocrx_word' id='word_1_196' title='bbox 977 1570 1295 1608; x_wconf 87' lang='lat' dir='ltr'>commemoravit</span> <span class='ocrx_word' id='word_1_197' title='bbox 1319 1569 1510 1607; x_wconf 88' lang='lat' dir='ltr'>Dominus</span> <span class='ocrx_word' id='word_1_198' title='bbox 1542 1582 1586 1606; x_wconf 81' lang='lat' dir='ltr'>ex</span> <span class='ocrx_word' id='word_1_199' title='bbox 1619 1570 1794 1619; x_wconf 81' lang='lat' dir='ltr'>ejusdem</span> <span class='ocrx_word' id='word_1_200' title='bbox 1817 1569 1991 1607; x_wconf 86' lang='lat' dir='ltr'>Danielis</span> 
     </span>
     <span class='ocr_line' id='line_1_22' title="bbox 244 1627 1989 1678; baseline 0.001 -14"><span class='ocrx_word' id='word_1_201' title='bbox 244 1627 472 1676; x_wconf 75' lang='lat' dir='ltr'>prophetia:</span> <span class='ocrx_word' id='word_1_202' title='bbox 509 1628 604 1666; x_wconf 79' lang='lat' dir='ltr'>Cum</span> <span class='ocrx_word' id='word_1_203' title='bbox 628 1630 799 1666; x_wconf 65' lang='lat' dir='ltr'>videritis</span> <span class='ocrx_word' id='word_1_204' title='bbox 821 1630 1140 1667; x_wconf 75' lang='lat' dir='ltr'>abominationem</span> <span class='ocrx_word' id='word_1_205' title='bbox 1174 1631 1412 1676; x_wconf 71' lang='lat' dir='ltr'>vastationis,</span> <span class='ocrx_word' id='word_1_206' title='bbox 1445 1642 1540 1678; x_wconf 77' lang='lat' dir='ltr'>quae</span> <span class='ocrx_word' id='word_1_207' title='bbox 1561 1630 1663 1666; x_wconf 81' lang='lat' dir='ltr'>dicta</span> <span class='ocrx_word' id='word_1_208' title='bbox 1686 1634 1738 1666; x_wconf 74' lang='lat' dir='ltr'>est</span> <span class='ocrx_word' id='word_1_209' title='bbox 1770 1642 1794 1666; x_wconf 87' lang='grc' dir='ltr'><em>α</em></span> <span class='ocrx_word' id='word_1_210' title='bbox 1817 1629 1989 1677; x_wconf 72' lang='lat' dir='ltr'>Daniele,</span> 
     </span>
     <span class='ocr_line' id='line_1_23' title="bbox 244 1686 1991 1741; baseline 0.001 -18"><span class='ocrx_word' id='word_1_211' title='bbox 244 1691 405 1724; x_wconf 74' lang='lat' dir='ltr'>stantem.</span> <span class='ocrx_word' id='word_1_212' title='bbox 428 1688 466 1724; x_wconf 79' lang='lat' dir='ltr'>in</span> <span class='ocrx_word' id='word_1_213' title='bbox 489 1688 566 1725; x_wconf 83' lang='lat' dir='ltr'>loco</span> <span class='ocrx_word' id='word_1_214' title='bbox 588 1694 731 1736; x_wconf 75' lang='lat' dir='ltr'>sancto,</span> <span class='ocrx_word' id='word_1_215' title='bbox 764 1690 830 1738; x_wconf 75' lang='lat' dir='ltr'>qui</span> <span class='ocrx_word' id='word_1_216' title='bbox 850 1690 935 1739; x_wconf 64' lang='lat' dir='ltr'>legit</span> <span class='ocrx_word' id='word_1_217' title='bbox 956 1690 1140 1738; x_wconf 69' lang='lat' dir='ltr'>intelliqot</span> <span class='ocrx_word' id='word_1_218' title='bbox 1173 1686 1330 1741; x_wconf 83' lang='lat' dir='ltr'>(Matth.</span> <span class='ocrx_word' id='word_1_219' title='bbox 1359 1695 1421 1733; x_wconf 85' lang='lat'>14,</span> <span class='ocrx_word' id='word_1_220' title='bbox 1451 1686 1531 1741; x_wconf 84' lang='lat'>15).</span> <span class='ocrx_word' id='word_1_221' title='bbox 1568 1689 1601 1725; x_wconf 85' lang='lat' dir='ltr'>si</span> <span class='ocrx_word' id='word_1_222' title='bbox 1623 1688 1851 1737; x_wconf 84' lang='lat' dir='ltr'>supputatis</span> <span class='ocrx_word' id='word_1_223' title='bbox 1873 1688 1991 1725; x_wconf 85' lang='lat' dir='ltr'>etiam</span> 
     </span>
     <span class='ocr_line' id='line_1_24' title="bbox 245 1746 1994 1797; baseline 0.001 -15"><span class='ocrx_word' id='word_1_224' title='bbox 245 1746 487 1794; x_wconf 83' lang='lat' dir='ltr'>temporibus</span> <span class='ocrx_word' id='word_1_225' title='bbox 510 1747 799 1785; x_wconf 87' lang='lat' dir='ltr'>hebdomadum</span> <span class='ocrx_word' id='word_1_226' title='bbox 830 1748 897 1786; x_wconf 88' lang='lat' dir='ltr'>ille</span> <span class='ocrx_word' id='word_1_227' title='bbox 918 1761 1106 1786; x_wconf 86' lang='lat' dir='ltr'>numerus</span> <span class='ocrx_word' id='word_1_228' title='bbox 1128 1749 1413 1797; x_wconf 81' lang='lat' dir='ltr'>pe1·ti·actetur;</span> <span class='ocrx_word' id='word_1_229' title='bbox 1446 1758 1524 1784; x_wconf 90' lang='lat' dir='ltr'>non</span> <span class='ocrx_word' id='word_1_230' title='bbox 1557 1748 1686 1785; x_wconf 90' lang='lat' dir='ltr'>solum</span> <span class='ocrx_word' id='word_1_231' title='bbox 1709 1747 1900 1794; x_wconf 85' lang='lat' dir='ltr'>Christus,</span> <span class='ocrx_word' id='word_1_232' title='bbox 1924 1747 1994 1785; x_wconf 88' lang='lat' dir='ltr'>sed</span> 
     </span>
     <span class='ocr_line' id='line_1_25' title="bbox 245 1805 1991 1856; baseline 0.002 -15"><span class='ocrx_word' id='word_1_233' title='bbox 245 1805 363 1842; x_wconf 88' lang='lat' dir='ltr'>etiam</span> <span class='ocrx_word' id='word_1_234' title='bbox 384 1808 542 1855; x_wconf 87' lang='lat' dir='ltr'>tempus</span> <span class='ocrx_word' id='word_1_235' title='bbox 565 1807 773 1855; x_wconf 85' lang='lat' dir='ltr'>reperitur,</span> <span class='ocrx_word' id='word_1_236' title='bbox 807 1820 883 1856; x_wconf 86' lang='lat' dir='ltr'>quo</span> <span class='ocrx_word' id='word_1_237' title='bbox 916 1820 1005 1845; x_wconf 89' lang='lat' dir='ltr'>eum</span> <span class='ocrx_word' id='word_1_238' title='bbox 1037 1807 1215 1856; x_wconf 91' lang='lat' dir='ltr'>oportuit</span> <span class='ocrx_word' id='word_1_239' title='bbox 1245 1807 1380 1845; x_wconf 83' lang='lat' dir='ltr'>venire</span> <span class='ocrx_word' id='word_1_240' title='bbox 1411 1819 1633 1855; x_wconf 77' lang='lat' dir='ltr'>passurum.</span> <span class='ocrx_word' id='word_1_241' title='bbox 1678 1806 1922 1855; x_wconf 77' lang='lat' dir='ltr'>Quamquam</span> <span class='ocrx_word' id='word_1_242' title='bbox 1952 1809 1991 1844; x_wconf 82' lang='lat' dir='ltr'>et</span> 
     </span>
     <span class='ocr_line' id='line_1_26' title="bbox 245 1864 1992 1915; baseline 0.002 -15"><span class='ocrx_word' id='word_1_243' title='bbox 245 1864 327 1901; x_wconf 77' lang='lat' dir='ltr'>sine</span> <span class='ocrx_word' id='word_1_244' title='bbox 349 1866 641 1914; x_wconf 87' lang='lat' dir='ltr'>computatione</span> <span class='ocrx_word' id='word_1_245' title='bbox 663 1869 885 1914; x_wconf 86' lang='lat' dir='ltr'>temporum</span> <span class='ocrx_word' id='word_1_246' title='bbox 917 1866 1137 1904; x_wconf 81' lang='lat' dir='ltr'>manifestis</span> <span class='ocrx_word' id='word_1_247' title='bbox 1165 1879 1299 1904; x_wconf 88' lang='lat' dir='ltr'>rerum</span> <span class='ocrx_word' id='word_1_248' title='bbox 1330 1866 1535 1903; x_wconf 86' lang='lat' dir='ltr'>effectibus</span> <span class='ocrx_word' id='word_1_249' title='bbox 1562 1866 1725 1915; x_wconf 82' lang='lat' dir='ltr'>judaeos</span> <span class='ocrx_word' id='word_1_250' title='bbox 1755 1878 1897 1915; x_wconf 86' lang='lat' dir='ltr'>urgere</span> <span class='ocrx_word' id='word_1_251' title='bbox 1930 1877 1992 1903; x_wconf 88' lang='lat' dir='ltr'>so-</span> 
     </span>
     <span class='ocr_line' id='line_1_27' title="bbox 246 1924 1993 1973; baseline 0.002 -14"><span class='ocrx_word' id='word_1_252' title='bbox 246 1924 404 1969; x_wconf 87' lang='lat' dir='ltr'>leamus,</span> <span class='ocrx_word' id='word_1_253' title='bbox 429 1936 517 1961; x_wconf 87' lang='lat' dir='ltr'>cum</span> <span class='ocrx_word' id='word_1_254' title='bbox 540 1925 685 1973; x_wconf 88' lang='lat' dir='ltr'>quibus</span> <span class='ocrx_word' id='word_1_255' title='bbox 708 1925 833 1970; x_wconf 79' lang='lat' dir='ltr'>nobis,</span> <span class='ocrx_word' id='word_1_256' title='bbox 866 1938 945 1963; x_wconf 90' lang='lat' dir='ltr'>non</span> <span class='ocrx_word' id='word_1_257' title='bbox 967 1928 1105 1963; x_wconf 88' lang='lat' dir='ltr'>utrum</span> <span class='ocrx_word' id='word_1_258' title='bbox 1126 1926 1168 1962; x_wconf 90' lang='lat' dir='ltr'>in</span> <span class='ocrx_word' id='word_1_259' title='bbox 1191 1926 1345 1963; x_wconf 89' lang='lat' dir='ltr'>Christo</span> <span class='ocrx_word' id='word_1_260' title='bbox 1367 1925 1421 1962; x_wconf 89' lang='lat' dir='ltr'>sit</span> <span class='ocrx_word' id='word_1_261' title='bbox 1442 1926 1547 1962; x_wconf 87' lang='lat' dir='ltr'>salus</span> <span class='ocrx_word' id='word_1_262' title='bbox 1577 1928 1723 1970; x_wconf 87' lang='lat' dir='ltr'>nostra,</span> <span class='ocrx_word' id='word_1_263' title='bbox 1757 1925 1825 1962; x_wconf 88' lang='lat' dir='ltr'>sed</span> <span class='ocrx_word' id='word_1_264' title='bbox 1855 1927 1993 1962; x_wconf 87' lang='lat' dir='ltr'>utrum</span> 
     </span>
     <span class='ocr_line' id='line_1_28' title="bbox 240 1983 1992 2033; baseline 0.001 -14"><span class='ocrx_word' id='word_1_265' title='bbox 240 1983 322 2030; x_wconf 82' lang='lat' dir='ltr'>jam</span> <span class='ocrx_word' id='word_1_266' title='bbox 344 1983 497 2020; x_wconf 85' lang='lat' dir='ltr'>venerit</span> <span class='ocrx_word' id='word_1_267' title='bbox 517 1996 730 2032; x_wconf 86' lang='lat' dir='ltr'>passusque</span> <span class='ocrx_word' id='word_1_268' title='bbox 751 1985 884 2030; x_wconf 78' lang='lat' dir='ltr'>fuerit,</span> <span class='ocrx_word' id='word_1_269' title='bbox 915 1985 1144 2033; x_wconf 82' lang='lat' dir='ltr'>disceptatio</span> <span class='ocrx_word' id='word_1_270' title='bbox 1167 1987 1238 2022; x_wconf 90' lang='lat' dir='ltr'>est.</span> <span class='ocrx_word' id='word_1_271' title='bbox 1281 1984 1579 2022; x_wconf 86' lang='lat' dir='ltr'>Convineuntur</span> <span class='ocrx_word' id='word_1_272' title='bbox 1600 1986 1733 2022; x_wconf 88' lang='lat' dir='ltr'>autem</span> <span class='ocrx_word' id='word_1_273' title='bbox 1755 1984 1873 2022; x_wconf 87' lang='lat' dir='ltr'>rebus</span> <span class='ocrx_word' id='word_1_274' title='bbox 1893 1983 1992 2033; x_wconf 86' lang='lat' dir='ltr'>ipsis</span> 
     </span>
     <span class='ocr_line' id='line_1_29' title="bbox 246 2042 1992 2093; baseline 0.001 -15"><span class='ocrx_word' id='word_1_275' title='bbox 246 2042 501 2090; x_wconf 83' lang='lat' dir='ltr'>apertissimis</span> <span class='ocrx_word' id='word_1_276' title='bbox 524 2055 603 2080; x_wconf 92' lang='lat' dir='ltr'>non</span> <span class='ocrx_word' id='word_1_277' title='bbox 625 2044 750 2081; x_wconf 87' lang='grc'>30111111</span> <span class='ocrx_word' id='word_1_278' title='bbox 783 2044 829 2081; x_wconf 88' lang='lat' dir='ltr'>de</span> <span class='ocrx_word' id='word_1_279' title='bbox 861 2044 935 2081; x_wconf 86' lang='lat' dir='ltr'>fide</span> <span class='ocrx_word' id='word_1_280' title='bbox 967 2044 1143 2081; x_wconf 87' lang='lat' dir='ltr'>omnium</span> <span class='ocrx_word' id='word_1_281' title='bbox 1174 2044 1364 2093; x_wconf 87' lang='lat' dir='ltr'>gentium,</span> <span class='ocrx_word' id='word_1_282' title='bbox 1399 2056 1498 2092; x_wconf 89' lang='lat' dir='ltr'>quas</span> <span class='ocrx_word' id='word_1_283' title='bbox 1530 2044 1565 2081; x_wconf 85' lang='lat' dir='ltr'>ei</span> <span class='ocrx_word' id='word_1_284' title='bbox 1595 2044 1810 2081; x_wconf 86' lang='lat' dir='ltr'>servituras</span> <span class='ocrx_word' id='word_1_285' title='bbox 1845 2043 1992 2089; x_wconf 89' lang='lat' dir='ltr'>eadem,</span> 
     </span>
     <span class='ocr_line' id='line_1_30' title="bbox 246 2101 1992 2152; baseline 0.001 -15"><span class='ocrx_word' id='word_1_286' title='bbox 246 2101 309 2137; x_wconf 88' lang='lat' dir='ltr'>cui</span> <span class='ocrx_word' id='word_1_287' title='bbox 331 2101 464 2138; x_wconf 87' lang='lat' dir='ltr'>cedere</span> <span class='ocrx_word' id='word_1_288' title='bbox 488 2105 696 2151; x_wconf 83' lang='lat' dir='ltr'>coguntur,</span> <span class='ocrx_word' id='word_1_289' title='bbox 721 2102 924 2152; x_wconf 87' lang='lat' dir='ltr'>Scriptura</span> <span class='ocrx_word' id='word_1_290' title='bbox 945 2102 1150 2152; x_wconf 76' lang='lat' dir='ltr'>praedixit,</span> <span class='ocrx_word' id='word_1_291' title='bbox 1174 2115 1273 2151; x_wconf 86' lang='lat' dir='ltr'>quae</span> <span class='ocrx_word' id='word_1_292' title='bbox 1294 2103 1350 2139; x_wconf 90' lang='lat' dir='ltr'>ita</span> <span class='ocrx_word' id='word_1_293' title='bbox 1372 2102 1548 2139; x_wconf 76' lang='lat' dir='ltr'>clarescit</span> <span class='ocrx_word' id='word_1_294' title='bbox 1568 2104 1653 2139; x_wconf 90' lang='lat' dir='ltr'>t-oto</span> <span class='ocrx_word' id='word_1_295' title='bbox 1677 2102 1770 2140; x_wconf 86' lang='lat' dir='ltr'>orbe</span> <span class='ocrx_word' id='word_1_296' title='bbox 1783 2105 1992 2147; x_wconf 86' lang='lat' dir='ltr'>terrarum,</span> 
     </span>
     <span class='ocr_line' id='line_1_31' title="bbox 247 2161 1994 2211; baseline 0.001 -15"><span class='ocrx_word' id='word_1_297' title='bbox 247 2162 293 2196; x_wconf 88' lang='lat' dir='ltr'>ut</span> <span class='ocrx_word' id='word_1_298' title='bbox 316 2161 491 2198; x_wconf 90' lang='lat' dir='ltr'>omnium</span> <span class='ocrx_word' id='word_1_299' title='bbox 512 2161 866 2211; x_wconf 81' lang='lat' dir='ltr'>tergiversantium</span> <span class='ocrx_word' id='word_1_300' title='bbox 889 2162 1021 2200; x_wconf 90' lang='grc'>0011103</span> <span class='ocrx_word' id='word_1_301' title='bbox 1044 2162 1178 2199; x_wconf 85' lang='lat' dir='ltr'>feriat:</span> <span class='ocrx_word' id='word_1_302' title='bbox 1215 2174 1353 2199; x_wconf 86' lang='lat' dir='ltr'>verum</span> <span class='ocrx_word' id='word_1_303' title='bbox 1386 2161 1505 2198; x_wconf 86' lang='lat' dir='ltr'>etiam</span> <span class='ocrx_word' id='word_1_304' title='bbox 1537 2161 1583 2198; x_wconf 91' lang='lat' dir='ltr'>de</span> <span class='ocrx_word' id='word_1_305' title='bbox 1616 2161 1674 2207; x_wconf 87' lang='lat' dir='ltr'>iis,</span> <span class='ocrx_word' id='word_1_306' title='bbox 1707 2174 1807 2210; x_wconf 87' lang='lat' dir='ltr'>quae</span> <span class='ocrx_word' id='word_1_307' title='bbox 1837 2161 1878 2198; x_wconf 87' lang='lat' dir='ltr'>in</span> <span class='ocrx_word' id='word_1_308' title='bbox 1909 2161 1994 2210; x_wconf 88' lang='lat' dir='ltr'>ipsa</span> 
     </span>
     <span class='ocr_line' id='line_1_32' title="bbox 242 2219 1995 2270; baseline 0.001 -15"><span class='ocrx_word' id='word_1_309' title='bbox 242 2219 475 2267; x_wconf 84' lang='lat' dir='ltr'>judaeorum</span> <span class='ocrx_word' id='word_1_310' title='bbox 498 2224 615 2269; x_wconf 87' lang='lat' dir='ltr'>gente</span> <span class='ocrx_word' id='word_1_311' title='bbox 633 2222 714 2270; x_wconf 87' lang='lat' dir='ltr'>jam</span> <span class='ocrx_word' id='word_1_312' title='bbox 737 2221 838 2258; x_wconf 81' lang='lat' dir='ltr'>facta</span> <span class='ocrx_word' id='word_1_313' title='bbox 870 2224 973 2267; x_wconf 86' lang='lat' dir='ltr'>sunt,</span> <span class='ocrx_word' id='word_1_314' title='bbox 1008 2221 1114 2269; x_wconf 87' lang='lat' dir='ltr'>quod</span> <span class='ocrx_word' id='word_1_315' title='bbox 1137 2221 1349 2258; x_wconf 87' lang='lat' dir='ltr'>sacrarium</span> <span class='ocrx_word' id='word_1_316' title='bbox 1380 2232 1562 2258; x_wconf 86' lang='lat' dir='ltr'>eversum</span> <span class='ocrx_word' id='word_1_317' title='bbox 1592 2223 1663 2265; x_wconf 82' lang='lat' dir='ltr'>est,</span> <span class='ocrx_word' id='word_1_318' title='bbox 1697 2220 1804 2268; x_wconf 88' lang='lat' dir='ltr'>quod</span> <span class='ocrx_word' id='word_1_319' title='bbox 1834 2219 1995 2258; x_wconf 80' lang='lat' dir='ltr'>cessavit</span> 
     </span>
     <span class='ocr_line' id='line_1_33' title="bbox 246 2278 1995 2329; baseline 0.001 -15"><span class='ocrx_word' id='word_1_320' title='bbox 246 2278 374 2315; x_wconf 89' lang='lat' dir='ltr'>hostia</span> <span class='ocrx_word' id='word_1_321' title='bbox 396 2282 436 2316; x_wconf 89' lang='lat' dir='ltr'>et</span> <span class='ocrx_word' id='word_1_322' title='bbox 458 2280 632 2317; x_wconf 84' lang='lat' dir='ltr'>sacerdos</span> <span class='ocrx_word' id='word_1_323' title='bbox 655 2282 694 2317; x_wconf 90' lang='lat' dir='ltr'>et</span> <span class='ocrx_word' id='word_1_324' title='bbox 715 2280 851 2318; x_wconf 86' lang='lat' dir='ltr'>unctio</span> <span class='ocrx_word' id='word_1_325' title='bbox 883 2281 1070 2329; x_wconf 69' lang='lat' dir='ltr'>pristina:</span> <span class='ocrx_word' id='word_1_326' title='bbox 1107 2293 1205 2329; x_wconf 87' lang='lat' dir='ltr'>quae</span> <span class='ocrx_word' id='word_1_327' title='bbox 1237 2280 1369 2317; x_wconf 86' lang='lat' dir='ltr'>omnia</span> <span class='ocrx_word' id='word_1_328' title='bbox 1400 2280 1539 2317; x_wconf 86' lang='lat' dir='ltr'>Daniel</span> <span class='ocrx_word' id='word_1_329' title='bbox 1568 2281 1664 2317; x_wconf 89' lang='lat' dir='ltr'>tunc</span> <span class='ocrx_word' id='word_1_330' title='bbox 1696 2278 1995 2328; x_wconf 85' lang='lat' dir='ltr'>praenunciavit-</span> 
     </span>
     <span class='ocr_line' id='line_1_34' title="bbox 247 2336 1996 2389; baseline 0.001 -16"><span class='ocrx_word' id='word_1_331' title='bbox 247 2336 393 2382; x_wconf 81' lang='lat' dir='ltr'>futura,</span> <span class='ocrx_word' id='word_1_332' title='bbox 428 2339 584 2386; x_wconf 87' lang='lat' dir='ltr'>quando</span> <span class='ocrx_word' id='word_1_333' title='bbox 606 2339 704 2388; x_wconf 83' lang='lat' dir='ltr'>ungi</span> <span class='ocrx_word' id='word_1_334' title='bbox 727 2342 907 2377; x_wconf 90' lang='lat' dir='ltr'>sanctum</span> <span class='ocrx_word' id='word_1_335' title='bbox 929 2343 1153 2377; x_wconf 83' lang='lat' dir='ltr'>sanctorum</span> <span class='ocrx_word' id='word_1_336' title='bbox 1187 2339 1337 2388; x_wconf 87' lang='lat' dir='ltr'>liquide</span> <span class='ocrx_word' id='word_1_337' title='bbox 1358 2339 1620 2388; x_wconf 77' lang='lat' dir='ltr'>prophetavit.</span> <span class='ocrx_word' id='word_1_338' title='bbox 1662 2338 1758 2376; x_wconf 84' lang='lat' dir='ltr'>Cum</span> <span class='ocrx_word' id='word_1_339' title='bbox 1778 2338 1904 2389; x_wconf 83' lang='lat' dir='ltr'>igitur</span> <span class='ocrx_word' id='word_1_340' title='bbox 1923 2338 1996 2375; x_wconf 83' lang='grc'>1113</span> 
     </span>
     <span class='ocr_line' id='line_1_35' title="bbox 249 2396 1996 2448; baseline 0.001 -16"><span class='ocrx_word' id='word_1_341' title='bbox 249 2396 379 2433; x_wconf 89' lang='grc'>001013</span> <span class='ocrx_word' id='word_1_342' title='bbox 397 2398 478 2442; x_wconf 83' lang='lat' dir='ltr'>jam</span> <span class='ocrx_word' id='word_1_343' title='bbox 500 2396 602 2435; x_wconf 88' lang='lat' dir='ltr'>facta</span> <span class='ocrx_word' id='word_1_344' title='bbox 626 2398 720 2444; x_wconf 82' lang='grc'>31111,</span> <span class='ocrx_word' id='word_1_345' title='bbox 744 2399 916 2448; x_wconf 77' lang='lat' dir='ltr'>exigit-ur</span> <span class='ocrx_word' id='word_1_346' title='bbox 939 2399 986 2436; x_wconf 84' lang='lat' dir='ltr'>ab</span> <span class='ocrx_word' id='word_1_347' title='bbox 1009 2399 1063 2436; x_wconf 88' lang='lat' dir='ltr'>eis</span> <span class='ocrx_word' id='word_1_348' title='bbox 1086 2399 1205 2436; x_wconf 86' lang='lat' dir='ltr'>etiam</span> <span class='ocrx_word' id='word_1_349' title='bbox 1227 2400 1371 2436; x_wconf 89' lang='lat' dir='ltr'>unctus</span> <span class='ocrx_word' id='word_1_350' title='bbox 1395 2400 1553 2435; x_wconf 85' lang='lat' dir='ltr'>sanctus</span> <span class='ocrx_word' id='word_1_351' title='bbox 1576 2400 1813 2443; x_wconf 83' lang='lat' dir='ltr'>sanctorum,</span> <span class='ocrx_word' id='word_1_352' title='bbox 1837 2399 1878 2434; x_wconf 86' lang='lat' dir='ltr'>et</span> <span class='ocrx_word' id='word_1_353' title='bbox 1899 2397 1996 2446; x_wconf 87' lang='lat' dir='ltr'>quid</span> 
     </span>
     <span class='ocr_line' id='line_1_36' title="bbox 251 2456 903 2503; baseline 0.006 -12"><span class='ocrx_word' id='word_1_354' title='bbox 251 2456 528 2503; x_wconf 83' lang='lat' dir='ltr'>respondeant,</span> <span class='ocrx_word' id='word_1_355' title='bbox 552 2470 631 2495; x_wconf 90' lang='lat' dir='ltr'>non</span> <span class='ocrx_word' id='word_1_356' title='bbox 654 2458 873 2497; x_wconf 78' lang='lat' dir='ltr'>inveniunt.</span> <span class='ocrx_word' id='word_1_357' title='bbox 886 2463 903 2480; x_wconf 75' lang='lat'>«</span> 
     </span>
    </p>
   </div>
   <div class='ocr_carea' id='block_1_5' title="bbox 298 2526 536 2531">
    <p class='ocr_par' dir='ltr' id='par_1_5' title="bbox 298 2526 536 2531">
     <span class='ocr_line' id='line_1_37' title="bbox 298 2526 536 2531; baseline 0 0"><span class='ocrx_word' id='word_1_358' title='bbox 298 2526 536 2531; x_wconf 95' lang='lat' dir='ltr'> </span> 
     </span>
    </p>
   </div>
   <div class='ocr_carea' id='block_1_6' title="bbox 249 2551 1998 3181">
    <p class='ocr_par' dir='ltr' id='par_1_6' title="bbox 249 2551 1998 3181">
     <span class='ocr_line' id='line_1_38' title="bbox 397 2551 1996 2599; baseline -0.001 -13"><span class='ocrx_word' id='word_1_359' title='bbox 397 2554 421 2597; x_wconf 84' lang='lat'>¹)</span> <span class='ocrx_word' id='word_1_360' title='bbox 441 2553 547 2586; x_wconf 83' lang='lat' dir='ltr'>Ratio</span> <span class='ocrx_word' id='word_1_361' title='bbox 567 2553 800 2589; x_wconf 85' lang='lat' dir='ltr'>difficultatis</span> <span class='ocrx_word' id='word_1_362' title='bbox 813 2555 1011 2599; x_wconf 80' lang='lat' dir='ltr'>multiplex</span> <span class='ocrx_word' id='word_1_363' title='bbox 1030 2557 1082 2589; x_wconf 80' lang='lat' dir='ltr'>est</span> <span class='ocrx_word' id='word_1_364' title='bbox 1098 2568 1104 2588; x_wconf 90' lang='lat'>:</span> <span class='ocrx_word' id='word_1_365' title='bbox 1125 2555 1160 2590; x_wconf 88' lang='lat'>1.</span> <span class='ocrx_word' id='word_1_366' title='bbox 1180 2554 1267 2598; x_wconf 82' lang='lat' dir='ltr'>quia</span> <span class='ocrx_word' id='word_1_367' title='bbox 1282 2553 1417 2588; x_wconf 87' lang='lat' dir='ltr'>saltem</span> <span class='ocrx_word' id='word_1_368' title='bbox 1435 2565 1459 2597; x_wconf 90' lang='lat' dir='ltr'>q</span> <span class='ocrx_word' id='word_1_369' title='bbox 1470 2565 1493 2587; x_wconf 89' lang='lat' dir='ltr'>u</span> <span class='ocrx_word' id='word_1_370' title='bbox 1505 2563 1526 2586; x_wconf 85' lang='lat' dir='ltr'>a</span> <span class='ocrx_word' id='word_1_371' title='bbox 1538 2553 1560 2586; x_wconf 88' lang='lat' dir='ltr'>d</span> <span class='ocrx_word' id='word_1_372' title='bbox 1571 2565 1623 2587; x_wconf 86' lang='lat' dir='ltr'>ru</span> <span class='ocrx_word' id='word_1_373' title='bbox 1634 2553 1713 2598; x_wconf 87' lang='lat' dir='ltr'>ple</span> <span class='ocrx_word' id='word_1_374' title='bbox 1723 2564 1745 2586; x_wconf 86' lang='lat' dir='ltr'><strong>x</strong></span> <span class='ocrx_word' id='word_1_375' title='bbox 1764 2551 1924 2586; x_wconf 78' lang='lat' dir='ltr'>occurrit</span> <span class='ocrx_word' id='word_1_376' title='bbox 1936 2551 1996 2585; x_wconf 89' lang='lat' dir='ltr'>de-</span> 
     </span>
     <span class='ocr_line' id='line_1_39' title="bbox 253 2603 1998 2651; baseline 0 -13"><span class='ocrx_word' id='word_1_377' title='bbox 253 2608 394 2639; x_wconf 86' lang='lat' dir='ltr'>cretum</span> <span class='ocrx_word' id='word_1_378' title='bbox 413 2606 457 2640; x_wconf 88' lang='lat' dir='ltr'>de</span> <span class='ocrx_word' id='word_1_379' title='bbox 473 2606 741 2642; x_wconf 88' lang='lat' dir='ltr'>reaedificando</span> <span class='ocrx_word' id='word_1_380' title='bbox 757 2608 833 2642; x_wconf 81' lang='lat' dir='ltr'>sive</span> <span class='ocrx_word' id='word_1_381' title='bbox 847 2607 990 2651; x_wconf 83' lang='lat' dir='ltr'>templo</span> <span class='ocrx_word' id='word_1_382' title='bbox 1006 2608 1080 2641; x_wconf 80' lang='lat' dir='ltr'>sive</span> <span class='ocrx_word' id='word_1_383' title='bbox 1094 2608 1195 2649; x_wconf 86' lang='lat' dir='ltr'>urbe,</span> <span class='ocrx_word' id='word_1_384' title='bbox 1211 2606 1288 2641; x_wconf 75' lang='lat' dir='ltr'>scil.</span> <span class='ocrx_word' id='word_1_385' title='bbox 1309 2606 1420 2651; x_wconf 77' lang='lat' dir='ltr'>Cyri</span> <span class='ocrx_word' id='word_1_386' title='bbox 1441 2610 1457 2640; x_wconf 94' lang='grc'>1</span> <span class='ocrx_word' id='word_1_387' title='bbox 1478 2606 1580 2640; x_wconf 87' lang='lat' dir='ltr'>Esdr.</span> <span class='ocrx_word' id='word_1_388' title='bbox 1603 2610 1631 2646; x_wconf 90' lang='lat'>1,</span> <span class='ocrx_word' id='word_1_389' title='bbox 1651 2610 1668 2640; x_wconf 95' lang='lat'>1</span> <span class='ocrx_word' id='word_1_390' title='bbox 1689 2617 1754 2645; x_wconf 82' lang='lat' dir='ltr'>ss.;</span> <span class='ocrx_word' id='word_1_391' title='bbox 1773 2605 1804 2639; x_wconf 93' lang='lat' dir='ltr'>D</span> <span class='ocrx_word' id='word_1_392' title='bbox 1817 2604 1913 2639; x_wconf 80' lang='lat' dir='ltr'>arii</span> <span class='ocrx_word' id='word_1_393' title='bbox 1929 2603 1998 2638; x_wconf 82' lang='lat' dir='ltr'>filii</span> 
     </span>
     <span class='ocr_line' id='line_1_40' title="bbox 252 2657 1997 2706; baseline 0.001 -16"><span class='ocrx_word' id='word_1_394' title='bbox 252 2657 447 2702; x_wconf 65' lang='lat' dir='ltr'>Hystaspis</span> <span class='ocrx_word' id='word_1_395' title='bbox 465 2659 513 2692; x_wconf 86' lang='lat' dir='ltr'>ib.</span> <span class='ocrx_word' id='word_1_396' title='bbox 534 2670 563 2696; x_wconf 80' lang='lat' dir='ltr'>c,</span> <span class='ocrx_word' id='word_1_397' title='bbox 581 2663 622 2694; x_wconf 81' lang='lat'>6:</span> <span class='ocrx_word' id='word_1_398' title='bbox 642 2661 673 2694; x_wconf 92' lang='lat' dir='ltr'>A</span> <span class='ocrx_word' id='word_1_399' title='bbox 685 2662 793 2695; x_wconf 77' lang='lat' dir='ltr'>rtax</span> <span class='ocrx_word' id='word_1_400' title='bbox 806 2661 908 2695; x_wconf 85' lang='lat' dir='ltr'>erxi</span> <span class='ocrx_word' id='word_1_401' title='bbox 923 2673 938 2694; x_wconf 87' lang='grc'>3</span> <span class='ocrx_word' id='word_1_402' title='bbox 958 2661 1179 2706; x_wconf 81' lang='lat' dir='ltr'>Longimani</span> <span class='ocrx_word' id='word_1_403' title='bbox 1197 2671 1294 2695; x_wconf 87' lang='lat' dir='ltr'>anno</span> <span class='ocrx_word' id='word_1_404' title='bbox 1312 2661 1345 2696; x_wconf 86' lang='lat'>7.</span> <span class='ocrx_word' id='word_1_405' title='bbox 1368 2660 1446 2704; x_wconf 82' lang='lat' dir='ltr'>ejus</span> <span class='ocrx_word' id='word_1_406' title='bbox 1464 2659 1612 2705; x_wconf 87' lang='lat' dir='ltr'>imperii</span> <span class='ocrx_word' id='word_1_407' title='bbox 1631 2662 1649 2693; x_wconf 93' lang='lat'>1</span> <span class='ocrx_word' id='word_1_408' title='bbox 1671 2659 1772 2695; x_wconf 84' lang='lat' dir='ltr'>Esdr.</span> <span class='ocrx_word' id='word_1_409' title='bbox 1790 2658 1823 2699; x_wconf 80' lang='lat'>7,</span> <span class='ocrx_word' id='word_1_410' title='bbox 1843 2661 1881 2692; x_wconf 90' lang='grc'>11</span> <span class='ocrx_word' id='word_1_411' title='bbox 1899 2669 1944 2694; x_wconf 86' lang='grc'>33.</span> <span class='ocrx_word' id='word_1_412' title='bbox 1959 2658 1997 2692; x_wconf 83' lang='lat' dir='ltr'>et</span> 
     </span>
     <span class='ocr_line' id='line_1_41' title="bbox 250 2711 1997 2759; baseline 0 -14"><span class='ocrx_word' id='word_1_413' title='bbox 250 2723 281 2748; x_wconf 86' lang='lat' dir='ltr'>a.</span> <span class='ocrx_word' id='word_1_414' title='bbox 302 2715 346 2748; x_wconf 80' lang='lat'>20</span> <span class='ocrx_word' id='word_1_415' title='bbox 365 2712 528 2754; x_wconf 84' lang='lat' dir='ltr'>ejusdem</span> <span class='ocrx_word' id='word_1_416' title='bbox 546 2717 565 2747; x_wconf 81' lang='lat'>2</span> <span class='ocrx_word' id='word_1_417' title='bbox 584 2714 686 2748; x_wconf 87' lang='lat' dir='ltr'>Esdr.</span> <span class='ocrx_word' id='word_1_418' title='bbox 706 2718 737 2756; x_wconf 76' lang='lat'>2,</span> <span class='ocrx_word' id='word_1_419' title='bbox 760 2718 871 2753; x_wconf 82' lang='lat'>5—8;</span> <span class='ocrx_word' id='word_1_420' title='bbox 891 2719 924 2748; x_wconf 88' lang='lat' dir='ltr'>et</span> <span class='ocrx_word' id='word_1_421' title='bbox 944 2715 982 2751; x_wconf 78' lang='lat'>2.</span> <span class='ocrx_word' id='word_1_422' title='bbox 1002 2715 1175 2759; x_wconf 83' lang='lat' dir='ltr'>quiaipsi</span> <span class='ocrx_word' id='word_1_423' title='bbox 1189 2713 1356 2748; x_wconf 85' lang='lat' dir='ltr'>historici</span> <span class='ocrx_word' id='word_1_424' title='bbox 1374 2725 1449 2748; x_wconf 90' lang='lat' dir='ltr'>non</span> <span class='ocrx_word' id='word_1_425' title='bbox 1468 2714 1558 2748; x_wconf 88' lang='lat' dir='ltr'>satis</span> <span class='ocrx_word' id='word_1_426' title='bbox 1575 2711 1800 2748; x_wconf 84' lang='lat' dir='ltr'>conveniunt</span> <span class='ocrx_word' id='word_1_427' title='bbox 1813 2711 1888 2745; x_wconf 83' lang='lat' dir='ltr'>sive</span> <span class='ocrx_word' id='word_1_428' title='bbox 1902 2711 1997 2745; x_wconf 85' lang='lat' dir='ltr'>circa</span> 
     </span>
     <span class='ocr_line' id='line_1_42' title="bbox 249 2766 1996 2812; baseline -0.001 -14"><span class='ocrx_word' id='word_1_429' title='bbox 249 2776 446 2798; x_wconf 84' lang='lat' dir='ltr'>numerum</span> <span class='ocrx_word' id='word_1_430' title='bbox 465 2775 593 2809; x_wconf 82' lang='lat' dir='ltr'>regum</span> <span class='ocrx_word' id='word_1_431' title='bbox 614 2777 803 2810; x_wconf 81' lang='lat' dir='ltr'>persarum</span> <span class='ocrx_word' id='word_1_432' title='bbox 822 2778 937 2812; x_wconf 87' lang='lat' dir='ltr'>usque</span> <span class='ocrx_word' id='word_1_433' title='bbox 956 2768 1003 2801; x_wconf 85' lang='lat' dir='ltr'>ad</span> <span class='ocrx_word' id='word_1_434' title='bbox 1021 2767 1272 2801; x_wconf 76' lang='lat' dir='ltr'>Alexandrum</span> <span class='ocrx_word' id='word_1_435' title='bbox 1291 2766 1351 2806; x_wconf 65' lang='lat' dir='ltr'>M„</span> <span class='ocrx_word' id='word_1_436' title='bbox 1381 2766 1457 2800; x_wconf 84' lang='lat' dir='ltr'>sive</span> <span class='ocrx_word' id='word_1_437' title='bbox 1475 2766 1572 2800; x_wconf 85' lang='lat' dir='ltr'>circa</span> <span class='ocrx_word' id='word_1_438' title='bbox 1589 2774 1782 2799; x_wconf 88' lang='lat' dir='ltr'>numerum</span> <span class='ocrx_word' id='word_1_439' title='bbox 1802 2773 1996 2803; x_wconf 79' lang='lat' dir='ltr'>annornm,</span> 
     </span>
     <span class='ocr_line' id='line_1_43' title="bbox 249 2815 1996 2864; baseline -0.002 -12"><span class='ocrx_word' id='word_1_440' title='bbox 249 2818 382 2861; x_wconf 87' lang='lat' dir='ltr'>quibus</span> <span class='ocrx_word' id='word_1_441' title='bbox 399 2829 503 2862; x_wconf 75' lang='lat' dir='ltr'>reges</span> <span class='ocrx_word' id='word_1_442' title='bbox 522 2820 731 2864; x_wconf 83' lang='lat' dir='ltr'>regnarint;</span> <span class='ocrx_word' id='word_1_443' title='bbox 751 2831 925 2854; x_wconf 86' lang='lat' dir='ltr'>numerus</span> <span class='ocrx_word' id='word_1_444' title='bbox 944 2820 1043 2854; x_wconf 88' lang='lat' dir='ltr'>enim</span> <span class='ocrx_word' id='word_1_445' title='bbox 1061 2831 1242 2854; x_wconf 87' lang='lat' dir='ltr'>annorum</span> <span class='ocrx_word' id='word_1_446' title='bbox 1261 2816 1485 2863; x_wconf 76' lang='lat' dir='ltr'>quandoque</span> <span class='ocrx_word' id='word_1_447' title='bbox 1504 2818 1792 2863; x_wconf 76' lang='lat' dir='ltr'>computabatur</span> <span class='ocrx_word' id='word_1_448' title='bbox 1805 2827 1827 2850; x_wconf 86' lang='lat' dir='ltr'>a.</span> <span class='ocrx_word' id='word_1_449' title='bbox 1840 2815 1911 2858; x_wconf 86' lang='lat' dir='ltr'>die,</span> <span class='ocrx_word' id='word_1_450' title='bbox 1923 2826 1996 2860; x_wconf 92' lang='lat' dir='ltr'>quo</span> 
     </span>
     <span class='ocr_line' id='line_1_44' title="bbox 251 2870 1996 2918; baseline -0.002 -13"><span class='ocrx_word' id='word_1_451' title='bbox 251 2883 272 2905; x_wconf 79' lang='lat' dir='ltr'>a·</span> <span class='ocrx_word' id='word_1_452' title='bbox 290 2873 396 2916; x_wconf 83' lang='lat' dir='ltr'>patre</span> <span class='ocrx_word' id='word_1_453' title='bbox 414 2874 602 2906; x_wconf 83' lang='lat' dir='ltr'>consortes</span> <span class='ocrx_word' id='word_1_454' title='bbox 630 2873 718 2906; x_wconf 87' lang='lat' dir='ltr'>facti</span> <span class='ocrx_word' id='word_1_455' title='bbox 746 2875 831 2907; x_wconf 86' lang='grc'>3001</span> <span class='ocrx_word' id='word_1_456' title='bbox 858 2873 1025 2918; x_wconf 88' lang='lat' dir='ltr'>imperii:</span> <span class='ocrx_word' id='word_1_457' title='bbox 1054 2873 1275 2917; x_wconf 83' lang='lat' dir='ltr'>quandoque</span> <span class='ocrx_word' id='word_1_458' title='bbox 1293 2882 1315 2906; x_wconf 87' lang='lat' dir='ltr'>a·</span> <span class='ocrx_word' id='word_1_459' title='bbox 1332 2872 1404 2912; x_wconf 88' lang='lat' dir='ltr'>die,</span> <span class='ocrx_word' id='word_1_460' title='bbox 1434 2882 1506 2916; x_wconf 89' lang='lat' dir='ltr'>quo</span> <span class='ocrx_word' id='word_1_461' title='bbox 1525 2870 1601 2905; x_wconf 79' lang='lat' dir='ltr'>soli</span> <span class='ocrx_word' id='word_1_462' title='bbox 1611 2881 1766 2916; x_wconf 87' lang='lat' dir='ltr'>regnare</span> <span class='ocrx_word' id='word_1_463' title='bbox 1784 2872 1996 2914; x_wconf 85' lang='lat' dir='ltr'>coeperunt.</span> 
     </span>
     <span class='ocr_line' id='line_1_45' title="bbox 257 2923 1997 2971; baseline -0.002 -12"><span class='ocrx_word' id='word_1_464' title='bbox 257 2925 489 2971; x_wconf 85' lang='lat' dir='ltr'>Quapropter</span> <span class='ocrx_word' id='word_1_465' title='bbox 507 2926 534 2959; x_wconf 91' lang='lat' dir='ltr'>P</span> <span class='ocrx_word' id='word_1_466' title='bbox 545 2928 708 2960; x_wconf 90' lang='lat' dir='ltr'>ereriu</span> <span class='ocrx_word' id='word_1_467' title='bbox 720 2938 736 2960; x_wconf 91' lang='lat' dir='ltr'>s</span> <span class='ocrx_word' id='word_1_468' title='bbox 763 2927 802 2960; x_wconf 89' lang='lat' dir='ltr'>in</span> <span class='ocrx_word' id='word_1_469' title='bbox 820 2928 854 2962; x_wconf 86' lang='lat' dir='ltr'>h.</span> <span class='ocrx_word' id='word_1_470' title='bbox 876 2927 899 2963; x_wconf 90' lang='grc'>1.</span> <span class='ocrx_word' id='word_1_471' title='bbox 923 2930 962 2961; x_wconf 85' lang='grc'>15</span> <span class='ocrx_word' id='word_1_472' title='bbox 981 2927 1101 2960; x_wconf 83' lang='lat' dir='ltr'>varias</span> <span class='ocrx_word' id='word_1_473' title='bbox 1120 2927 1254 2961; x_wconf 88' lang='lat' dir='ltr'>referre</span> <span class='ocrx_word' id='word_1_474' title='bbox 1272 2925 1397 2971; x_wconf 80' lang='lat' dir='ltr'>potuit</span> <span class='ocrx_word' id='word_1_475' title='bbox 1414 2925 1629 2966; x_wconf 71' lang='lat' dir='ltr'>sententias,</span> <span class='ocrx_word' id='word_1_476' title='bbox 1650 2923 1785 2968; x_wconf 83' lang='lat' dir='ltr'>quibus</span> <span class='ocrx_word' id='word_1_477' title='bbox 1803 2923 1942 2957; x_wconf 83' lang='lat' dir='ltr'>sextam</span> <span class='ocrx_word' id='word_1_478' title='bbox 1960 2923 1997 2956; x_wconf 86' lang='lat' dir='ltr'>et</span> 
     </span>
     <span class='ocr_line' id='line_1_46' title="bbox 254 2975 1997 3024; baseline -0.002 -12"><span class='ocrx_word' id='word_1_479' title='bbox 254 2979 433 3012; x_wconf 83' lang='lat' dir='ltr'>decima-m</span> <span class='ocrx_word' id='word_1_480' title='bbox 452 2978 610 3013; x_wconf 84' lang='lat' dir='ltr'>addidit.</span> <span class='ocrx_word' id='word_1_481' title='bbox 646 2978 697 3014; x_wconf 91' lang='lat' dir='ltr'>Cf.</span> <span class='ocrx_word' id='word_1_482' title='bbox 717 2979 807 3013; x_wconf 82' lang='lat' dir='ltr'>Tiib.</span> <span class='ocrx_word' id='word_1_483' title='bbox 835 2979 924 3013; x_wconf 90' lang='lat' dir='ltr'>folia</span> <span class='ocrx_word' id='word_1_484' title='bbox 942 2980 1145 3015; x_wconf 83' lang='lat' dir='ltr'>trimestria</span> <span class='ocrx_word' id='word_1_485' title='bbox 1168 2982 1258 3014; x_wconf 88' lang='grc'>1868</span> <span class='ocrx_word' id='word_1_486' title='bbox 1275 2991 1310 3024; x_wconf 93' lang='lat' dir='ltr'>p.</span> <span class='ocrx_word' id='word_1_487' title='bbox 1328 2981 1398 3013; x_wconf 88' lang='lat'>416</span> <span class='ocrx_word' id='word_1_488' title='bbox 1417 2989 1482 3015; x_wconf 83' lang='grc'>33.;</span> <span class='ocrx_word' id='word_1_489' title='bbox 1513 2981 1580 3013; x_wconf 78' lang='lat'><strong>5:35</strong></span> <span class='ocrx_word' id='word_1_490' title='bbox 1599 2989 1663 3015; x_wconf 86' lang='grc'>33.;</span> <span class='ocrx_word' id='word_1_491' title='bbox 1691 2976 1730 3010; x_wconf 89' lang='lat' dir='ltr'>in</span> <span class='ocrx_word' id='word_1_492' title='bbox 1758 2975 1887 3020; x_wconf 85' lang='lat' dir='ltr'>primis</span> <span class='ocrx_word' id='word_1_493' title='bbox 1914 2984 1997 3010; x_wconf 87' lang='lat' dir='ltr'>vero</span> 
     </span>
     <span class='ocr_line' id='line_1_47' title="bbox 250 3029 1998 3078; baseline -0.001 -13"><span class='ocrx_word' id='word_1_494' title='bbox 250 3032 278 3066; x_wconf 79' lang='lat' dir='ltr'>F</span> <span class='ocrx_word' id='word_1_495' title='bbox 289 3043 307 3065; x_wconf 90' lang='lat' dir='ltr'>r</span> <span class='ocrx_word' id='word_1_496' title='bbox 319 3032 363 3065; x_wconf 89' lang='lat' dir='ltr'>ai</span> <span class='ocrx_word' id='word_1_497' title='bbox 375 3031 422 3066; x_wconf 90' lang='lat' dir='ltr'>dl</span> <span class='ocrx_word' id='word_1_498' title='bbox 439 3032 506 3067; x_wconf 89' lang='lat' dir='ltr'>Die</span> <span class='ocrx_word' id='word_1_499' title='bbox 523 3032 685 3078; x_wconf 83' lang='lat' dir='ltr'>Exegese</span> <span class='ocrx_word' id='word_1_500' title='bbox 704 3033 768 3067; x_wconf 89' lang='lat' dir='ltr'>der</span> <span class='ocrx_word' id='word_1_501' title='bbox 785 3035 830 3067; x_wconf 75' lang='grc' dir='ltr'>ΤΟ</span> <span class='ocrx_word' id='word_1_502' title='bbox 845 3032 1011 3067; x_wconf 57' lang='lat' dir='ltr'>WVochen</span> <span class='ocrx_word' id='word_1_503' title='bbox 1024 3033 1173 3067; x_wconf 83' lang='lat' dir='ltr'>Daniels</span> <span class='ocrx_word' id='word_1_504' title='bbox 1196 3034 1233 3067; x_wconf 89' lang='lat' dir='ltr'>in</span> <span class='ocrx_word' id='word_1_505' title='bbox 1258 3034 1322 3066; x_wconf 89' lang='lat' dir='ltr'>der</span> <span class='ocrx_word' id='word_1_506' title='bbox 1343 3033 1444 3066; x_wconf 85' lang='lat' dir='ltr'>alten</span> <span class='ocrx_word' id='word_1_507' title='bbox 1457 3031 1534 3065; x_wconf 89' lang='lat' dir='ltr'>und</span> <span class='ocrx_word' id='word_1_508' title='bbox 1548 3031 1738 3065; x_wconf 85' lang='lat' dir='ltr'>mittleren</span> <span class='ocrx_word' id='word_1_509' title='bbox 1749 3030 1837 3070; x_wconf 79' lang='lat' dir='ltr'>Zeit,</span> <span class='ocrx_word' id='word_1_510' title='bbox 1855 3029 1998 3064; x_wconf 87' lang='lat' dir='ltr'>Graecii</span> 
     </span>
     <span class='ocr_line' id='line_1_48' title="bbox 255 3083 1998 3130; baseline -0.001 -12"><span class='ocrx_word' id='word_1_511' title='bbox 255 3087 354 3126; x_wconf 75' lang='grc'>1883,</span> <span class='ocrx_word' id='word_1_512' title='bbox 375 3086 439 3129; x_wconf 91' lang='lat' dir='ltr'>qui</span> <span class='ocrx_word' id='word_1_513' title='bbox 455 3087 520 3120; x_wconf 79' lang='lat'>107</span> <span class='ocrx_word' id='word_1_514' title='bbox 538 3086 660 3120; x_wconf 72' lang='lat' dir='ltr'>varias</span> <span class='ocrx_word' id='word_1_515' title='bbox 679 3086 1002 3130; x_wconf 86' lang='lat' dir='ltr'>interpretationes</span> <span class='ocrx_word' id='word_1_516' title='bbox 1018 3087 1192 3126; x_wconf 74' lang='lat' dir='ltr'>recenset,</span> <span class='ocrx_word' id='word_1_517' title='bbox 1211 3096 1304 3130; x_wconf 87' lang='lat' dir='ltr'>qnae</span> <span class='ocrx_word' id='word_1_518' title='bbox 1322 3085 1488 3130; x_wconf 83' lang='lat' dir='ltr'>prolatae</span> <span class='ocrx_word' id='word_1_519' title='bbox 1506 3083 1608 3118; x_wconf 85' lang='lat' dir='ltr'>fuere</span> <span class='ocrx_word' id='word_1_520' title='bbox 1627 3094 1742 3128; x_wconf 84' lang='lat' dir='ltr'>usque</span> <span class='ocrx_word' id='word_1_521' title='bbox 1760 3083 1808 3117; x_wconf 87' lang='lat' dir='ltr'>ad</span> <span class='ocrx_word' id='word_1_522' title='bbox 1826 3083 1912 3117; x_wconf 88' lang='lat' dir='ltr'>Dio</span> <span class='ocrx_word' id='word_1_523' title='bbox 1924 3094 1998 3127; x_wconf 68' lang='lat' dir='ltr'>ny-</span> 
     </span>
     <span class='ocr_line' id='line_1_49' title="bbox 251 3138 1934 3181; baseline 0.001 -10"><span class='ocrx_word' id='word_1_524' title='bbox 251 3138 371 3171; x_wconf 86' lang='lat' dir='ltr'>sinm</span> <span class='ocrx_word' id='word_1_525' title='bbox 391 3140 551 3174; x_wconf 86' lang='lat' dir='ltr'>carthus.</span> <span class='ocrx_word' id='word_1_526' title='bbox 572 3142 602 3181; x_wconf 78' lang='lat'>(†</span> <span class='ocrx_word' id='word_1_527' title='bbox 624 3140 741 3174; x_wconf 62' lang='lat' dir='ltr'>1471i.</span> <span class='ocrx_word' id='word_1_528' title='bbox 1932 3143 1934 3146; x_wconf 77' lang='grc'>’</span> 
     </span>
    </p>
   </div>
  </div>
 </body>
</html>
