2175 3382
261 197 343 237 534
593 188 712 221 'l'i·act.
735 187 790 221 lV.
811 187 855 220 dv
877 185 954 219 tide.
977 186 1026 218 De
1045 184 1209 228 subjecto
1230 182 1430 227 magisterii
1451 183 1667 216 authentici.

264 314 411 350 sancto
435 317 579 359 regere
603 305 834 346 Ecclesiam
856 304 930 345 Dei
955 304 1061 355 (Act.
1086 307 1153 351 20,
1177 302 1263 357 ⁴25³),
1293 306 1336 343 et
1357 313 1506 343 eorum
1528 306 1749 354 tamquam
1772 315 1994 345 successo-

261 392 353 420 rum
385 377 676 430 apostolorum
708 380 772 416 est
814 375 1050 416 doctrinam
1083 373 1314 414 revelatam
1346 371 1539 413 tidelibus
1571 373 1833 415 annunciare
1866 377 1994 426 atque

260 459 511 502 proponere,
533 447 766 487 secundum
782 445 1019 486 doctrinam
1029 445 1119 497 jam
1143 443 1359 484 delinitam
1377 442 1583 495 judicare,
1607 442 1721 484 illam
1736 455 1897 496 urgere.
1920 444 1994 485 du-

260 520 338 560 biis
369 519 561 560 excitatis
594 517 821 570 applicare,
852 520 1127 557 contumaces
1150 514 1440 555 condemnare
1464 518 1565 562 etc.;
1600 513 1675 555 sed
1709 513 1908 566 gravibus
1942 514 1994 556 de

259 591 398 631 causis
414 593 629 641 nequeunt
651 588 702 629 de
727 586 1026 628 controversiis
1050 586 1145 626 lidei
1168 586 1227 626 ita
1244 585 1450 637 judicare,
1472 589 1517 626 ut
1531 597 1689 626 novam
1705 585 1835 626 edant
1849 584 1995 626 defini-

252 662 417 702 tionem
439 659 518 700 nisi
541 659 786 711 congregati
809 659 851 698 in
874 656 1119 698 concilium:
1153 667 1289 708 neque
1312 667 1364 696 ea
1387 656 1465 696 erit
1487 656 1786 708 peremptoria,
1819 656 1899 697 nisi
1922 668 1994 697 ac-

259 732 433 773 cesserit
455 729 719 770 confirmatio
744 727 971 780 pontilicia,
995 726 1211 779 Ejusmodi
1234 737 1391 766 causae
1414 730 1532 767 sunt:
1555 727 1806 778 gravitas
1827 727 1994 780 negotii,

259 800 495 854 cujusmodi
518 804 581 840 est
604 798 896 839 controversia
918 797 970 838 de
994 797 1092 844 tide;
1127 796 1530 837 universalitas
1561 797 1731 849 negotii,
1762 796 1858 838 fidei
1880 798 1993 838 enim

259 883 389 912 causa
411 870 695 911 universalem
717 872 881 921 spectat
902 867 1146 917 Ecclesiam,
1169 867 1212 908 in
1234 879 1318 920 qua
1340 879 1425 908 una
1447 867 1684 920 eademque
1707 868 1847 920 vigere
1869 868 1996 910 debet

259 943 380 984 fides:
403 942 592 983 unitas
615 941 722 991 fidei,
745 952 854 993 quae
876 940 1001 980 nimis
1023 939 1145 980 facile
1159 939 1412 988 laederetur,
1434 939 1469 979 si
1491 939 1715 992 episcopus
1730 937 1866 992 quivis
1880 950 1994 980 seor-

259 1015 337 1054 sim
371 1012 424 1053 ab
457 1013 548 1053 aliis
582 1012 624 1052 in
647 1011 948 1052 controversiis
972 1010 1067 1051 {idei
1089 1010 1332 1051 authentice
1350 1009 1543 1062 judicare
1566 1013 1721 1062 posset.
1765 1008 1918 1061 Quare,
1949 1015 1996 1051 ut

259 1084 366 1125 bene
388 1087 508 1124 notat
530 1081 559 1124 S
573 1082 740 1123 cheeb
754 1094 817 1123 en
839 1082 862 1122 l.
888 1087 909 1126 1
935 1095 973 1126 n.
991 1083 1086 1130 122,
1109 1081 1319 1133 episcopis
1341 1081 1545 1133 competit
1567 1079 1782 1133 quaedam
1804 1084 1994 1133 potestas

254 1154 474 1207 judicialis,
497 1158 628 1206 prout
651 1165 747 1194 eam
771 1153 1057 1205 exposuimus,
1091 1164 1178 1192 non
1214 1163 1316 1192 vero
1348 1151 1692 1204 legislativa,
1723 1162 1808 1204 qua
1838 1150 1995 1204 aliquid

259 1229 449 1266 statuant
470 1236 545 1277 per
569 1224 744 1265 modum
767 1223 869 1276 legis
891 1223 999 1272 fidei,
1021 1234 1130 1276 quae
1154 1226 1217 1263 est
1239 1222 1369 1264 solius
1391 1223 1559 1263 romani
1582 1222 1770 1275 episcopi
1792 1225 1834 1263 et
1856 1222 1995 1262 conci-

259 1295 410 1336 liorum
433 1295 821 1336 oecumenicorum.

379 1368 422 1409 2.
446 1365 663 1406 Potestate
687 1365 929 1406 authentice
952 1364 1133 1405 docendi
1165 1376 1190 1405 a
1217 1363 1380 1404 fortiori
1403 1364 1597 1404 fruuntur
1619 1364 1800 1404 concilia
1821 1364 1994 1416 provin-

259 1436 394 1485 cialia,
409 1447 518 1489 quae
536 1435 771 1477 secundum
786 1447 1000 1476 canonum
1014 1435 1279 1487 praescripta
1293 1433 1585 1483 celebrantur;
1608 1434 1717 1475 inter
1738 1445 1848 1488 quae
1870 1446 1995 1487 prae·
2043 1472 2048 1474 γ

258 1507 416 1559 scripta
447 1506 561 1547 haud
595 1505 785 1547 infimum
817 1510 891 1555 est,
925 1517 979 1547 ne
1012 1510 1162 1547 contra
1193 1505 1304 1546 sedis
1327 1505 1590 1557 apostolicae
1612 1506 1868 1546 sententiam
1891 1516 1994 1546 con-

261 1582 494 1630 gregentur,
522 1577 710 1629 alioquin
733 1588 784 1617 ea
806 1577 898 1629 ipso
915 1576 1010 1629 jure
1033 1576 1160 1626 nulla,
1191 1576 1321 1626 irrita,
1351 1575 1549 1626 invalida,
1580 1576 1725 1617 inania
1748 1576 1995 1629 viribusque

259 1653 299 1688 et
322 1648 474 1689 effectu
496 1648 663 1700 penitus
686 1651 727 1688 et
749 1647 923 1689 omnino
945 1659 1084 1688 vacua
1107 1647 1162 1688 ab
1183 1647 1302 1688 initio
1325 1651 1423 1687 sunt
1445 1651 1665 1699 eruntque,
1687 1651 1734 1688 ut
1754 1646 1994 1688 Alexan-

259 1718 283 1758 d
297 1730 352 1759 er
374 1717 472 1759 VIII.
495 1718 547 1759 de
570 1717 858 1759 declaratione
872 1717 1037 1759 famosa
1061 1718 1162 1759 cleri
1183 1717 1380 1770 gallicani
1402 1730 1439 1758 a.
1458 1719 1570 1762 1682
1585 1718 1741 1759 statuit.
1764 1716 1871 1759 Cum
1893 1729 1994 1759 vero

252 1789 412 1841 judicia
433 1801 613 1841 perem
626 1789 810 1841 ptoria
832 1788 883 1830 de
906 1788 1002 1830 fidei
1017 1789 1320 1830 controversiis
1334 1792 1528 1841 spectent
1549 1788 1604 1829 ad
1627 1800 1781 1829 causas
1795 1788 1994 1842 majores,

257 1860 352 1901 ideo
375 1865 420 1900 ut
442 1860 526 1900 vim
547 1858 749 1909 habeant,
776 1858 1055 1911 approbanda
1078 1864 1176 1900 sunt
1198 1858 1335 1900 forma
1357 1859 1537 1900 solemni
1559 1859 1626 1900 vel
1647 1859 1799 1901 saltem
1821 1859 1996 1912 speciali

257 1943 280 1970 a
304 1930 405 1971 sede
428 1929 688 1982 apostolica:
715 1929 829 1982 quod
851 1930 886 1970 si
908 1929 1220 1982 approbatione
1243 1930 1528 1971 destituuntur
1550 1930 1789 1983 tacitusque
1812 1941 1993 1971 consen-

257 2014 329 2042 sus
342 2000 524 2053 supponi
537 2000 697 2053 nequit,
718 2001 969 2053 praesertim
992 2001 1027 2041 si
1050 2012 1102 2041 ex
1115 1999 1312 2053 culpabili
1326 2000 1579 2053 negligentia
1603 2011 1677 2041 seu
1701 2000 1868 2042 virtuali
1890 2012 1994 2041 con-

255 2076 418 2124 temptu
448 2071 561 2112 sedis
597 2070 858 2123 apostolicae
880 2070 1030 2112 relatio
1064 2071 1140 2112 fuit
1171 2072 1340 2121 omissa,
1374 2072 1629 2113 auctoritate
1652 2076 1811 2112 carent·
1853 2070 1994 2122 Quare

257 2143 461 2184 damnata
494 2142 570 2183 fuit
604 2141 755 2195 synodi
789 2142 1150 2194 pistoriensis
1180 2154 1297 2195 prop.
1331 2144 1406 2187 85:
1449 2141 1714 2195 „Propositio
1750 2141 1995 2191 enuncians,

257 2213 594 2267 qualemcunque
611 2212 895 2264 cognitionem
911 2212 1225 2254 ecclesiasticae
1239 2213 1443 2254 historiae
1457 2212 1664 2262 sulficere,
1686 2217 1733 2254 ut
1745 2212 1869 2254 fateri
1883 2212 1996 2265 quis-

257 2296 337 2336 que
360 2284 525 2334 debeat,
550 2285 907 2326 convocationem
931 2285 1098 2326 concilii
1120 2285 1350 2326 nationalis
1372 2297 1503 2326 unam
1526 2296 1620 2325 esse
1643 2296 1694 2325 ex
1716 2284 1796 2324 viis
1817 2283 1996 2325 canoni-

256 2355 328 2404 cis,
350 2367 434 2407 qua
454 2354 659 2396 finiantur
680 2356 723 2396 in
746 2356 926 2397 ecclesia
939 2357 1274 2408 respectivarum
1289 2356 1511 2396 nationum
1534 2355 1852 2397 controversiae
1873 2366 1996 2407 spec-

255 2429 394 2466 tantes
416 2426 469 2465 ad
491 2426 563 2467 reli
570 2427 766 2478 gionem;
799 2428 859 2468 sic
889 2427 1115 2477 intellecta,
1146 2431 1193 2468 ut
1223 2427 1541 2468 controversiae
1564 2426 1619 2468 ad
1641 2426 1765 2467 fidem
1789 2429 1832 2467 et
1852 2436 1995 2466 mores

255 2501 495 2547 spectantes
517 2497 560 2537 in
589 2496 777 2538 Ecclesia
799 2510 1052 2551 quacunque
1075 2498 1277 2539 subortae
1303 2509 1379 2550 per
1400 2497 1618 2538 nationale
1641 2496 1867 2538 concilium
1889 2495 1995 2536 irre-

255 2565 446 2618 fragabili
463 2566 631 2618 judicio
655 2567 763 2609 finiri
784 2569 975 2617 valeant;
1009 2569 1131 2622 quasi
1150 2568 1384 2610 inerrantia
1416 2568 1459 2609 in
1489 2567 1586 2609 fidei
1608 2572 1650 2609 et
1670 2579 1840 2608 morum
1862 2577 1996 2619 quae-

254 2636 462 2677 stionibus
476 2638 689 2679 nationali
704 2639 882 2680 concilio
897 2643 1181 2692 competeret:
1195 2639 1480 2688 schismatica,
1493 2639 1746 2680 haeretica.“
1774 2637 1825 2678 Et
1845 2637 1889 2677 in
1910 2636 1996 2689 syl-

254 2705 354 2748 labo
375 2719 493 2759 prop.
517 2711 572 2752 36
592 2723 600 2749 z
630 2708 887 2759 „Nationalis
909 2711 1076 2752 concilii
1098 2709 1284 2751 definitio
1312 2709 1471 2750 nullam
1494 2709 1622 2750 aliam
1645 2708 1829 2750 admittit
1849 2707 1996 2760 dispu-

254 2778 460 2818 tationem
482 2778 703 2832 civilisque
719 2780 1027 2822 administratio
1050 2792 1141 2821 rem
1168 2780 1222 2821 ad
1244 2781 1376 2821 hosce
1397 2780 1603 2821 terminos
1625 2779 1792 2830 exigere
1813 2781 1988 2831 potest.“

256 2940 340 2962 cum
367 2929 516 2963 doctore
546 2930 703 2964 maxime
737 2931 950 2965 authentico
982 2933 1018 2965 et
1048 2931 1250 2966 infallibili.
1302 2931 1353 2966 Cf.
1388 2931 1625 2965 Palmieri
1659 2932 1703 2965 de
1737 2942 1827 2964 rom.
1863 2929 1994 2974 pontif.

254 2982 308 3016 th.
326 2981 491 3017 XXVIII.
527 2981 622 3024 Quid
642 2983 686 3017 de
707 2984 861 3018 docendi
873 2984 957 3028 jure
975 2985 1012 3018 et
1029 2984 1152 3019 officio
1180 2985 1350 3024 aliorum,
1379 2983 1443 3028 qui
1469 2984 1651 3028 episcopis
1680 2986 1766 3018 sunt
1792 2982 1995 3023 inferiores,

255 3037 297 3069 ut
321 3035 487 3080 parochi,
517 3037 803 3077 concionatores,
834 3037 1066 3078 catechistae,
1099 3038 1274 3082 parentes
1304 3039 1372 3071 etc.
1403 3037 1454 3070 sit
1481 3037 1694 3078 tenendum,
1721 3036 1814 3070 bene
1844 3035 1996 3079 exponit

255 3088 539 3131 Scheeben§
563 3092 613 3131 12,
646 3091 731 3122 sunt
749 3088 827 3122 scil.
847 3098 985 3133 organa
1013 3091 1050 3123 et
1079 3089 1201 3124 media
1229 3090 1425 3124 auxiliaria
1452 3089 1708 3134 episcoporum
1733 3088 1905 3132 regimini
1932 3097 1992 3133 pe-

254 3142 353 3175 nitus
374 3142 625 3177 subordinata.
