2175 3382
779 77 834 110 est
850 76 1061 110 tradit-ionis
1078 79 1348 121 argumentum.
1843 84 1921 125 147

193 202 232 237 in
258 212 423 248 quorum
447 198 610 244 ratione,
635 199 865 243 eruditione,
889 198 1084 242 libertate,
1117 210 1216 246 quae
1248 199 1324 235 tria
1353 199 1455 236 bona
1471 199 1595 248 judici
1628 200 1815 247 tribuisti,
1846 214 1925 240 non

192 261 304 308 potes
329 258 505 295 invenire
527 258 633 306 quod
657 270 826 306 spernas.
870 257 909 294 Si
940 257 1166 305 episcopalis
1196 257 1368 306 synodus
1400 270 1444 294 ex
1474 260 1558 295 toto
1589 259 1680 297 orbe
1711 272 1923 311 congrega—

191 319 312 362 retur,
335 317 480 354 mirum
502 317 534 354 si
555 317 653 354 tales
675 316 936 365 possent‘illic
958 315 1070 352 facile
1090 318 1150 352 tot
1172 316 1315 353 sedere.
1358 316 1456 360 Quia
1478 329 1548 354 nec
1570 317 1637 354 isti
1659 331 1736 356 uno
1750 321 1924 368 tempore

192 378 365 422 fuerunt,
399 376 467 413 sed
489 376 622 413 fideles
655 378 693 412 et-
715 375 854 412 multis
886 374 1176 411 excellentiores
1208 387 1350 422 paucos
1382 375 1672 423 dispensatores
1707 389 1798 416 suos
1821 379 1923 416 Deus

195 449 262 484 per
284 435 457 472 diversas
480 437 626 472 aetates
659 436 878 482 temporum
911 434 1163 482 locorumque
1194 433 1413 480 distantias,
1449 435 1551 471 sicut
1582 435 1618 471 ei
1651 436 1777 483 placet
1806 441 1924 486 atque

190 494 373 544 expedire
390 494 554 543 judicat,
577 494 661 542 ipse
684 493 898 541 dispensat.
940 492 1021 529 Hos
1056 492 1190 540 itaque
1221 493 1267 529 de
1298 492 1386 530 aliis
1416 496 1533 542 atque
1565 493 1653 530 aliis
1684 497 1924 544 temporibus

191 556 310 602 atque
332 553 558 603 regionibus
581 553 628 589 ab
652 552 810 589 Oriente
833 554 873 589 et
895 551 1102 588 Occidente
1124 553 1377 601 congregatos
1397 552 1514 597 vides,
1538 565 1615 590 non
1630 552 1672 589 in
1686 554 1824 598 locum,
1847 569 1923 603 quo

191 612 376 661 navigare
405 615 593 661 cogantur
615 611 801 656 homines,
837 610 903 648 sed
926 610 967 647 in
998 610 1156 656 librum,
1190 611 1257 658 qui
1288 611 1474 660 navigare
1506 612 1630 659 possit
1660 612 1708 648 ad
1740 613 1923 653 homines.

194 671 348 716 Quanto
370 671 444 708 tibi
466 673 595 708 essent
616 670 681 708 isti
698 670 851 718 judices
874 669 1140 718 optabiliores,
1165 670 1197 706 si
1217 671 1372 707 teneres
1395 670 1624 708 catholicam
1648 670 1782 716 fidem;
1814 675 1924 711 tanto

184 730 269 778 sibi
292 732 387 767 sunt
408 730 675 774 terribiliores,
708 729 800 777 quia
822 740 1023 778 oppugnas
1045 729 1275 766 catholicam
1298 729 1432 774 fidem3
1466 743 1583 778 quam
1615 730 1655 766 in
1678 730 1778 768 lacte
1809 743 1922 770 suxe-

189 792 296 836 runt,
321 802 438 837 quam
459 789 500 826 in
522 789 605 826 cibo
629 791 894 837 sumpserunt,
931 788 1042 835 cujus
1064 788 1123 825 lac
1154 790 1194 824 et
1223 788 1355 825 cibum
1385 789 1515 837 parvis
1546 790 1777 838 magnisque
1808 791 1921 828 mini-

191 850 427 892 straverunt,
451 860 568 896 quam
591 850 725 885 contra
747 847 926 885 inimicos
948 847 1066 884 etiam
1100 859 1169 884 vos
1191 849 1288 884 tunc
1317 847 1491 884 nondum
1523 851 1647 887 natos.
1683 849 1788 887 unde
1820 862 1925 888 nunc

189 907 431 951 revelamini,
456 907 697 955 apertissime
719 908 758 944 et
776 906 986 944 fortissime
1001 905 1270 944 defenderunt.
1305 906 1466 943 Talibus
1481 910 1567 955 post
1582 909 1777 956 apostolos
1792 912 1925 947 sancta

190 966 361 1004 Ecclesia
394 966 698 1015 plantatoribus,
745 965 995 1015 rigatoribus,
1031 965 1357 1010 aedificatoribus,
1393 966 1624 1013 pastoribus,
1660 968 1925 1006 nutritoribus

187 1025 322 1063 crevit.
364 1025 456 1062 Ideo
477 1025 658 1074 profanas
680 1037 793 1063 voces
829 1027 980 1062 vestrae
1011 1024 1200 1062 novitatis
1232 1024 1397 1072 expavit,
1430 1027 1469 1061 et
1500 1029 1613 1063 cauta
1644 1039 1687 1064 ac
1718 1027 1846 1065 sobria
1879 1040 1923 1065 ex

189 1085 456 1122 admonitione
478 1084 692 1133 apostolica
714 1082 755 1136 (2
781 1085 861 1121 Cor.
891 1091 952 1127 11,
980 1082 1033 1136 3),
1068 1096 1117 1121 ne
1140 1083 1241 1121 sicut
1263 1095 1423 1132 serpens
1446 1084 1567 1121 Evam
1590 1085 1747 1123 seduxit
1777 1087 1925 1124 astutia

189 1156 270 1189 sua,
295 1144 349 1181 sic
370 1146 410 1180 et
430 1156 540 1180 mens
561 1144 646 1192 ejus
671 1146 985 1192 corrumperetur
1006 1156 1028 1180 a
1049 1143 1238 1188 castitate,
1262 1155 1361 1190 quae
1383 1144 1446 1180 est
1467 1143 1507 1180 in
1522 1143 1688 1190 Christo,
1713 1146 1924 1184 catholicae

188 1203 280 1239 fidei
302 1203 531 1252 virginitate
560 1202 723 1240 insidias
753 1203 873 1239 vestri
904 1202 1094 1252 dogmatis
1125 1202 1372 1250 subrepentis
1405 1203 1616 1248 exhorruit,
1652 1206 1692 1241 et
1724 1206 1923 1254 tamquam

187 1264 305 1311 caput
327 1262 479 1299 colubri
501 1261 674 1307 calcavit,
698 1261 873 1306 obtrivit,
897 1261 1038 1310 abjecit
1052 1264 1150 1298 etc.q<
1187 1261 1313 1306 Quare
1336 1261 1645 1300 Vincentius
1668 1263 1728 1300 lir.
1751 1276 1918 1302 commo-

188 1321 378 1358 nitorium
400 1334 516 1358 suum
538 1321 704 1358 absolvit
726 1321 795 1358 hac
826 1320 936 1370 gravi
967 1320 1183 1358 sententia:
1218 1321 1413 1364 ,Necesse
1445 1323 1505 1358 est
1535 1322 1708 1370 profecto
1741 1324 1922 1361 omnibus

186 1380 368 1429 deinceps
391 1380 600 1424 catholicis,
624 1380 693 1429 qui
714 1393 795 1417 sese
817 1380 1009 1417 Ecclesiae
1031 1379 1168 1416 matris
1190 1379 1389 1429 legitimos
1420 1380 1521 1418 filios
1552 1382 1717 1429 probare
1749 1382 1921 1428 student,

189 1441 236 1476 ut
256 1441 411 1477 sanctae
435 1451 482 1476 ss.
505 1442 662 1488 patrum
684 1439 773 1476 fidei
795 1439 1034 1484 inhaereant,
1070 1438 1381 1488 adglutinentur,
1413 1439 1708 1477 immoriantur:
1740 1441 1921 1490 profanas

187 1511 278 1535 vero
302 1499 555 1546 profanorum
568 1498 760 1535 novitates
775 1498 1032 1543 detestentur,
1056 1498 1293 1543 horrescant,
1317 1498 1573 1542 insectentur,
1596 1503 1891 1548 persequantur.
1903 1506 1920 1524 «

189 1557 240 1595 Cf.
265 1571 294 1594 c.
322 1564 385 1598 28.
413 1564 477 1597 29.
503 1564 569 1597 33.
592 1570 689 1606 opus
712 1560 738 1594 t.
762 1557 824 1595 IX.
868 1557 980 1601 Nam,
1004 1560 1050 1594 ut
1072 1557 1127 1594 ait
1150 1569 1179 1594 s.
1203 1557 1435 1595 Basilius
1459 1570 1516 1606 ep.
1542 1564 1592 1598 52
1617 1571 1654 1595 n.
1675 1567 1707 1603 l,
1732 1560 1921 1603 »Pati-um

187 1616 365 1666 vestigiis
387 1629 464 1654 non
487 1617 666 1654 insistere
688 1629 758 1654 nec
780 1630 849 1654 sua
870 1617 1066 1654 sententia
1096 1629 1229 1653 vocem
1260 1617 1419 1653 illorum
1450 1616 1644 1665 potiorem
1678 1617 1829 1663 ducere,
1863 1632 1923 1656 res

186 1678 246 1712 est
268 1676 571 1725 reprehensione
596 1676 726 1725 digna,
750 1678 797 1713 ut
817 1677 932 1725 plena
957 1675 1241 1725 arrogantiae«
1287 1675 1338 1712 Cf.
1360 1676 1637 1713 Franzelin
1659 1677 1714 1713 th.
1741 1684 1775 1717 9,

311 1759 403 1799 132·
426 1756 594 1799 'rhesis
628 1755 780 1798 XXV·
821 1771 950 1813 Quod
988 1771 1043 1804 cle
1070 1771 1366 1803 consensione
1388 1773 1585 1812 patrum
1605 1772 1813 1804 omnium
1849 1773 1923 1813 af-

183 1829 451 1870 firmamus,
476 1830 684 1871 idipsum
710 1830 961 1863 tenendum
998 1832 1062 1863 est
1093 1830 1149 1863 de
1184 1831 1480 1863 consensione
1507 1831 1718 1864 omnium
1745 1839 1922 1873 quoque

187 1887 546 1921 occidentalium
573 1887 836 1928 explorata.

309 1967 688 2011 Demonstratio.
733 1965 847 2007 Haec
871 1971 935 2007 est
958 1966 1151 2008 doctrina
1172 1967 1483 2019 Augustini,
1507 1969 1576 2021 qui
1598 1974 1824 2023 postquam
1846 1983 1922 2022 pro

187 2038 387 2090 dogmate
402 2038 612 2078 catholico
637 2038 688 2078 de
710 2042 888 2090 peccato
913 2038 1105 2090 originali
1127 2051 1159 2083 c.
1174 2038 1388 2080 ,lulianum
1404 2039 1546 2079 citavit
1560 2044 1702 2091 patres
1725 2040 1922 2082 occiden-

188 2109 306 2158 tales,
329 2109 388 2149 ita
409 2110 678 2162 prosequitur
693 2108 719 2158 I,
740 2112 768 2152 4
782 2122 821 2149 n.
841 2112 912 2153 13:
944 2109 1032 2159 „An
1055 2109 1149 2150 ideo
1173 2110 1508 2151 contemnendos
1530 2116 1666 2162 putas,
1690 2112 1787 2164 quia
1809 2112 1922 2152 occi-

188 2179 368 2221 dentalis
384 2179 598 2221 Ecclesiae
614 2185 711 2220 sunt
725 2191 886 2229 omnes,
904 2191 983 2220 nec
1005 2179 1114 2220 ullus
1137 2184 1201 2221 est
1222 2180 1265 2220 in
1287 2180 1346 2220 eis
1370 2185 1729 2222 commemoratus
1752 2194 1778 2222 a
1798 2182 1922 2223 nobis

189 2248 371 2292 Orientis
394 2252 647 2304 episcopus?
672 2284 678 2291 .
703 2284 710 2291 .
734 2284 741 2291 .
774 2250 880 2291 Puto
914 2250 989 2291 tibi
1020 2263 1116 2291 eam
1139 2256 1304 2303 partem
1328 2251 1442 2292 orbis
1465 2251 1657 2294 sufficere
1680 2253 1847 2303 debere,
1879 2254 1922 2294 in

189 2335 272 2375 qua
294 2324 476 2376 primum
501 2322 792 2375 apostolorum
815 2334 991 2362 suorum
1013 2322 1144 2363 voluit
1164 2322 1369 2364 Dominus
1393 2323 1694 2375 gloriosissimo
1718 2325 1921 2378 martyrio

190 2406 399 2435 coronare
423 2427 430 2434 .
454 2427 461 2434 .
485 2427 492 2434 .
516 2392 611 2434 Non
634 2397 698 2434 est
721 2405 820 2444 ergo
844 2405 918 2434 cur
931 2405 1139 2445 provoces
1154 2393 1208 2435 ad
1223 2392 1404 2434 Orientis
1419 2394 1638 2444 antistites,
1660 2395 1760 2447 quia
1782 2400 1823 2436 et
1844 2396 1922 2448 ipsi

189 2466 334 2518 utique
349 2465 569 2505 christiani
585 2469 691 2511 sunt,
715 2468 757 2504 et
777 2464 996 2517 utriusque
1009 2465 1142 2517 partis
1156 2469 1364 2505 terrarum
1388 2464 1491 2506 fides
1514 2466 1595 2506 ista
1616 2478 1702 2506 una
1725 2470 1799 2515 est,
1824 2466 1922 2519 quia

190 2540 230 2577 et
252 2535 356 2576 fides
380 2536 462 2576 ista
484 2535 715 2576 christiana
739 2540 821 2583 est3
854 2539 895 2575 et
916 2540 957 2576 te
980 2539 1093 2575 certe
1116 2534 1389 2576 occidentalis
1410 2540 1524 2576 terra
1546 2536 1775 2588 generavit,
1807 2537 1919 2577 occi-

191 2607 371 2648 dentalis
392 2606 660 2659 regeneravit
674 2605 896 2648 Ecclesia.“
938 2604 1050 2646 Sane
1073 2604 1222 2646 Oriens
1245 2610 1286 2646 et
1307 2605 1514 2647 Occidens
1541 2618 1615 2658 per
1636 2606 1780 2647 secula
1800 2607 1921 2659 plura

189 2690 321 2718 unam
343 2677 659 2719 constituebant
681 2678 924 2719 Ecclesiam.
966 2676 1093 2728 Atqui
1125 2676 1176 2716 de
1207 2677 1380 2717 unitatis
1400 2676 1616 2718 Ecclesiae
1648 2678 1832 2718 essentia
1858 2682 1922 2718 est

190 2749 328 2789 unitas
350 2748 457 2798 fidei,
489 2761 585 2789 cum
608 2749 711 2790 fides
743 2750 796 2790 sit
822 2748 1142 2789 fundamentum
1165 2747 1390 2789 Ecclesiae.
1432 2747 1539 2799 Ergo
1564 2748 1765 2801 quamdiu
1788 2749 1919 2788 schis-

192 2823 306 2860 mate
329 2819 382 2859 ab
404 2820 585 2860 invicem
607 2820 766 2861 scissae
788 2831 874 2860 non
896 2823 1004 2866 sunt,
1036 2830 1121 2859 una
1144 2822 1235 2859 erat
1257 2817 1438 2860 Orientis
1461 2815 1785 2871 Occidentisque
1807 2818 1919 2858 fides.

192 2890 414 2942 Repugnat
435 2895 590 2943 autem,
625 2895 669 2931 ut
702 2895 902 2931 manente
934 2889 1028 2930 fidei
1059 2889 1220 2930 unitate
1250 2890 1293 2929 in
1324 2893 1444 2930 tanta
1465 2893 1683 2942 pastorum
1706 2888 1919 2940 vigilantia

193 2965 334 3013 patres
367 2973 516 3002 omnes
548 2961 833 3002 occidentales
865 2961 1051 3013 aliquam
1083 2960 1320 3001 doctrinam
1352 2973 1427 3012 pro
1460 2960 1647 3001 revelata
1678 2970 1918 3011 propugna-

193 3032 340 3079 verint,
367 3044 494 3085 quam
515 3036 658 3084 patres
681 3032 820 3084 graeci
842 3031 1075 3083 reJecerint.
1118 3030 1258 3082 Quare
1289 3032 1378 3083 ipse
1401 3042 1633 3071 consensus
1656 3033 1822 3081 patrum
1846 3040 1917 3068 oc-

1640 3102 1698 3133 10·
