2175 3382
257 105 334 143 144
589 96 707 129 'si-act.
730 96 772 129 11.
793 95 843 129 De
862 94 1077 129 traditione.
1098 94 1224 128 'rhesis
1244 93 1371 127 XXIV.
1392 93 1510 127 Patris
1529 93 1641 127 notio.

250 217 441 268 subjecit,
468 216 693 256 manifesto
718 215 814 256 inde
838 214 1057 267 colligitur,
1090 214 1328 254 doctrinam
1353 213 1481 254 aliam
1504 212 1558 253 ab
1582 213 1673 265 ipsa
1695 212 1986 264 praedicatam

252 288 389 332 fuisse,
413 298 523 339 quae
548 286 633 327 scil.
657 286 823 327 haeresi
846 286 1003 326 directe
1027 290 1068 325 et
1091 284 1334 325 immediate
1357 283 1666 325 adversaretur.
1702 283 1762 324 Ita
1784 283 1985 324 haeretici

252 358 315 399 vel
340 358 456 398 inviti
480 362 609 398 testes
632 362 730 397 sunt
752 355 846 397 fidei
869 356 1117 402 catholicae,
1144 360 1186 396 et
1207 354 1273 395 vel
1297 366 1346 396 ex
1371 354 1472 395 solis
1494 354 1719 395 haereticis
1743 355 1986 396 universum

251 429 488 481 theologiae
511 428 748 470 catholicae
767 433 953 481 systema
976 428 1165 468 construi
1187 431 1343 480 posset,
1365 439 1462 467 cum
1487 427 1553 467 vix
1576 425 1671 467 fidei
1694 426 1747 466 sit
1769 425 1989 478 particula,

251 500 454 541 adversus
477 511 604 552 quam
628 512 713 539 non
737 499 900 539 steterit
921 498 1063 550 aliqua
1085 497 1286 544 haeresis,
1319 502 1361 538 et
1391 509 1502 550 quae
1534 509 1621 538 non
1654 496 1778 537 fuerit
1807 496 1986 537 demon-

250 576 382 611 strata
406 583 557 611 aurum
580 570 853 622 purissimum
877 581 952 621 per
974 569 1188 609 caminum
1212 568 1541 621 impugnationis
1563 567 1806 608 haereticae
1826 568 1869 623 1).

368 642 410 685 ὃ.
434 641 782 682 Monumenta
813 640 950 681 artis
981 639 1351 687 christianae,
1379 650 1488 692 quae
1512 639 1645 680 oculis
1668 637 1869 679 exhibent
1889 649 1985 690 per-

250 725 378 765 saepe
401 712 678 765 spectandam
703 711 826 752 sidem
850 711 1082 763 primorum
1107 710 1447 758 christianorum,
1479 714 1520 750 et
1552 709 1603 750 de
1635 708 1788 761 quibus
1810 707 1990 750 subinde

251 784 333 825 dici
354 788 504 836 potest.
530 783 607 824 etsi
630 782 773 823 omnia
797 782 880 823 alia
902 786 1182 822 monumenta
1206 785 1408 824 tacerent.
1433 779 1592 835 lapides
1615 779 1851 821 clamabunt
1872 778 1990 834 (Luc.

254 859 318 904 19,
341 855 428 910 40),
450 853 777 906 proclamabunt
799 858 840 894 et
861 851 1192 905 promulgabunt
1214 851 1415 903 dogmata
1437 851 1698 904 apostolicae
1715 850 1928 892 Ecclesiae
1944 852 1987 904 2).

250 925 411 966 Horum
435 937 534 977 ergo
558 924 795 966 mediorum
823 924 1096 976 indagatione
1119 923 1339 975 pervenire
1361 921 1598 963 valebimus
1629 922 1672 962 in
1704 921 1988 975 cognitionem

251 996 580 1048 praedicationis
603 995 699 1037 fidei
721 1007 796 1036 seu
819 995 1058 1036 traditionis
1073 995 1222 1047 quovis
1245 994 1388 1035 seculo
1412 995 1454 1034 in
1468 993 1657 1035 Ecclesia
1670 993 1860 1046 vigentis.
1883 990 1989 1033 Cum

251 1072 394 1108 autem
416 1067 499 1108 hac
520 1068 563 1108 in
586 1067 837 1120 quaestione
860 1077 1065 1119 persaepe
1087 1070 1255 1118 patrum
1280 1065 1501 1106 invocetur
1524 1064 1768 1113 auctoritas,
1793 1063 1883 1116 J'am
1915 1074 1988 1103 ac-

250 1139 441 1179 curatius
463 1138 516 1179 de
538 1138 618 1179 hac
643 1138 721 1179 erit
743 1137 1047 1178 disserendum.

373 1236 466 1277 130-
490 1232 658 1275 ThPSiS
682 1231 860 1274 XXIV·
903 1246 1149 1279 Unanimis
1163 1248 1357 1287 patrum
1379 1253 1625 1278 consensus
1648 1245 1700 1278 in
1723 1243 1860 1278 rebus
1880 1242 1992 1283 fidei

251 1308 292 1339 et
319 1314 501 1339 moretm
531 1305 841 1338 certissimum
867 1307 933 1337 est
959 1304 1147 1338 divinae
1174 1303 1445 1337 traditionis
1471 1304 1814 1345 aryumentum.

369 1374 664 1417 Declaratio.
708 1375 838 1413 Patris
870 1378 980 1416 notio,
1013 1398 1068 1402 ——
1102 1375 1345 1423 Quamquam
1377 1375 1496 1424 vulgo
1528 1377 1705 1423 patres
1737 1373 1992 1422 appellantur

252 1436 478 1484 quicunque
513 1435 717 1473 christiani
753 1435 962 1484 scriptores
995 1435 1171 1472 doctrina
1202 1438 1241 1472 et
1274 1434 1512 1483 antiquitate
1549 1433 1758 1482 conspicui,
1793 1436 1841 1469 ut
1873 1431 1990 1468 etiam

252 1496 426 1533 Clemens
450 1496 558 1540 alex„
595 1495 834 1537 Lactantius.
859 1494 1067 1539 Amobius,
1103 1493 1268 1531 Rufinus
1290 1496 1374 1538 etc.‚
1410 1494 1488 1531 imo
1523 1493 1715 1542 ejusmodi
1748 1491 1867 1529 etiam
1896 1491 1991 1528 scri-

251 1556 394 1603 ptores,
418 1554 486 1603 qui
508 1554 549 1591 in
570 1566 706 1604 graves
729 1553 953 1591 inciderunt
974 1565 1135 1598 errores,
1171 1555 1217 1591 ut
1239 1553 1439 1597 'tatianus
1474 1552 1755 1595 Tertullianus,
1791 1550 1988 1600 Origenes,

251 1614 444 1651 Eusebius
467 1626 576 1659 caes,
611 1614 768 1662 proprie
790 1618 923 1650 tamen
955 1616 1086 1662 patres
1119 1612 1337 1658 illi—solum
1369 1611 1524 1648 dicendi
1556 1616 1659 1657 sunt,
1693 1623 1790 1659 quos
1820 1608 1993 1647 Ecclesia

251 1673 335 1721 ipsa
355 1673 537 1721 probavit
560 1676 678 1721 atque
702 1673 871 1709 sinceros
894 1684 935 1709 ac
957 1672 1132 1709 eruditos
1167 1683 1259 1708 suae
1292 1684 1360 1708 seu
1389 1671 1522 1720 potius
1554 1671 1787 1720 apostolicae
1818 1672 1858 1705 et
1888 1668 1991 1705 chri-

251 1732 375 1770 stiane
398 1732 598 1770 doctrinae
620 1735 741 1769 testes
766 1734 804 1768 et
826 1732 1035 1781 magistros
1059 1743 1140 1768 esse
1163 1730 1386 1770 declaravit.
1429 1730 1480 1766 Ut
1501 1730 1606 1767 enim
1628 1729 1819 1767 Ecclesiae
1841 1730 1903 1765 est
1925 1727 1990 1764 de-

252 1791 408 1837 clarare,
444 1792 605 1840 quinam
626 1791 776 1828 fuerint
798 1794 974 1828 auctores
996 1789 1268 1838 inspirati,
1303 1790 1358 1827 ita
1389 1789 1507 1826 etiam
1539 1789 1664 1838 ipsius
1696 1791 1755 1826 est
1784 1787 1992 1832 declarare,

252 1851 412 1898 quinam
436 1851 516 1888 sint
536 1852 658 1888 testes
679 1850 809 1887 idonei
831 1853 870 1887 et
894 1849 1137 1898 magistri
1159 1849 1359 1886 doctrinae
1395 1862 1415 1885 a
1439 1848 1592 1886 Christo
1625 1850 1666 1885 et
1695 1846 1881 1896 apostolis
1911 1848 1991 1883 tra-

251 1909 365 1954 ditae,
391 1923 507 1958 quam
530 1910 613 1958 ipsa
637 1910 719 1946 sola
740 1912 866 1946 totam
888 1909 1010 1948 novit.
1034 1908 1208 1957 adeoque
1231 1908 1317 1956 ipsa
1338 1908 1428 1952 8013,
1452 1920 1549 1944 num
1571 1919 1614 1944 ea
1636 1907 1679 1944 in
1701 1906 1815 1944 certis
1829 1904 1992 1954 quibus-

252 1969 340 2005 dam
363 1969 519 2018 scriptis
542 1981 631 2006 vere
655 1969 912 2013 contineatur,
949 1970 1038 2005 tuto
1062 1967 1276 2016 dijudicare
1308 1967 1423 2004 valet.
1466 1967 1526 2003 Ita
1556 1966 1675 2004 etiam
1706 1965 1905 2014 quaelibet
1934 1976 1994 2001 so-

399 2111 421 2146 ι)
441 2106 536 2140 Deus
565 2106 753 2151 permittit
771 2106 939 2140 haereses
957 2116 1031 2139 non
1059 2105 1176 2139 solum
1206 2106 1246 2139 ut
1273 2104 1399 2138 fideles
1432 2105 1647 2149 probentur.
1679 2114 1804 2137 verum
1823 2102 1936 2136 etiam
1953 2101 1997 2135 ut

251 2159 448 2193 manifesta
460 2160 636 2193 reddatur
647 2159 865 2205 dogmatum
878 2159 1146 2193 catholicorum
1157 2158 1304 2194 veritas.
1319 2168 1414 2202 quae
1429 2158 1620 2192 haeresum
1633 2155 1823 2191 occasione
1837 2155 1937 2189 omni
1952 2165 1995 2188 ex

251 2217 356 2257 parte
384 2213 658 2253 confirmantur,
687 2212 934 2256 expoliuntur,
962 2212 1199 2246 illustrantur
1227 2211 1285 2252 (cf.
1302 2221 1426 2255 opus0.
1445 2210 1505 2251 IX,
1524 2213 1592 2246 220
1611 2210 1772 2256 annot.);
1804 2209 1900 2243 sicut
1916 2218 1996 2253 per-

254 2267 353 2300 misit
376 2266 600 2311 judaeorum
630 2266 931 2300 incredulitatem
964 2268 1000 2299 et
1031 2266 1318 2301 obstinationem
1350 2265 1397 2299 ad
1425 2265 1712 2299 confirmandam
1734 2262 1995 2297 vaticiniorum

253 2319 518 2353 messianorum
537 2319 806 2363 genuinitatem
828 2328 875 2359 (11.
896 2322 964 2360 51),
982 2320 1252 2363 possessionem
1283 2318 1507 2353 diabolicam
1535 2318 1580 2352 ad
1608 2315 1891 2362 glorificandum
1908 2314 1995 2349 Jesu

252 2383 384 2406 nomen
404 2377 540 2417 (opusc.
560 2372 585 2410 Ι,
607 2374 674 2406 103
688 2384 751 2405 ss:
780 2371 841 2407 XI.
865 2375 930 2407 128
949 2384 996 2405 ss.
1024 2374 1177 2415 annot.),
1204 2372 1527 2416 impugnat-ionem
1546 2370 1727 2405 Ecclesiae
1755 2369 1803 2403 ad
1829 2377 1995 2412 compro-

252 2425 413 2460 bandam
430 2425 606 2458 invictam
626 2425 703 2469 ejus
721 2425 936 2458 firmitatem
956 2428 1004 2465 (11.
1027 2427 1119 2469 120).
1140 2424 1193 2459 Cf.
1211 2435 1305 2468 quae
1324 2424 1367 2458 de
1385 2424 1454 2458 hac
1472 2436 1510 2458 re
1529 2424 1677 2468 egregie
1692 2422 1862 2466 disputat
1879 2434 1903 2455 s.
1926 2420 1994 2454 Hi-

252 2480 382 2514 lariu
395 2491 410 2513 s
429 2480 472 2513 de
491 2480 620 2513 Trinit.
640 2480 662 2515 l.
682 2482 701 2513 Τ
721 2491 755 2512 11.
775 2484 797 2512 4
815 2491 842 2512 s.
862 2488 986 2522 opusc,
1007 2478 1055 2512 IV
1074 2488 1142 2514 ser.
1164 2477 1208 2513 ΙΙ.

399 2535 425 2579 2)
444 2533 539 2567 Hinc
556 2533 705 2576 quidam
735 2532 936 2576 loquuntur
964 2532 1008 2565 de
1026 2532 1215 2577 theologia
1241 2531 1490 2576 lapidaria
1507 2560 1513 2572 ‚
1541 2541 1634 2574 quae
1659 2529 1898 2575 probationes
1915 2539 1998 2562 suas

252 2587 377 2620 haurit
395 2599 439 2621 ex
457 2586 706 2621 monumentis
734 2586 958 2619 christianae
987 2586 1088 2626 artis,
1118 2597 1159 2619 ex
1187 2584 1491 2629 inscriptionibus
1520 2586 1632 2619 sacris
1660 2595 1678 2618 e
1706 2583 1846 2628 cryptis
1873 2582 1996 2616 erutis.

254 2640 464 2674 Recentiori
482 2642 604 2674 aetate
623 2640 746 2684 magni
766 2639 902 2673 iterum
921 2639 1016 2672 fiunt
1033 2638 1071 2672 in
1090 2638 1281 2683 theologia
1294 2639 1384 2673 haec
1400 2639 1641 2673 monumenta
1655 2648 1734 2670 cum
1751 2647 1875 2670 eorum
1890 2635 1997 2680 copia
2063 2674 2067 2678 ,

253 2693 371 2727 multo
382 2694 530 2728 uberior
541 2704 558 2726 0
570 2694 732 2726 tenebris
753 2693 863 2727 fuerit
876 2694 996 2730 eruta:
1018 2694 1054 2726 et
1066 2692 1190 2736 plures
1202 2702 1336 2733 eorum,
1349 2692 1413 2735 qui
1425 2691 1594 2736 abjurato
1616 2699 1735 2724 errore
1755 2689 1800 2722 ad
1813 2688 1996 2722 Ecclesiae

255 2747 375 2780 sinum
393 2746 591 2780 redierunt,
611 2756 718 2789 saepe
732 2756 805 2779 non
819 2748 897 2778 tam
913 2744 1105 2778 doctorum
1120 2744 1224 2783 libris
1239 2756 1350 2789 quam
1363 2745 1495 2778 horum
1509 2743 1830 2778 monumentorum
1849 2740 1997 2785 loquela

256 2800 418 2843 simplici
438 2806 472 2832 et
491 2809 566 2832 non
584 2799 709 2832 fucata
728 2799 774 2832 ad
793 2798 900 2833 fidem
919 2798 1100 2842 pertracti
1119 2801 1216 2832 sunt.
1250 2798 1410 2832 Notetur
1428 2798 1553 2831 autem
1579 2797 1670 2830 haec
1687 2795 1808 2829 media
1826 2806 1901 2829 11011
1918 2805 1996 2828 esse

255 2853 379 2897 ipsum
395 2853 566 2896 princeps
585 2852 802 2886 traditionis
821 2862 1013 2897 organum,
1041 2851 1139 2894 quod
1158 2852 1213 2885 est
1231 2862 1422 2895 nunquam
1440 2850 1650 2894 interrupta
1667 2851 1855 2893 pastorum
1875 2848 1996 2889 series,

256 2906 319 2939 sed
337 2905 552 2950 adjumenta
570 2904 754 2948 quaedam
774 2905 1029 2939 connaturalia
1047 2904 1181 2938 intime
1200 2915 1280 2938 cum
1300 2904 1365 2938 illo
1385 2914 1558 2943 connexa,
1576 2912 1648 2935 non
1664 2901 1833 2935 absolute
1847 2901 1996 2945 quidem

255 2959 467 2999 necessaria,
488 2959 550 2992 sed
568 2959 677 2992 utilia
709 2959 904 2992 admodum
934 2959 982 2992 ad
1010 2959 1251 2992 traditionem
1280 2957 1567 2992 conservandam
1594 2957 1631 2990 et
1657 2955 1936 3000 propagandam
1954 2958 1997 2988 ut

261 3015 350 3047 bene
369 3012 533 3046 ostendit
556 3012 817 3046 Franzelin
843 3013 897 3046 th.
916 3012 1014 3045 xm.
1050 3012 1103 3045 Cf.
1123 3011 1168 3046 de
1186 3012 1242 3045 his
1262 3012 1393 3046 mediis
1411 3012 1590 3045 Perron
1603 3019 1621 3044 e
1639 3010 1662 3044 l.
1683 3020 1712 3043 c.
1731 3010 1776 3044 de
1794 3008 1997 3043 traditione

257 3076 285 3099 c.
307 3070 338 3100 2.
358 3069 398 3101 3:
418 3064 705 3110 801100110οξ
724 3068 768 3099 23
788 3077 815 3099 s.
