2175 3382
971 134 1265 169 infallibilitatis.
1899 138 1989 180 299

252 269 359 310 quae
383 256 436 297 ab
459 255 663 297 infallibili
684 255 896 350 Ecffilesiae
914 254 1073 307 judicio
1096 253 1223 294 veluti
1246 252 1341 294 fidei
1364 253 1564 304 dogmata
1593 253 1646 294 ab
1670 253 1867 295 omnibus
1890 264 1983 294 cre-

251 328 390 370 denda
411 332 726 380 proponuntur3
779 330 821 367 et
841 327 883 366 in
905 325 962 366 lit.
984 324 1142 378 encycl.
1173 323 1354 375 ,Quanta
1377 330 1491 364 cura‘
1516 328 1551 368 S.
1568 323 1664 364 Dec.
1684 327 1809 374 1864,
1831 324 1988 378 quibus

251 410 442 440 annexus
465 398 539 439 fuit
561 398 760 451 syllabus,
789 398 848 438 ita
878 396 1009 438 habet
1038 395 1151 437 idem
1172 394 1382 448 pontifex:
1417 392 1620 443 „Silentio
1643 396 1875 446 praeterire
1897 407 1986 436 non

250 481 477 522 possumus
499 481 649 510 eorum
677 468 914 515 audaciam,
947 467 1017 520 qui
1048 478 1200 507 sanam
1231 465 1469 506 doctrinam
1491 477 1578 506 non
1600 466 1855 506 sustinentes
1878 478 1982 507 con-

249 540 447 581 tendunt:
478 540 556 581 illis
579 539 842 592 apostolicae
864 538 975 579 sedis
994 537 1163 590 judiciis
1195 542 1237 578 et
1259 536 1452 585 decretis,
1485 548 1666 589 quorum
1690 536 1904 588 objectum
1926 536 1981 577 ad

249 611 411 652 bonum
433 611 628 664 generale
650 609 865 651 Ecclesiae
888 609 1162 662 ejusdemque
1188 609 1286 661 Jura
1318 620 1368 649 ac
1402 608 1669 660 disciplinam
1694 611 1887 659 spectare
1910 607 1984 647 de-

250 683 446 731 claratur,
470 681 701 725 dummodo
723 680 819 721 fidei
840 692 1093 733 morumque
1114 680 1314 731 dogmata
1336 691 1422 720 non
1446 679 1664 730 attingant,
1686 689 1812 730 posse
1835 689 1982 718 assen-

250 766 343 794 sum
376 758 417 794 et
448 752 732 794 obedientiam
755 751 981 792 detrectari
1002 751 1165 804 absque
1187 755 1365 803 peccato
1395 754 1436 791 et
1459 749 1620 803 absque
1642 749 1726 790 ulla
1749 748 1987 789 catholicae

249 823 522 876 professionis
539 824 742 876 J'actura.“
781 823 1002 865 Damnatis
1016 827 1160 863 autem
1174 821 1362 875 pluribus
1378 820 1648 873 opinionibus
1669 819 1728 860 ita
1751 818 1982 860 concludit:

257 893 436 945 „Omnes
458 898 500 936 et
520 895 706 947 singulas
720 907 874 947 pravas
890 895 1112 946 opiniones
1134 905 1184 933 ac
1207 893 1423 934 doctrinas
1445 890 1685 943 singillatim
1707 890 1824 931 hisce
1845 890 1978 930 literis

250 969 608 1006 commemoratas
630 966 884 1006 auctoritate
914 969 1061 1006 nostra
1091 963 1327 1017 apostolica
1350 962 1645 1015 reprobamus,
1677 961 1987 1014 proscribimus

250 1041 376 1089 atque
398 1036 665 1085 damnamus,
689 1047 846 1089 easque
870 1036 923 1077 ab
947 1035 1143 1076 omnibus
1164 1034 1400 1076 catholicae
1414 1033 1627 1074 Ecclesiae
1650 1031 1742 1073 filiis
1765 1032 1892 1073 veluti
1914 1043 1985 1072 re-

248 1106 464 1159 probatas,
495 1107 754 1159 proscriptas
787 1111 913 1160 atque
944 1106 1170 1147 damnatas
1194 1105 1367 1147 omnino
1389 1104 1539 1145 haberi
1561 1103 1756 1144 volumus
1790 1108 1831 1143 et
1863 1115 1984 1143 man-

249 1178 434 1222 damus¹⁴

367 1261 409 1304 3.
442 1260 556 1301 Idem
588 1261 713 1313 exigit
743 1260 1014 1301 revelationis
1037 1259 1204 1300 divinae
1237 1264 1277 1300 et
1309 1259 1585 1300 ecclesiastici
1618 1258 1849 1310 magisterii
1881 1258 1984 1300 finis

248 1330 394 1384 Neque
417 1332 530 1372 enim
552 1345 594 1375 a.
617 1332 817 1372 veritates
831 1331 1044 1372 revelatae
1059 1335 1157 1371 sunt
1171 1331 1336 1371 semina
1351 1334 1532 1379 mortua,
1553 1329 1791 1378 infecunda,
1814 1329 1989 1377 sterilia,

249 1402 324 1444 sed
345 1414 447 1443 vera
469 1402 687 1455 principia,
709 1402 873 1443 semina
888 1401 1080 1450 fecunda,
1102 1413 1212 1454 quae
1225 1400 1436 1452 gradatim
1458 1400 1536 1441 sub
1552 1400 1785 1442 directione
1807 1413 1838 1441 s.
1854 1398 1985 1452 Spiri-

247 1478 314 1514 tus
337 1473 550 1514 mediante
572 1473 817 1525 magisterio
841 1473 1142 1521 ecclesiastico,
1166 1476 1425 1524 cooperante
1448 1472 1625 1512 rationis
1647 1471 1816 1520 lumine,
1842 1475 1977 1512 totam

247 1545 378 1584 vitam
399 1543 727 1585 intellectualem
746 1544 777 1598 1)
810 1548 851 1584 et
881 1543 1101 1592 moralem,
1131 1543 1344 1584 internam
1376 1547 1417 1583 et
1449 1546 1669 1583 externam
1692 1541 1978 1594 socialemque

248 1615 442 1656 fermenti
456 1616 590 1656 instar
603 1615 850 1667 pervadere,
865 1616 1068 1662 animare,
1081 1613 1297 1666 perficere,
1313 1613 1481 1654 elevare
1495 1612 1670 1653 debent:
1688 1613 1850 1665 justum
1867 1613 1980 1653 enim

248 1696 299 1725 ex
320 1684 401 1726 fide
415 1686 557 1726 vivere
580 1690 767 1738 oportet3
789 1686 984 1727 homines
1006 1698 1108 1726 vero
1131 1686 1176 1728 b.
1199 1685 1243 1724 in
1265 1684 1424 1725 mundo
1448 1683 1648 1735 degentes
1670 1684 1740 1724 via
1762 1684 1982 1736 experien-

247 1757 343 1805 tiae,
385 1757 563 1797 rationis
598 1757 946 1809 auctoritatisque
981 1757 1195 1797 humanae
1230 1760 1307 1796 etc.
1349 1755 1595 1796 innumeras
1638 1754 1743 1795 alias
1782 1755 1982 1795 hauriunt

249 1827 533 1878 cognitiones;
563 1828 661 1868 hinc
693 1840 732 1871 c.
765 1832 916 1879 sponte
947 1839 1025 1868 sua
1056 1826 1273 1878 multiplex
1299 1826 1459 1866 orietur
1480 1825 1650 1866 habitus
1673 1826 1986 1866 consonantiae

247 1897 314 1938 vel
348 1897 637 1939 dissonantiae
672 1910 747 1939 seu
782 1899 910 1939 etiam
944 1909 1109 1951 pugnae
1143 1898 1252 1938 inter
1282 1896 1483 1937 veritates
1515 1895 1611 1937 fidei
1644 1901 1685 1937 et
1717 1897 1983 1948 cognitiones

248 1967 417 2009 aliunde
438 1969 626 2019 haustas,
649 1969 763 2022 quod
785 1970 913 2010 etiam
936 1973 1114 2010 testatur
1137 1968 1408 2021 experientia.
1451 1966 1565 2008 Haec
1589 1972 1730 2008 autem
1765 1968 1811 2010 d.
1845 1967 1982 2008 disso-

247 2040 394 2086 nantia
415 2040 481 2080 vel
502 2052 643 2092 pugna
663 2040 812 2089 latens,
838 2040 919 2080 nisi
941 2040 1183 2081 authentice
1206 2038 1500 2080 manifestetur
1531 2043 1572 2078 et
1603 2038 1851 2087 declaretur,
1882 2050 1979 2079 ver-

247 2109 326 2149 mis
348 2110 483 2151 instar
504 2110 677 2151 arrodet
707 2110 803 2151 fidei
833 2109 1122 2159 fundamenta,
1154 2110 1355 2162 vigorem,
1386 2109 1579 2151 fructum.
1624 2107 1765 2160 Quare
1786 2108 1974 2149 Ecclesia

247 2184 289 2220 et
311 2180 365 2221 ad
387 2180 590 2222 tuendum
612 2181 708 2222 fidei
730 2181 969 2233 depositum
992 2185 1033 2222 et
1054 2180 1235 2221 fructum
1261 2181 1305 2221 in
1326 2180 1508 2221 fidelium
1532 2179 1756 2220 utilitatem
1778 2191 1855 2231 pro
1881 2179 1983 2219 diri-

247 2250 385 2302 genda
405 2252 604 2293 universa
625 2252 712 2293 vita
732 2251 941 2304 religiosa,
964 2251 1245 2300 intellectuali,
1268 2251 1419 2299 ethica,
1441 2250 1589 2291 sociali
1610 2261 1863 2290 concessum
1881 2250 1979 2302 jure

246 2322 372 2374 potiri
386 2322 512 2364 debet
525 2323 768 2364 authentice
781 2322 1134 2375 infallibiliterque
1150 2322 1369 2374 Judicandi
1391 2322 1442 2362 de
1466 2321 1673 2373 ejusmodi
1687 2320 1979 2361 dissonantiae

245 2391 404 2434 habitu.
447 2392 566 2434 Unde
587 2393 801 2434 Ecclesiae
832 2393 1103 2434 infallibilitas
1134 2393 1244 2433 ultra
1276 2392 1546 2433 revelationis
1578 2391 1817 2443 depositum
1842 2392 1980 2444 porri-

245 2463 364 2515 gitur,
387 2475 517 2516 seque
541 2464 728 2505 extendit
749 2465 878 2505 etiam
899 2477 940 2508 a.
966 2463 1019 2504 ad
1042 2462 1335 2515 dijudicandos
1358 2474 1602 2512 errores,
1635 2462 1707 2515 qui
1728 2462 1980 2503 revelationi

245 2533 338 2586 plus
362 2535 552 2576 minusve
575 2535 874 2583 adversantur;
910 2536 953 2578 b.
986 2535 1041 2575 ad
1071 2534 1462 2574 conclusiones
1494 2534 1581 2574 sive
1614 2533 1871 2574 theoreticas
1894 2530 2052 2574 siveffl‘

246 2604 468 2656 practicas,
504 2616 614 2657 quae
644 2605 845 2646 veritates
876 2604 1086 2645 revelatas
1119 2608 1438 2656 consequuntur
1470 2608 1510 2644 et
1543 2604 1586 2644 in
1617 2603 1769 2656 quibus
1802 2538 2175 2666 magnussblzps'fi⁴

1978 2688 2043 2748 ’με

394 2779 416 2824 ¹)
434 2779 632 2814 Verissime
651 2779 777 2814 scribit
795 2779 949 2814 eeclesia¹
967 2780 1014 2814 lu
1025 2793 1049 2825 g
1061 2781 1154 2814 dun
1167 2791 1185 2814 e
1196 2793 1221 2814 n
1232 2781 1297 2814 sis
1327 2792 1389 2815 seu
1408 2781 1516 2825 hujus
1535 2782 1684 2815 nomine
1703 2781 1785 2815 Flo
1797 2793 1814 2814 1·
1824 2793 1848 2815 u
1861 2794 1875 2814 s
1904 2782 1981 2815 (lia-

245 2842 357 2865 conus
375 2833 456 2866 adv.
474 2834 657 2868 Joannem
675 2832 823 2867 Scotum
844 2845 872 2867 c.
893 2836 936 2868 18
955 2834 1004 2874 (M
1016 2834 1027 2867 i
1039 2844 1139 2878 gne.
1162 2836 1236 2874 119,
1255 2836 1359 2879 231):
1393 2834 1523 2873 „Omni
1541 2835 1642 2869 fideli
1657 2835 1800 2869 homini
1819 2835 1979 2879 primum

244 2885 532 2930 vigilantissime
552 2886 723 2921 discenda
742 2887 798 2921 est
814 2887 949 2920 veritas
978 2886 1063 2921 fidei
1082 2898 1125 2921 ex
1144 2888 1368 2922 auctoritate
1387 2887 1656 2932 Scripturarum
1674 2887 1752 2927 Dei,
1771 2889 1813 2921 ut
1831 2888 1859 2921 si
1891 2888 1978 2931 quid

246 2940 376 2983 postea
392 2939 436 2973 de
454 2940 590 2974 eisdem
608 2940 779 2975 humanis
797 2941 913 2975 literis
932 2941 990 2986 (de
1008 2942 1144 2985 quibus
1163 2953 1280 2976 sermo
1295 2943 1387 2986 erat)
1406 2942 1528 2986 legere
1547 2943 1613 2976 aut
1631 2943 1722 2976 scire
1740 2952 1883 2975 necesse
1904 2941 1977 2975 fue-

244 2992 304 3033 rit,
324 2993 444 3026 totum
463 2993 586 3026 exilia
605 2993 729 3027 divina
756 2994 977 3028 auctoritate
996 2996 1033 3028 et
1050 2994 1135 3029 fidei
1153 2995 1309 3029 veritate
1337 2995 1578 3039 dijudicetur:
1609 2996 1649 3029 ut
1677 2995 1706 3028 si
1734 2993 1823 3037 quid
1851 2994 1903 3027 ibi
1932 2995 1978 3027 ab

244 3045 321 3090 ejus
339 3045 470 3089 regula
485 3055 560 3079 non
578 3046 770 3087 discordat,
789 3047 926 3091 absque
939 3047 1104 3091 periculo
1121 3048 1342 3092 recipiatur:
1373 3048 1552 3091 quidquid
1580 3050 1702 3082 autem
1731 3048 1776 3080 ab
1805 3057 1843 3080 ea
1866 3047 1979 3080 disso-

243 3108 331 3131 nare
349 3098 546 3138 invenitur,
564 3099 669 3142 quasi
688 3099 918 3133 mortiferum
935 3100 1138 3143 respuatur.
1149 3108 1162 3122 <

2043 2501 2175 2546 ψωθ-

2058 2711 2157 2741 ψαυ-
