2175 3382
735 102 872 135 fuctum
895 113 966 136 non
986 102 1131 136 videtur
1149 103 1308 137 evidens.
1814 111 1889 151 111

162 223 271 263 Deus
293 220 464 268 revelat,
479 231 625 260 verum
649 224 724 268 est,
748 232 856 272 quae
880 222 1111 272 propositio
1136 226 1199 261 est
1221 222 1403 262 evidens.
1427 222 1551 275 Atqui
1568 224 1678 265 Deus
1692 225 1894 266 revelavit

162 305 207 334 se
230 304 322 334 esse
344 304 475 332 unum
498 295 539 331 et
561 290 728 330 trinum.
761 289 867 341 Ergo
899 291 1009 330 D‘eus
1032 295 1093 330 est
1116 304 1225 331 unus
1248 297 1288 332 et
1312 293 1455 336 1111135,
1497 293 1589 334 Jam
1615 306 1714 335 vero
1738 296 1772 335 si
1795 308 1894 347 pro-

162 364 313 417 positio
346 362 595 414 subsumpta
627 373 702 402 seu
734 361 971 413 praemissa
1003 362 1142 401 minor
1172 363 1441 403 revelationis
1475 364 1629 404 sactum
1662 366 1892 406 enuncians

162 434 318 487 pariter
341 437 452 474 esset
474 432 658 480 evidens,
693 431 865 472 evidens
890 431 996 472 foret
1018 432 1254 479 conclusio;
1288 432 1523 473 evidentiae
1546 440 1686 475 autom
1711 441 1773 475 est
1796 448 1892 487 pro-

162 505 297 558 prium
320 503 374 544 ad
397 503 689 544 assensionem
705 502 771 542 vel
786 502 961 542 invitum
985 502 1282 547 determinare,
1306 502 1412 553 Ergo
1437 506 1676 545 necessario
1701 518 1775 557 pro
1792 518 1890 547 vero

162 576 390 616 haberetur
412 587 464 615 ss.
479 573 695 613 Trinitatis
719 573 977 625 mysterium,
1001 572 1114 625 quod
1137 573 1214 613 etsi
1239 572 1344 613 forte
1369 586 1452 613 non
1476 586 1645 615 omnem
1663 575 1893 617 tideiliber-

161 651 291 687 tatem
316 644 567 693 excluderet,
589 643 702 684 haud
726 655 877 694 parum
901 648 1045 684 tamen
1068 643 1157 695 ejus
1182 644 1378 684 meritum
1402 645 1618 685 minueret.

278 727 390 769 Sane
414 728 520 768 haec
543 731 607 767 est
629 727 749 775 ratio,
773 739 904 779 quare
928 727 1139 779 quaedam
1162 726 1274 766 facta
1297 726 1349 767 ab
1372 727 1613 768 hominibus
1627 729 1812 769 revelata
1831 730 1895 770 vel

160 799 279 841 inviti
300 810 401 839 vera
432 797 667 846 credamus,
700 797 798 850 quia
831 797 1002 838 evidens
1034 797 1157 837 nobis
1190 802 1254 838 651
1286 797 1512 838 multorum
1549 798 1767 839 hominum
1791 812 1893 840 con-

161 870 438 924 spirationem
471 868 596 909 certis
627 868 669 908 in
696 868 905 920 adjunctis
929 868 1116 908 veritatis
1140 879 1233 908 esse
1256 868 1481 916 criterium,
1514 872 1555 908 61
1577 868 1749 909 evidens
1773 870 1894 910 nobis

164 941 322 994 pariter
343 950 471 992 saepe
494 944 558 980 est
580 939 674 979 talis
698 939 917 979 hominum
941 939 1199 991 conspiratio
1223 950 1297 979 seu
1321 937 1477 978 factum
1492 940 1829 991 conspirationis,
1852 946 1897 981 ut

159 1025 223 1054 ex.
246 1025 304 1064 gr.
327 1012 440 1052 circa
463 1009 685 1050 Americae
708 1009 1011 1050 exsistentiam.

279 1096 320 1139 2.
343 1095 457 1136 Idem
488 1098 667 1135 testatur
698 1095 925 1146 unicuique
953 1094 1123 1146 propria
1147 1095 1417 1145 experientia.
1460 1093 1605 1147 Neque
1628 1095 1738 1135 enim
1762 1096 1819 1134 ita
1842 1094 1895 1134 ad

160 1166 501 1219 amplectendum
534 1165 804 1206 revelationis
836 1165 993 1205 factum
1026 1165 1370 1213 determinamur,
1402 1171 1448 1206 ut
1471 1178 1576 1218 opus
1600 1178 1685 1205 non
1708 1166 1759 1205 sit
1782 1165 1893 1205 bona

158 1237 376 1278 voluntate
407 1242 448 1278 et
479 1236 735 1290 quandoque
767 1248 924 1287 magna
945 1236 1173 1276 voluntatis
1206 1238 1376 1289 energia
1408 1237 1462 1278 ad
1494 1237 1732 1289 spernenda
1756 1236 1894 1284 dubia,

161 1320 270 1361 quae
293 1309 335 1348 in
358 1307 481 1349 nobis
503 1308 736 1360 insurgunt,
759 1311 800 1348 et
823 1307 876 1347 ad
899 1307 1130 1347 vincendas
1153 1306 1428 1357 difficultates,
1462 1320 1571 1360 quae
1595 1319 1639 1348 se
1664 1311 1894 1359 opponunt.

160 1369 355 1432 quaeque
377 1382 573 1431 proptam
596 1378 832 1419 intellectus
855 1378 1149 1418 assensionem
1171 1383 1450 1421 remorantur.

277 1463 320 1505 3.
344 1461 458 1503 Idem
480 1461 686 1514 probatur
710 1473 760 1501 ex
776 1465 929 1501 natura
944 1461 1318 1502 demonstrationis
1333 1461 1497 1510 allatae,
1522 1472 1630 1513 quae
1645 1460 1697 1500 ad
1714 1461 1890 1500 1011113111

158 1533 435 1574 scientificam
459 1533 634 1574 redacta
655 1532 769 1573 haud
792 1532 965 1584 paulum
989 1536 1052 1572 est
1074 1532 1296 1583 complexa
1319 1536 1360 1573 et
1382 1544 1509 1584 quam
1532 1531 1712 1583 plurima
1734 1543 1889 1583 suppo-

157 1605 237 1644 nit:
261 1616 343 1656 quo
367 1615 468 1645 vero
492 1603 625 1655 magis
649 1603 871 1655 complexa
904 1607 966 1643 est
989 1603 1130 1655 aliqua
1153 1602 1458 1643 demonstratio
1483 1606 1523 1642 et
1545 1613 1628 1653 quo
1651 1601 1770 1653 plura
1792 1614 1890 1653 sup-

158 1675 287 1727 ponit,
323 1686 374 1715 eo
397 1674 534 1715 rarius
558 1678 621 1714 est
644 1674 829 1722 evidens,
863 1678 949 1714 tum
975 1673 1028 1713 ob
1052 1673 1205 1713 mentis
1228 1677 1399 1713 nostrae
1423 1672 1649 1724 angustias,
1681 1672 1800 1723 cujus
1822 1672 1891 1711 lux

159 1758 241 1798 quo
264 1744 452 1798 pluribus
487 1744 748 1793 distenditur,
781 1756 831 1784 eo
864 1744 1040 1784 minoris
1073 1748 1134 1783 est
1165 1743 1431 1790 intensionis;
1465 1747 1553 1783 tum
1585 1746 1756 1794 propter
1778 1742 1893 1782 dubii

158 1816 307 1857 saltem
330 1817 606 1868 imprudentis
630 1816 962 1868 possibilitatem,
987 1827 1095 1868 quae
1119 1815 1270 1855 crescit
1292 1815 1331 1854 in
1357 1815 1521 1854 ratione
1545 1813 1704 1854 directa
1726 1814 1891 1853 numeri

159 1887 386 1928 veritatum
408 1892 448 1927 et
471 1887 691 1935 factorum,
716 1899 825 1939 quae
850 1886 902 1926 ad
918 1886 1326 1926 demonstrationem
1344 1884 1628 1937 praesupponi
1644 1883 1807 1924 debent.
1832 1883 1892 1924 lta

159 1970 222 1998 ex.
243 1970 299 2009 gr.
321 1962 616 2010 argumentum
641 1969 691 1998 ex
715 1957 922 1997 vaticiniis
946 1957 1169 1997 messianis
1192 1956 1390 2008 supponit
1413 1955 1714 2007 genuinitatem
1738 1966 1891 1994 eorun-

159 2029 267 2078 dem,
290 2029 573 2081 integritatem
596 2040 731 2080 usque
754 2028 807 2068 ad
828 2032 976 2068 nostra
996 2031 1201 2079 tempora,
1217 2026 1456 2067 versionem
1480 2025 1891 2077 interpretationem-

158 2111 239 2152 que
260 2099 490 2151 legitimam
514 2103 555 2140 et
577 2103 751 2148 certam,
774 2099 995 2139 veritatem
1019 2110 1178 2146 eorum,
1201 2109 1310 2150 quae
1334 2097 1385 2137 de
1409 2095 1575 2137 Christo
1599 2096 1639 2135 in
1660 2094 1892 2146 Evangeliis

161 2169 353 2222 leguntur
376 2174 452 2213 etc,
495 2169 590 2211 Jam
613 2181 714 2210 vero
739 2173 842 2222 quot
864 2168 1004 2217 dubia,
1034 2172 1137 2221 quot
1158 2166 1423 2208 difficultates
1447 2165 1624 2207 subinde
1645 2165 1759 2206 haud
1781 2165 1893 2206 leves

158 2244 308 2282 contra
329 2241 494 2293 singula
516 2241 623 2281 haec
645 2240 864 2292 supposita
886 2243 1130 2292 proponunt
1151 2238 1350 2287 infideles,
1373 2242 1578 2290 quantum
1601 2237 1785 2277 excitant
1800 2236 1891 2287 pul-

161 2322 316 2361 verem,
337 2316 384 2352 ut
405 2323 553 2352 eorum
577 2311 832 2352 evidentiam
857 2310 1108 2351 obfuscent‘?

161 2448 164 2451 ‚
277 2397 343 2438 97.
366 2395 729 2438 Demonstratio
752 2407 794 2448 p.
811 2394 878 2436 II.
896 2393 1181 2433 Revelationis
1202 2391 1371 2439 factum,
1394 2391 1471 2431 etsi
1492 2403 1577 2431 non
1593 2389 1775 2437 evidens,
1800 2401 1893 2429 esse

162 2468 369 2505 certum
393 2468 435 2505 et
455 2464 626 2517 quidem
648 2463 910 2512 certitudine,
933 2474 1042 2515 quae
1065 2462 1261 2503 excludat
1283 2472 1409 2502 omne
1432 2460 1604 2501 dubium
1627 2460 1821 2512 prudens,

1931 2525 1969 2544 b
2014 2522 2072 2547 ἐή,
2091 2518 2130 2525 ..‚..
2142 2522 2146 2524 ,

280 2547 322 2590 1.
346 2551 462 2599 patet
495 2559 545 2588 ex
569 2546 766 2587 omnibus
795 2546 1053 2597 argumentis
1077 2545 1129 2586 ad
1153 2544 1251 2585 illud
1274 2543 1540 2596 probandum
1565 2542 1712 2590 allatis,
1745 2546 1891 2582 contra
1930 2560 1969 2599 3.-
2007 2553 2058 2586 ,1,1
2082 2570 2086 2573 .
2134 2565 2137 2568 -
2174 2596 2175 2599 ¹

161 2628 270 2670 quae
291 2617 452 2658 nullum
474 2617 648 2658 dubium
671 2617 856 2669 prudens
879 2616 1041 2657 moveri
1063 2619 1213 2667 potest,
1237 2626 1371 2667 eaque
1394 2618 1557 2655 tantum
1575 2613 1730 2665 opponi
1744 2611 1891 2652 solent.
1910 2644 1921 2669 ,—
1943 2621 2005 2666 ,Α

160 2687 312 2740 quibus
334 2688 445 2729 serio
469 2688 664 2728 admissis
688 2688 843 2729 veritas
866 2687 1040 2739 quaevis
1063 2686 1265 2726 historica
1287 2685 1611 2726 subverteretur.
1903 2729 1973 2789 61
2036 2739 2045 2743 -

1992 2753 2046 2775 :34-

278 2773 321 2814 2.
344 2769 466 2812 Patet
488 2783 539 2811 ex
562 2770 723 2819 effectu,
748 2783 847 2811 nam
871 2770 1035 2810 illorum
1059 2769 1246 2821 pondere
1269 2768 1450 2820 permoti
1471 2766 1679 2807 innumeri
1700 2765 1890 2805 1103111165

163 2841 287 2890 docti,
319 2842 390 2893 qui
419 2854 526 2882 sana
556 2842 722 2882 ratione
754 2841 941 2881 caruisse
977 2840 1301 2892 diligentemque
1324 2837 1557 2889 neglexisse
1579 2836 1888 2887 inquisitionem

163 2911 316 2964 injuria
345 2911 596 2962 dicerentur,
639 2912 763 2953 fidem
797 2911 1072 2952 christianam
1102 2906 1280 2950 immota
1312 2907 1552 2949 constantia
1584 2911 1679 2946 sunt
1711 2903 1890 2955 amplexi

162 2982 314 3034 spretis
345 2982 542 3024 omnibus
573 2982 855 3035 praejudiciis,
884 2981 1084 3032 neglectis
1107 2979 1304 3020 omnibus
1327 2975 1634 3030 objectionibus
1659 2975 1697 3014 in
1722 2977 1889 3013 contra-

162 3052 282 3101 rium,
303 3052 422 3093 victis
445 3052 641 3094 omnibus
663 3051 975 3094 difficultatibus
998 3050 1172 3091 internis
1196 3054 1236 3090 et
1259 3048 1452 3090 externis.
