<?xml version="1.0" encoding="UTF-8"?>
<!DOCTYPE html PUBLIC "-//W3C//DTD XHTML 1.0 Transitional//EN"
    "http://www.w3.org/TR/xhtml1/DTD/xhtml1-transitional.dtd">
<html xmlns="http://www.w3.org/1999/xhtml" xml:lang="en" lang="en">
 <head>
  <title>
</title>
<meta http-equiv="Content-Type" content="text/html;charset=utf-8" />
  <meta name='ocr-system' content='tesseract 3.04.00' />
  <meta name='ocr-capabilities' content='ocr_page ocr_carea ocr_par ocr_line ocrx_word'/>
</head>
<body>
  <div class='ocr_page' id='page_1' title='image "./theologiaedogmat01hurt/theologiaedogmat01hurt_0501.png"; bbox 0 0 2175 3382; ppageno 0'>
   <div class='ocr_carea' id='block_1_1' title="bbox 724 111 1947 156">
    <p class='ocr_par' dir='ltr' id='par_1_1' title="bbox 724 111 1947 156">
     <span class='ocr_line' id='line_1_1' title="bbox 724 111 1947 156; baseline -0.002 -11"><span class='ocrx_word' id='word_1_1' title='bbox 724 111 893 146; x_wconf 82' lang='lat' dir='ltr'>credendi</span> <span class='ocrx_word' id='word_1_2' title='bbox 913 112 987 146; x_wconf 89' lang='lat' dir='ltr'>Deo</span> <span class='ocrx_word' id='word_1_3' title='bbox 1007 122 1157 146; x_wconf 83' lang='lat' dir='ltr'>assensu</span> <span class='ocrx_word' id='word_1_4' title='bbox 1174 122 1282 156; x_wconf 83' lang='lat' dir='ltr'>super</span> <span class='ocrx_word' id='word_1_5' title='bbox 1300 111 1434 144; x_wconf 87' lang='lat' dir='ltr'>omnia.</span> <span class='ocrx_word' id='word_1_6' title='bbox 1861 112 1947 155; x_wconf 75' lang='lat'>491</span> 
     </span>
    </p>
   </div>
   <div class='ocr_carea' id='block_1_2' title="bbox 221 227 1952 491">
    <p class='ocr_par' dir='ltr' id='par_1_2' title="bbox 221 227 1952 491">
     <span class='ocr_line' id='line_1_2' title="bbox 222 227 1950 282; baseline -0.002 -11"><span class='ocrx_word' id='word_1_7' title='bbox 222 230 412 272; x_wconf 91' lang='lat' dir='ltr'>omnium</span> <span class='ocrx_word' id='word_1_8' title='bbox 435 230 690 271; x_wconf 89' lang='lat' dir='ltr'>motivorum</span> <span class='ocrx_word' id='word_1_9' title='bbox 714 235 778 271; x_wconf 90' lang='lat' dir='ltr'>est</span> <span class='ocrx_word' id='word_1_10' title='bbox 799 230 1104 282; x_wconf 84' lang='lat' dir='ltr'>gravissimum.</span> <span class='ocrx_word' id='word_1_11' title='bbox 1146 229 1293 271; x_wconf 88' lang='lat' dir='ltr'>Merito</span> <span class='ocrx_word' id='word_1_12' title='bbox 1327 229 1450 280; x_wconf 83' lang='lat' dir='ltr'>igitur</span> <span class='ocrx_word' id='word_1_13' title='bbox 1471 228 1596 269; x_wconf 88' lang='lat' dir='ltr'>Pius</span> <span class='ocrx_word' id='word_1_14' title='bbox 1618 227 1682 268; x_wconf 89' lang='lat' dir='ltr'>IX.</span> <span class='ocrx_word' id='word_1_15' title='bbox 1707 227 1730 268; x_wconf 94' lang='lat' dir='ltr'>l.</span> <span class='ocrx_word' id='word_1_16' title='bbox 1764 240 1892 280; x_wconf 88' lang='lat' dir='ltr'>supra</span> <span class='ocrx_word' id='word_1_17' title='bbox 1915 240 1950 269; x_wconf 89' lang='grc'>0.</span> 
     </span>
     <span class='ocr_line' id='line_1_3' title="bbox 221 298 1952 353; baseline -0.002 -12"><span class='ocrx_word' id='word_1_18' title='bbox 221 301 365 342; x_wconf 85' lang='lat' dir='ltr'>docet:</span> <span class='ocrx_word' id='word_1_19' title='bbox 395 312 588 351; x_wconf 85' lang='lat' dir='ltr'>„omnem</span> <span class='ocrx_word' id='word_1_20' title='bbox 610 300 698 341; x_wconf 91' lang='lat' dir='ltr'>Deo</span> <span class='ocrx_word' id='word_1_21' title='bbox 722 301 909 353; x_wconf 86' lang='lat' dir='ltr'>loquenti</span> <span class='ocrx_word' id='word_1_22' title='bbox 931 300 1055 343; x_wconf 85' lang='lat' dir='ltr'>fidem</span> <span class='ocrx_word' id='word_1_23' title='bbox 1078 312 1172 342; x_wconf 87' lang='lat' dir='ltr'>esse</span> <span class='ocrx_word' id='word_1_24' title='bbox 1194 299 1472 340; x_wconf 84' lang='lat' dir='ltr'>habendam.“</span> <span class='ocrx_word' id='word_1_25' title='bbox 1522 298 1618 338; x_wconf 87' lang='lat' dir='ltr'>Ideo</span> <span class='ocrx_word' id='word_1_26' title='bbox 1642 299 1769 339; x_wconf 86' lang='lat' dir='ltr'>etiam</span> <span class='ocrx_word' id='word_1_27' title='bbox 1792 298 1952 339; x_wconf 83' lang='lat' dir='ltr'>Paulus</span> 
     </span>
     <span class='ocr_line' id='line_1_4' title="bbox 224 369 1947 423; baseline -0.002 -11"><span class='ocrx_word' id='word_1_28' title='bbox 224 372 391 422; x_wconf 85' lang='lat' dir='ltr'>exigere</span> <span class='ocrx_word' id='word_1_29' title='bbox 405 369 494 412; x_wconf 89' lang='lat' dir='ltr'>Gal.</span> <span class='ocrx_word' id='word_1_30' title='bbox 517 376 548 420; x_wconf 85' lang='lat' dir='ltr'>l,</span> <span class='ocrx_word' id='word_1_31' title='bbox 571 375 596 416; x_wconf 87' lang='grc'>8</span> <span class='ocrx_word' id='word_1_32' title='bbox 620 384 650 411; x_wconf 87' lang='grc'>3.</span> <span class='ocrx_word' id='word_1_33' title='bbox 673 372 819 423; x_wconf 78' lang='lat' dir='ltr'>potuit,</span> <span class='ocrx_word' id='word_1_34' title='bbox 842 377 886 412; x_wconf 91' lang='lat' dir='ltr'>ut</span> <span class='ocrx_word' id='word_1_35' title='bbox 909 371 1075 412; x_wconf 89' lang='lat' dir='ltr'>etiamsi</span> <span class='ocrx_word' id='word_1_36' title='bbox 1097 370 1271 422; x_wconf 84' lang='lat' dir='ltr'>angelus</span> <span class='ocrx_word' id='word_1_37' title='bbox 1295 370 1346 410; x_wconf 90' lang='lat' dir='ltr'>de</span> <span class='ocrx_word' id='word_1_38' title='bbox 1369 369 1488 410; x_wconf 89' lang='lat' dir='ltr'>coelo</span> <span class='ocrx_word' id='word_1_39' title='bbox 1512 369 1632 409; x_wconf 87' lang='lat' dir='ltr'>aliter</span> <span class='ocrx_word' id='word_1_40' title='bbox 1654 369 1836 417; x_wconf 77' lang='lat' dir='ltr'>doceret,</span> <span class='ocrx_word' id='word_1_41' title='bbox 1858 381 1947 410; x_wconf 86' lang='lat' dir='ltr'>non</span> 
     </span>
     <span class='ocr_line' id='line_1_5' title="bbox 223 442 942 491; baseline -0.003 -7"><span class='ocrx_word' id='word_1_42' title='bbox 223 442 430 491; x_wconf 81' lang='lat' dir='ltr'>audiatur,</span> <span class='ocrx_word' id='word_1_43' title='bbox 453 442 527 483; x_wconf 92' lang='lat' dir='ltr'>sed</span> <span class='ocrx_word' id='word_1_44' title='bbox 551 442 942 483; x_wconf 77' lang='lat' dir='ltr'>anathematizetur.</span> 
     </span>
    </p>
   </div>
   <div class='ocr_carea' id='block_1_3' title="bbox 217 521 1956 1217">
    <p class='ocr_par' dir='ltr' id='par_1_3' title="bbox 217 521 1956 1217">
     <span class='ocr_line' id='line_1_6' title="bbox 339 521 1950 577; baseline -0.004 -9"><span class='ocrx_word' id='word_1_45' title='bbox 339 526 381 568; x_wconf 74' lang='lat'>2.</span> <span class='ocrx_word' id='word_1_46' title='bbox 406 524 465 565; x_wconf 91' lang='lat' dir='ltr'>Ea</span> <span class='ocrx_word' id='word_1_47' title='bbox 487 524 589 566; x_wconf 89' lang='lat' dir='ltr'>fides</span> <span class='ocrx_word' id='word_1_48' title='bbox 612 525 730 577; x_wconf 89' lang='lat' dir='ltr'>isque</span> <span class='ocrx_word' id='word_1_49' title='bbox 753 536 954 567; x_wconf 82' lang='lat' dir='ltr'>assensus</span> <span class='ocrx_word' id='word_1_50' title='bbox 976 523 1064 565; x_wconf 91' lang='lat' dir='ltr'>Deo</span> <span class='ocrx_word' id='word_1_51' title='bbox 1087 523 1292 565; x_wconf 83' lang='lat' dir='ltr'>revelanti</span> <span class='ocrx_word' id='word_1_52' title='bbox 1315 527 1376 564; x_wconf 89' lang='lat' dir='ltr'>est</span> <span class='ocrx_word' id='word_1_53' title='bbox 1401 521 1673 570; x_wconf 79' lang='lat' dir='ltr'>exhibendus,</span> <span class='ocrx_word' id='word_1_54' title='bbox 1697 533 1822 574; x_wconf 92' lang='lat' dir='ltr'>quem</span> <span class='ocrx_word' id='word_1_55' title='bbox 1836 521 1950 562; x_wconf 91' lang='lat' dir='ltr'>Deus</span> 
     </span>
     <span class='ocr_line' id='line_1_7' title="bbox 221 592 1953 649; baseline -0.003 -12"><span class='ocrx_word' id='word_1_56' title='bbox 221 609 298 649; x_wconf 86' lang='lat' dir='ltr'>pro</span> <span class='ocrx_word' id='word_1_57' title='bbox 321 608 520 649; x_wconf 86' lang='lat' dir='ltr'>supremo</span> <span class='ocrx_word' id='word_1_58' title='bbox 544 608 620 637; x_wconf 85' lang='lat' dir='ltr'>suo</span> <span class='ocrx_word' id='word_1_59' title='bbox 644 596 827 648; x_wconf 87' lang='lat' dir='ltr'>primatu</span> <span class='ocrx_word' id='word_1_60' title='bbox 858 596 899 636; x_wconf 89' lang='lat' dir='ltr'>in</span> <span class='ocrx_word' id='word_1_61' title='bbox 932 595 1079 636; x_wconf 88' lang='lat' dir='ltr'>ordine</span> <span class='ocrx_word' id='word_1_62' title='bbox 1109 594 1380 636; x_wconf 79' lang='lat' dir='ltr'>intellectuali</span> <span class='ocrx_word' id='word_1_63' title='bbox 1412 598 1453 634; x_wconf 88' lang='lat' dir='ltr'>et</span> <span class='ocrx_word' id='word_1_64' title='bbox 1484 605 1567 645; x_wconf 89' lang='lat' dir='ltr'>qua</span> <span class='ocrx_word' id='word_1_65' title='bbox 1597 604 1764 633; x_wconf 89' lang='lat' dir='ltr'>summa</span> <span class='ocrx_word' id='word_1_66' title='bbox 1795 592 1953 632; x_wconf 86' lang='lat' dir='ltr'>veritas</span> 
     </span>
     <span class='ocr_line' id='line_1_8' title="bbox 217 665 1950 720; baseline -0.003 -12"><span class='ocrx_word' id='word_1_67' title='bbox 217 667 312 720; x_wconf 86' lang='lat' dir='ltr'>jure</span> <span class='ocrx_word' id='word_1_68' title='bbox 344 667 480 719; x_wconf 86' lang='lat' dir='ltr'>exigit.</span> <span class='ocrx_word' id='word_1_69' title='bbox 522 666 649 719; x_wconf 82' lang='lat' dir='ltr'>Atqui</span> <span class='ocrx_word' id='word_1_70' title='bbox 680 666 792 707; x_wconf 90' lang='lat' dir='ltr'>Deus</span> <span class='ocrx_word' id='word_1_71' title='bbox 823 667 931 707; x_wconf 88' lang='lat' dir='ltr'>sicut</span> <span class='ocrx_word' id='word_1_72' title='bbox 961 679 1173 707; x_wconf 91' lang='lat' dir='ltr'>summum</span> <span class='ocrx_word' id='word_1_73' title='bbox 1204 665 1365 706; x_wconf 90' lang='lat' dir='ltr'>bonum</span> <span class='ocrx_word' id='word_1_74' title='bbox 1397 665 1522 716; x_wconf 83' lang='lat' dir='ltr'>exigit</span> <span class='ocrx_word' id='word_1_75' title='bbox 1553 674 1743 704; x_wconf 87' lang='lat' dir='ltr'>amorem</span> <span class='ocrx_word' id='word_1_76' title='bbox 1777 674 1827 703; x_wconf 81' lang='lat' dir='ltr'>ex</span> <span class='ocrx_word' id='word_1_77' title='bbox 1860 667 1950 703; x_wconf 90' lang='lat' dir='ltr'>toto</span> 
     </span>
     <span class='ocr_line' id='line_1_9' title="bbox 225 733 1954 790; baseline -0.003 -12"><span class='ocrx_word' id='word_1_78' title='bbox 225 737 365 785; x_wconf 79' lang='lat' dir='ltr'>corde,</span> <span class='ocrx_word' id='word_1_79' title='bbox 394 738 464 790; x_wconf 91' lang='lat' dir='ltr'>qui</span> <span class='ocrx_word' id='word_1_80' title='bbox 486 738 539 778; x_wconf 90' lang='lat' dir='ltr'>sit</span> <span class='ocrx_word' id='word_1_81' title='bbox 560 749 687 790; x_wconf 86' lang='lat' dir='ltr'>super</span> <span class='ocrx_word' id='word_1_82' title='bbox 709 738 872 778; x_wconf 92' lang='lat' dir='ltr'>omnia:</span> <span class='ocrx_word' id='word_1_83' title='bbox 905 738 964 778; x_wconf 86' lang='lat' dir='ltr'>ita</span> <span class='ocrx_word' id='word_1_84' title='bbox 995 742 1040 778; x_wconf 90' lang='lat' dir='ltr'>ut</span> <span class='ocrx_word' id='word_1_85' title='bbox 1071 748 1239 778; x_wconf 89' lang='lat' dir='ltr'>summa</span> <span class='ocrx_word' id='word_1_86' title='bbox 1260 736 1418 776; x_wconf 86' lang='lat' dir='ltr'>veritas</span> <span class='ocrx_word' id='word_1_87' title='bbox 1440 735 1625 788; x_wconf 89' lang='lat' dir='ltr'>postulat</span> <span class='ocrx_word' id='word_1_88' title='bbox 1647 734 1772 774; x_wconf 90' lang='lat' dir='ltr'>fidem</span> <span class='ocrx_word' id='word_1_89' title='bbox 1795 733 1954 785; x_wconf 85' lang='lat' dir='ltr'>pariter</span> 
     </span>
     <span class='ocr_line' id='line_1_10' title="bbox 223 802 1952 859; baseline -0.003 -10"><span class='ocrx_word' id='word_1_90' title='bbox 223 820 275 849; x_wconf 84' lang='lat' dir='ltr'>ex</span> <span class='ocrx_word' id='word_1_91' title='bbox 297 812 387 849; x_wconf 88' lang='lat' dir='ltr'>toto</span> <span class='ocrx_word' id='word_1_92' title='bbox 412 807 551 856; x_wconf 88' lang='lat' dir='ltr'>corde,</span> <span class='ocrx_word' id='word_1_93' title='bbox 584 819 659 848; x_wconf 89' lang='lat' dir='ltr'>seu</span> <span class='ocrx_word' id='word_1_94' title='bbox 691 819 742 848; x_wconf 81' lang='lat' dir='ltr'>ex</span> <span class='ocrx_word' id='word_1_95' title='bbox 773 812 863 848; x_wconf 84' lang='lat' dir='ltr'>tota</span> <span class='ocrx_word' id='word_1_96' title='bbox 886 811 1039 855; x_wconf 85' lang='lat' dir='ltr'>mente,</span> <span class='ocrx_word' id='word_1_97' title='bbox 1071 807 1141 859; x_wconf 90' lang='lat' dir='ltr'>qui</span> <span class='ocrx_word' id='word_1_98' title='bbox 1163 811 1390 859; x_wconf 88' lang='lat' dir='ltr'>propterea</span> <span class='ocrx_word' id='word_1_99' title='bbox 1413 805 1608 847; x_wconf 78' lang='lat' dir='ltr'>excludat</span> <span class='ocrx_word' id='word_1_100' title='bbox 1630 816 1756 845; x_wconf 89' lang='lat' dir='ltr'>omne</span> <span class='ocrx_word' id='word_1_101' title='bbox 1778 802 1952 844; x_wconf 87' lang='lat' dir='ltr'>dubium</span> 
     </span>
     <span class='ocr_line' id='line_1_11' title="bbox 223 875 1952 933; baseline -0.003 -14"><span class='ocrx_word' id='word_1_102' title='bbox 223 879 512 922; x_wconf 84' lang='lat' dir='ltr'>deliberatum.</span> <span class='ocrx_word' id='word_1_103' title='bbox 555 879 676 919; x_wconf 68' lang='lat' dir='ltr'>Dixit</span> <span class='ocrx_word' id='word_1_104' title='bbox 699 883 835 920; x_wconf 77' lang='lat' dir='ltr'>autem</span> <span class='ocrx_word' id='word_1_105' title='bbox 858 878 1080 933; x_wconf 73' lang='lat' dir='ltr'>Philippus</span> <span class='ocrx_word' id='word_1_106' title='bbox 1104 878 1357 932; x_wconf 78' lang='lat' dir='ltr'>(eunucho):</span> <span class='ocrx_word' id='word_1_107' title='bbox 1390 878 1436 919; x_wconf 62' lang='lat' dir='ltr'>Sc·</span> <span class='ocrx_word' id='word_1_108' title='bbox 1470 877 1602 917; x_wconf 81' lang='lat' dir='ltr'>credis</span> <span class='ocrx_word' id='word_1_109' title='bbox 1630 890 1678 916; x_wconf 70' lang='lat' dir='ltr'>ex</span> <span class='ocrx_word' id='word_1_110' title='bbox 1709 881 1787 915; x_wconf 79' lang='lat' dir='ltr'>toto</span> <span class='ocrx_word' id='word_1_111' title='bbox 1820 875 1952 926; x_wconf 76' lang='lat' dir='ltr'>corde,</span> 
     </span>
     <span class='ocr_line' id='line_1_12' title="bbox 223 945 1951 1004; baseline -0.003 -14"><span class='ocrx_word' id='word_1_112' title='bbox 223 951 315 991; x_wconf 79' lang='lat' dir='ltr'>licet</span> <span class='ocrx_word' id='word_1_113' title='bbox 338 949 577 1004; x_wconf 84' lang='lat' dir='ltr'>(baptizari)</span> <span class='ocrx_word' id='word_1_114' title='bbox 600 948 692 989; x_wconf 87' lang='lat' dir='ltr'>Act.</span> <span class='ocrx_word' id='word_1_115' title='bbox 710 953 748 998; x_wconf 82' lang='lat'>8,</span> <span class='ocrx_word' id='word_1_116' title='bbox 772 953 837 993; x_wconf 79' lang='lat'>37.</span> <span class='ocrx_word' id='word_1_117' title='bbox 871 949 923 989; x_wconf 81' lang='lat' dir='ltr'>[n</span> <span class='ocrx_word' id='word_1_118' title='bbox 946 950 1260 1003; x_wconf 77' lang='lat' dir='ltr'>repromissione</span> <span class='ocrx_word' id='word_1_119' title='bbox 1282 950 1404 989; x_wconf 75' lang='lat' dir='ltr'>etiam</span> <span class='ocrx_word' id='word_1_120' title='bbox 1426 947 1506 988; x_wconf 80' lang='lat' dir='ltr'>Dei</span> <span class='ocrx_word' id='word_1_121' title='bbox 1528 961 1610 987; x_wconf 75' lang='lat' dir='ltr'>non</span> <span class='ocrx_word' id='word_1_122' title='bbox 1631 946 1849 987; x_wconf 65' lang='lat' dir='ltr'>haesitavit</span> <span class='ocrx_word' id='word_1_123' title='bbox 1870 945 1951 998; x_wconf 71' lang='lat' dir='ltr'>dif-</span> 
     </span>
     <span class='ocr_line' id='line_1_13' title="bbox 220 1015 1956 1075; baseline -0.004 -13"><span class='ocrx_word' id='word_1_124' title='bbox 220 1021 392 1075; x_wconf 77' lang='lat' dir='ltr'>fidentia</span> <span class='ocrx_word' id='word_1_125' title='bbox 410 1020 673 1074; x_wconf 84' lang='lat' dir='ltr'>(Abraham),</span> <span class='ocrx_word' id='word_1_126' title='bbox 696 1021 765 1061; x_wconf 80' lang='lat' dir='ltr'>sed</span> <span class='ocrx_word' id='word_1_127' title='bbox 788 1019 1043 1073; x_wconf 75' lang='lat' dir='ltr'>confortatus</span> <span class='ocrx_word' id='word_1_128' title='bbox 1065 1024 1121 1060; x_wconf 76' lang='lat' dir='ltr'>est</span> <span class='ocrx_word' id='word_1_129' title='bbox 1141 1020 1235 1073; x_wconf 78' lang='lat' dir='ltr'>fide,</span> <span class='ocrx_word' id='word_1_130' title='bbox 1258 1021 1366 1060; x_wconf 78' lang='lat' dir='ltr'>dans</span> <span class='ocrx_word' id='word_1_131' title='bbox 1384 1018 1561 1073; x_wconf 70' lang='lat' dir='ltr'>qloriam</span> <span class='ocrx_word' id='word_1_132' title='bbox 1587 1018 1697 1059; x_wconf 82' lang='lat' dir='ltr'>Deo:</span> <span class='ocrx_word' id='word_1_133' title='bbox 1716 1015 1956 1070; x_wconf 70' lang='lat' dir='ltr'>plenissime</span> 
     </span>
     <span class='ocr_line' id='line_1_14' title="bbox 224 1089 1956 1147; baseline -0.002 -15"><span class='ocrx_word' id='word_1_134' title='bbox 224 1093 367 1145; x_wconf 72' lang='lat' dir='ltr'>sciens,</span> <span class='ocrx_word' id='word_1_135' title='bbox 389 1093 488 1147; x_wconf 73' lang='lat' dir='ltr'>quia</span> <span class='ocrx_word' id='word_1_136' title='bbox 510 1104 774 1146; x_wconf 69' lang='lat' dir='ltr'>quaecunque</span> <span class='ocrx_word' id='word_1_137' title='bbox 790 1091 997 1145; x_wconf 71' lang='lat' dir='ltr'>promisit,</span> <span class='ocrx_word' id='word_1_138' title='bbox 1019 1095 1154 1145; x_wconf 76' lang='lat' dir='ltr'>potens</span> <span class='ocrx_word' id='word_1_139' title='bbox 1175 1094 1233 1130; x_wconf 76' lang='lat' dir='ltr'>est</span> <span class='ocrx_word' id='word_1_140' title='bbox 1253 1091 1401 1142; x_wconf 78' lang='lat' dir='ltr'>facere.</span> <span class='ocrx_word' id='word_1_141' title='bbox 1446 1089 1542 1129; x_wconf 80' lang='lat' dir='ltr'>Ideo</span> <span class='ocrx_word' id='word_1_142' title='bbox 1575 1093 1611 1129; x_wconf 82' lang='lat' dir='ltr'>et</span> <span class='ocrx_word' id='word_1_143' title='bbox 1642 1092 1875 1139; x_wconf 70' lang='lat' dir='ltr'>reputatum</span> <span class='ocrx_word' id='word_1_144' title='bbox 1898 1093 1956 1128; x_wconf 68' lang='lat' dir='ltr'>est</span> 
     </span>
     <span class='ocr_line' id='line_1_15' title="bbox 225 1161 1005 1217; baseline 0.001 -14"><span class='ocrx_word' id='word_1_145' title='bbox 225 1163 288 1203; x_wconf 75' lang='lat' dir='ltr'>illi</span> <span class='ocrx_word' id='word_1_146' title='bbox 311 1163 590 1217; x_wconf 75' lang='lat' dir='ltr'>adjustitiam</span> <span class='ocrx_word' id='word_1_147' title='bbox 614 1161 734 1203; x_wconf 83' lang='lat' dir='ltr'>Rom.</span> <span class='ocrx_word' id='word_1_148' title='bbox 757 1165 797 1211; x_wconf 76' lang='lat'>4,</span> <span class='ocrx_word' id='word_1_149' title='bbox 820 1164 1005 1206; x_wconf 76' lang='lat'>20—22.</span> 
     </span>
    </p>
   </div>
   <div class='ocr_carea' id='block_1_4' title="bbox 225 1245 1962 2827">
    <p class='ocr_par' dir='ltr' id='par_1_4' title="bbox 225 1245 1962 2827">
     <span class='ocr_line' id='line_1_16' title="bbox 344 1245 1955 1296; baseline -0.002 -11"><span class='ocrx_word' id='word_1_150' title='bbox 344 1246 386 1289; x_wconf 83' lang='lat'>3.</span> <span class='ocrx_word' id='word_1_151' title='bbox 419 1249 498 1285; x_wconf 92' lang='lat' dir='ltr'>Hoc</span> <span class='ocrx_word' id='word_1_152' title='bbox 529 1248 729 1285; x_wconf 84' lang='lat' dir='ltr'>inculcant</span> <span class='ocrx_word' id='word_1_153' title='bbox 760 1247 879 1284; x_wconf 89' lang='lat' dir='ltr'>etiam</span> <span class='ocrx_word' id='word_1_154' title='bbox 908 1248 1050 1296; x_wconf 88' lang='lat' dir='ltr'>patres.</span> <span class='ocrx_word' id='word_1_155' title='bbox 1091 1247 1152 1284; x_wconf 88' lang='lat' dir='ltr'>Ita</span> <span class='ocrx_word' id='word_1_156' title='bbox 1175 1247 1401 1284; x_wconf 86' lang='lat' dir='ltr'>Clemens</span> <span class='ocrx_word' id='word_1_157' title='bbox 1432 1247 1526 1283; x_wconf 82' lang='lat' dir='ltr'>alex.</span> <span class='ocrx_word' id='word_1_158' title='bbox 1551 1245 1691 1283; x_wconf 87' lang='lat' dir='ltr'>Strom.</span> <span class='ocrx_word' id='word_1_159' title='bbox 1723 1246 1748 1282; x_wconf 86' lang='lat'>1.</span> <span class='ocrx_word' id='word_1_160' title='bbox 1775 1252 1793 1285; x_wconf 79' lang='grc' dir='ltr'>Τ</span> <span class='ocrx_word' id='word_1_161' title='bbox 1821 1257 1850 1282; x_wconf 87' lang='grc'>0.</span> <span class='ocrx_word' id='word_1_162' title='bbox 1885 1251 1955 1284; x_wconf 83' lang='grc'>15;</span> 
     </span>
     <span class='ocr_line' id='line_1_17' title="bbox 227 1303 1954 1356; baseline -0.003 -11"><span class='ocrx_word' id='word_1_163' title='bbox 227 1308 341 1353; x_wconf 71' lang='lat' dir='ltr'>„Non</span> <span class='ocrx_word' id='word_1_164' title='bbox 364 1310 629 1356; x_wconf 80' lang='lat' dir='ltr'>exspectamus</span> <span class='ocrx_word' id='word_1_165' title='bbox 652 1306 922 1344; x_wconf 86' lang='lat' dir='ltr'>testimonium</span> <span class='ocrx_word' id='word_1_166' title='bbox 954 1306 1170 1350; x_wconf 89' lang='lat' dir='ltr'>hominum,</span> <span class='ocrx_word' id='word_1_167' title='bbox 1204 1306 1271 1343; x_wconf 88' lang='lat' dir='ltr'>sed</span> <span class='ocrx_word' id='word_1_168' title='bbox 1302 1318 1393 1343; x_wconf 88' lang='lat' dir='ltr'>voce</span> <span class='ocrx_word' id='word_1_169' title='bbox 1424 1305 1580 1342; x_wconf 86' lang='lat' dir='ltr'>Domini</span> <span class='ocrx_word' id='word_1_170' title='bbox 1610 1305 1819 1353; x_wconf 83' lang='lat' dir='ltr'>probamus</span> <span class='ocrx_word' id='word_1_171' title='bbox 1851 1303 1954 1351; x_wconf 86' lang='lat' dir='ltr'>quod</span> 
     </span>
     <span class='ocr_line' id='line_1_18' title="bbox 225 1362 1955 1416; baseline -0.003 -12"><span class='ocrx_word' id='word_1_172' title='bbox 225 1367 438 1416; x_wconf 87' lang='lat' dir='ltr'>quaeritur,</span> <span class='ocrx_word' id='word_1_173' title='bbox 462 1379 561 1415; x_wconf 89' lang='lat' dir='ltr'>quae</span> <span class='ocrx_word' id='word_1_174' title='bbox 582 1368 642 1403; x_wconf 89' lang='lat' dir='ltr'>est</span> <span class='ocrx_word' id='word_1_175' title='bbox 663 1365 789 1415; x_wconf 83' lang='lat' dir='ltr'>magis</span> <span class='ocrx_word' id='word_1_176' title='bbox 812 1365 886 1402; x_wconf 86' lang='lat' dir='ltr'>fide</span> <span class='ocrx_word' id='word_1_177' title='bbox 908 1365 1039 1414; x_wconf 82' lang='lat' dir='ltr'>digna,</span> <span class='ocrx_word' id='word_1_178' title='bbox 1064 1378 1180 1413; x_wconf 89' lang='lat' dir='ltr'>quam</span> <span class='ocrx_word' id='word_1_179' title='bbox 1203 1365 1363 1413; x_wconf 81' lang='lat' dir='ltr'>quaevis</span> <span class='ocrx_word' id='word_1_180' title='bbox 1394 1364 1684 1409; x_wconf 78' lang='lat' dir='ltr'>demonstratio,</span> <span class='ocrx_word' id='word_1_181' title='bbox 1717 1363 1780 1400; x_wconf 87' lang='lat' dir='ltr'>vel</span> <span class='ocrx_word' id='word_1_182' title='bbox 1810 1362 1955 1412; x_wconf 81' lang='lat' dir='ltr'>potius,</span> 
     </span>
     <span class='ocr_line' id='line_1_19' title="bbox 225 1421 1954 1475; baseline -0.003 -12"><span class='ocrx_word' id='word_1_183' title='bbox 225 1439 325 1475; x_wconf 90' lang='lat' dir='ltr'>quae</span> <span class='ocrx_word' id='word_1_184' title='bbox 348 1428 408 1462; x_wconf 85' lang='lat' dir='ltr'>est</span> <span class='ocrx_word' id='word_1_185' title='bbox 430 1425 512 1462; x_wconf 86' lang='lat' dir='ltr'>sola</span> <span class='ocrx_word' id='word_1_186' title='bbox 533 1425 825 1467; x_wconf 72' lang='lat' dir='ltr'>demonstratio,</span> <span class='ocrx_word' id='word_1_187' title='bbox 850 1436 920 1472; x_wconf 87' lang='lat' dir='ltr'>per</span> <span class='ocrx_word' id='word_1_188' title='bbox 941 1437 1059 1473; x_wconf 90' lang='lat' dir='ltr'>quam</span> <span class='ocrx_word' id='word_1_189' title='bbox 1080 1424 1295 1464; x_wconf 81' lang='lat' dir='ltr'>scientiam.</span> <span class='ocrx_word' id='word_1_190' title='bbox 1320 1424 1389 1472; x_wconf 90' lang='lat' dir='ltr'>qui</span> <span class='ocrx_word' id='word_1_191' title='bbox 1411 1424 1538 1460; x_wconf 91' lang='lat' dir='ltr'>solum</span> <span class='ocrx_word' id='word_1_192' title='bbox 1561 1425 1823 1472; x_wconf 75' lang='lat' dir='ltr'>gustaverunt</span> <span class='ocrx_word' id='word_1_193' title='bbox 1850 1421 1954 1458; x_wconf 88' lang='lat' dir='ltr'>Scri-</span> 
     </span>
     <span class='ocr_line' id='line_1_20' title="bbox 228 1480 1954 1533; baseline -0.003 -11"><span class='ocrx_word' id='word_1_194' title='bbox 228 1488 377 1533; x_wconf 82' lang='lat' dir='ltr'>pturas,</span> <span class='ocrx_word' id='word_1_195' title='bbox 401 1487 494 1522; x_wconf 86' lang='lat' dir='ltr'>sunt</span> <span class='ocrx_word' id='word_1_196' title='bbox 512 1484 686 1521; x_wconf 60' lang='lat' dir='ltr'>fideles«</span> <span class='ocrx_word' id='word_1_197' title='bbox 730 1483 854 1528; x_wconf 80' lang='lat' dir='ltr'>Quare</span> <span class='ocrx_word' id='word_1_198' title='bbox 878 1486 989 1520; x_wconf 88' lang='lat' dir='ltr'>acute</span> <span class='ocrx_word' id='word_1_199' title='bbox 1011 1485 1122 1520; x_wconf 86' lang='lat' dir='ltr'>notat</span> <span class='ocrx_word' id='word_1_200' title='bbox 1143 1483 1190 1527; x_wconf 89' lang='grc' dir='ltr'>ΙΙ,</span> <span class='ocrx_word' id='word_1_201' title='bbox 1217 1490 1262 1522; x_wconf 85' lang='lat'>4:</span> <span class='ocrx_word' id='word_1_202' title='bbox 1288 1483 1450 1521; x_wconf 85' lang='lat' dir='ltr'>..Fidem</span> <span class='ocrx_word' id='word_1_203' title='bbox 1474 1485 1602 1520; x_wconf 90' lang='lat' dir='ltr'>autem</span> <span class='ocrx_word' id='word_1_204' title='bbox 1628 1482 1808 1519; x_wconf 74' lang='lat' dir='ltr'>imitatur</span> <span class='ocrx_word' id='word_1_205' title='bbox 1822 1480 1954 1529; x_wconf 88' lang='lat' dir='ltr'>opinio</span> 
     </span>
     <span class='ocr_line' id='line_1_21' title="bbox 229 1539 1956 1591; baseline -0.003 -10"><span class='ocrx_word' id='word_1_206' title='bbox 229 1545 330 1582; x_wconf 83' lang='lat' dir='ltr'>sicut</span> <span class='ocrx_word' id='word_1_207' title='bbox 351 1544 530 1581; x_wconf 80' lang='lat' dir='ltr'>adulator</span> <span class='ocrx_word' id='word_1_208' title='bbox 553 1543 721 1580; x_wconf 91' lang='lat' dir='ltr'>amicum</span> <span class='ocrx_word' id='word_1_209' title='bbox 743 1547 783 1579; x_wconf 87' lang='lat' dir='ltr'>et</span> <span class='ocrx_word' id='word_1_210' title='bbox 804 1543 921 1591; x_wconf 89' lang='lat' dir='ltr'>lupus</span> <span class='ocrx_word' id='word_1_211' title='bbox 943 1547 1116 1579; x_wconf 82' lang='lat' dir='ltr'>canem.«</span> <span class='ocrx_word' id='word_1_212' title='bbox 1139 1564 1196 1569; x_wconf 89' lang='lat'>—-</span> <span class='ocrx_word' id='word_1_213' title='bbox 1219 1542 1255 1578; x_wconf 90' lang='lat' dir='ltr'>S.</span> <span class='ocrx_word' id='word_1_214' title='bbox 1277 1543 1308 1579; x_wconf 92' lang='lat' dir='ltr'><strong>B</strong></span> <span class='ocrx_word' id='word_1_215' title='bbox 1322 1541 1506 1588; x_wconf 85' lang='lat' dir='ltr'>asilius</span> <span class='ocrx_word' id='word_1_216' title='bbox 1528 1541 1661 1578; x_wconf 84' lang='lat' dir='ltr'>Moral.</span> <span class='ocrx_word' id='word_1_217' title='bbox 1677 1553 1706 1578; x_wconf 88' lang='lat' dir='ltr'>c.</span> <span class='ocrx_word' id='word_1_218' title='bbox 1725 1546 1797 1580; x_wconf 83' lang='lat'>22:</span> <span class='ocrx_word' id='word_1_219' title='bbox 1823 1539 1956 1584; x_wconf 77' lang='lat' dir='ltr'>‚Quid</span> 
     </span>
     <span class='ocr_line' id='line_1_22' title="bbox 228 1599 1955 1652; baseline -0.003 -12"><span class='ocrx_word' id='word_1_220' title='bbox 228 1605 286 1641; x_wconf 91' lang='lat' dir='ltr'>est</span> <span class='ocrx_word' id='word_1_221' title='bbox 306 1603 510 1652; x_wconf 90' lang='lat' dir='ltr'>proprium</span> <span class='ocrx_word' id='word_1_222' title='bbox 531 1603 649 1639; x_wconf 82' lang='lat' dir='ltr'>fidei?</span> <span class='ocrx_word' id='word_1_223' title='bbox 681 1602 791 1639; x_wconf 87' lang='lat' dir='ltr'>Certa</span> <span class='ocrx_word' id='word_1_224' title='bbox 822 1605 862 1638; x_wconf 89' lang='lat' dir='ltr'>et</span> <span class='ocrx_word' id='word_1_225' title='bbox 884 1601 1105 1638; x_wconf 85' lang='lat' dir='ltr'>indubitata</span> <span class='ocrx_word' id='word_1_226' title='bbox 1133 1601 1332 1649; x_wconf 84' lang='lat' dir='ltr'>persuasio</span> <span class='ocrx_word' id='word_1_227' title='bbox 1355 1601 1530 1638; x_wconf 87' lang='lat' dir='ltr'>veritatis</span> <span class='ocrx_word' id='word_1_228' title='bbox 1562 1600 1772 1637; x_wconf 88' lang='lat' dir='ltr'>verborum</span> <span class='ocrx_word' id='word_1_229' title='bbox 1803 1599 1955 1636; x_wconf 89' lang='lat' dir='ltr'>divino-</span> 
     </span>
     <span class='ocr_line' id='line_1_23' title="bbox 228 1658 1957 1710; baseline -0.003 -10"><span class='ocrx_word' id='word_1_230' title='bbox 228 1675 328 1707; x_wconf 89' lang='lat' dir='ltr'>rum,</span> <span class='ocrx_word' id='word_1_231' title='bbox 361 1674 459 1710; x_wconf 81' lang='lat' dir='ltr'>quae</span> <span class='ocrx_word' id='word_1_232' title='bbox 481 1662 592 1698; x_wconf 90' lang='lat' dir='ltr'>nulla</span> <span class='ocrx_word' id='word_1_233' title='bbox 613 1673 739 1709; x_wconf 89' lang='lat' dir='ltr'>neque</span> <span class='ocrx_word' id='word_1_234' title='bbox 772 1674 816 1697; x_wconf 80' lang='lat' dir='ltr'>ex</span> <span class='ocrx_word' id='word_1_235' title='bbox 839 1661 1010 1698; x_wconf 86' lang='lat' dir='ltr'>naturali</span> <span class='ocrx_word' id='word_1_236' title='bbox 1041 1660 1270 1698; x_wconf 84' lang='lat' dir='ltr'>necessitate</span> <span class='ocrx_word' id='word_1_237' title='bbox 1303 1660 1476 1704; x_wconf 84' lang='lat' dir='ltr'>inducta,</span> <span class='ocrx_word' id='word_1_238' title='bbox 1509 1671 1580 1697; x_wconf 89' lang='lat' dir='ltr'>nec</span> <span class='ocrx_word' id='word_1_239' title='bbox 1611 1659 1770 1708; x_wconf 88' lang='lat' dir='ltr'>pietatis</span> <span class='ocrx_word' id='word_1_240' title='bbox 1800 1658 1957 1695; x_wconf 89' lang='lat' dir='ltr'>nomine</span> 
     </span>
     <span class='ocr_line' id='line_1_24' title="bbox 228 1718 1958 1768; baseline -0.003 -9"><span class='ocrx_word' id='word_1_241' title='bbox 228 1721 357 1759; x_wconf 83' lang='lat' dir='ltr'>efficta</span> <span class='ocrx_word' id='word_1_242' title='bbox 377 1720 674 1758; x_wconf 83' lang='lat' dir='ltr'>ratiocinatione</span> <span class='ocrx_word' id='word_1_243' title='bbox 696 1719 953 1758; x_wconf 87' lang='lat' dir='ltr'>concutiatur.</span> <span class='ocrx_word' id='word_1_244' title='bbox 965 1725 981 1742; x_wconf 80' lang='lat'>«</span> <span class='ocrx_word' id='word_1_245' title='bbox 1000 1742 1053 1746; x_wconf 83' lang='lat'>—-</span> <span class='ocrx_word' id='word_1_246' title='bbox 1069 1720 1094 1757; x_wconf 90' lang='lat' dir='ltr'>C</span> <span class='ocrx_word' id='word_1_247' title='bbox 1106 1719 1131 1756; x_wconf 90' lang='lat' dir='ltr'>h</span> <span class='ocrx_word' id='word_1_248' title='bbox 1144 1732 1162 1755; x_wconf 92' lang='lat' dir='ltr'>r</span> <span class='ocrx_word' id='word_1_249' title='bbox 1173 1733 1198 1768; x_wconf 76' lang='lat' dir='ltr'>y</span> <span class='ocrx_word' id='word_1_250' title='bbox 1211 1731 1227 1755; x_wconf 88' lang='lat' dir='ltr'>s</span> <span class='ocrx_word' id='word_1_251' title='bbox 1240 1732 1260 1756; x_wconf 92' lang='lat' dir='ltr'>o</span> <span class='ocrx_word' id='word_1_252' title='bbox 1275 1732 1290 1756; x_wconf 90' lang='lat' dir='ltr'>s</span> <span class='ocrx_word' id='word_1_253' title='bbox 1303 1722 1319 1755; x_wconf 91' lang='lat' dir='ltr'>t</span> <span class='ocrx_word' id='word_1_254' title='bbox 1331 1732 1401 1757; x_wconf 95' lang='lat' dir='ltr'>om</span> <span class='ocrx_word' id='word_1_255' title='bbox 1413 1732 1439 1755; x_wconf 92' lang='lat' dir='ltr'>u</span> <span class='ocrx_word' id='word_1_256' title='bbox 1453 1731 1468 1755; x_wconf 90' lang='lat' dir='ltr'>s</span> <span class='ocrx_word' id='word_1_257' title='bbox 1492 1718 1534 1755; x_wconf 89' lang='lat' dir='ltr'>in</span> <span class='ocrx_word' id='word_1_258' title='bbox 1556 1719 1673 1756; x_wconf 89' lang='lat' dir='ltr'>Hebr.</span> <span class='ocrx_word' id='word_1_259' title='bbox 1694 1726 1708 1757; x_wconf 86' lang='lat'>1</span> <span class='ocrx_word' id='word_1_260' title='bbox 1723 1726 1737 1757; x_wconf 91' lang='lat'>1</span> <span class='ocrx_word' id='word_1_261' title='bbox 1767 1718 1866 1754; x_wconf 89' lang='lat' dir='ltr'>hom.</span> <span class='ocrx_word' id='word_1_262' title='bbox 1885 1724 1930 1756; x_wconf 87' lang='lat'>21</span> <span class='ocrx_word' id='word_1_263' title='bbox 1948 1730 1958 1754; x_wconf 77' lang='lat' dir='ltr'>t</span> 
     </span>
     <span class='ocr_line' id='line_1_25' title="bbox 232 1776 1960 1828; baseline -0.002 -11"><span class='ocrx_word' id='word_1_264' title='bbox 232 1781 389 1828; x_wconf 71' lang='lat' dir='ltr'>,Atque</span> <span class='ocrx_word' id='word_1_265' title='bbox 411 1791 549 1817; x_wconf 88' lang='lat' dir='ltr'>rursus</span> <span class='ocrx_word' id='word_1_266' title='bbox 573 1780 606 1816; x_wconf 93' lang='lat' dir='ltr'>si</span> <span class='ocrx_word' id='word_1_267' title='bbox 629 1780 674 1816; x_wconf 85' lang='lat' dir='ltr'>de</span> <span class='ocrx_word' id='word_1_268' title='bbox 697 1779 758 1824; x_wconf 83' lang='grc'>113,</span> <span class='ocrx_word' id='word_1_269' title='bbox 792 1791 890 1827; x_wconf 84' lang='lat' dir='ltr'>quae</span> <span class='ocrx_word' id='word_1_270' title='bbox 911 1791 990 1816; x_wconf 89' lang='lat' dir='ltr'>non</span> <span class='ocrx_word' id='word_1_271' title='bbox 1012 1779 1156 1816; x_wconf 88' lang='lat' dir='ltr'>cadunt</span> <span class='ocrx_word' id='word_1_272' title='bbox 1187 1778 1258 1816; x_wconf 93' lang='lat' dir='ltr'>sub</span> <span class='ocrx_word' id='word_1_273' title='bbox 1282 1783 1492 1827; x_wconf 83' lang='lat' dir='ltr'>aspectum,</span> <span class='ocrx_word' id='word_1_274' title='bbox 1524 1790 1602 1815; x_wconf 91' lang='lat' dir='ltr'>non</span> <span class='ocrx_word' id='word_1_275' title='bbox 1633 1777 1806 1825; x_wconf 80' lang='lat' dir='ltr'>apertius</span> <span class='ocrx_word' id='word_1_276' title='bbox 1837 1776 1960 1813; x_wconf 84' lang='lat' dir='ltr'>fuerit</span> 
     </span>
     <span class='ocr_line' id='line_1_26' title="bbox 229 1835 1959 1888; baseline -0.002 -12"><span class='ocrx_word' id='word_1_277' title='bbox 229 1840 399 1888; x_wconf 88' lang='lat' dir='ltr'>cuipiam</span> <span class='ocrx_word' id='word_1_278' title='bbox 423 1851 660 1887; x_wconf 86' lang='lat' dir='ltr'>persuasum,</span> <span class='ocrx_word' id='word_1_279' title='bbox 685 1851 802 1886; x_wconf 87' lang='lat' dir='ltr'>quam</span> <span class='ocrx_word' id='word_1_280' title='bbox 824 1838 870 1874; x_wconf 86' lang='lat' dir='ltr'>de</span> <span class='ocrx_word' id='word_1_281' title='bbox 892 1838 940 1874; x_wconf 92' lang='lat' dir='ltr'>iis</span> <span class='ocrx_word' id='word_1_282' title='bbox 962 1850 1060 1885; x_wconf 90' lang='lat' dir='ltr'>quae</span> <span class='ocrx_word' id='word_1_283' title='bbox 1082 1838 1279 1882; x_wconf 87' lang='lat' dir='ltr'>videntur,</span> <span class='ocrx_word' id='word_1_284' title='bbox 1312 1849 1390 1874; x_wconf 84' lang='lat' dir='ltr'>non</span> <span class='ocrx_word' id='word_1_285' title='bbox 1412 1839 1542 1885; x_wconf 90' lang='lat' dir='ltr'>potest</span> <span class='ocrx_word' id='word_1_286' title='bbox 1565 1848 1646 1874; x_wconf 89' lang='lat' dir='ltr'>esse</span> <span class='ocrx_word' id='word_1_287' title='bbox 1668 1836 1802 1873; x_wconf 62' lang='lat' dir='ltr'>fides«</span> <span class='ocrx_word' id='word_1_288' title='bbox 1845 1836 1896 1872; x_wconf 88' lang='lat' dir='ltr'>Et</span> <span class='ocrx_word' id='word_1_289' title='bbox 1916 1835 1959 1872; x_wconf 90' lang='lat' dir='ltr'>in</span> 
     </span>
     <span class='ocr_line' id='line_1_27' title="bbox 235 1894 1955 1946; baseline -0.003 -9"><span class='ocrx_word' id='word_1_290' title='bbox 235 1907 266 1939; x_wconf 94' lang='lat' dir='ltr'>l.</span> <span class='ocrx_word' id='word_1_291' title='bbox 290 1899 386 1939; x_wconf 78' lang='lat' dir='ltr'>Tim.</span> <span class='ocrx_word' id='word_1_292' title='bbox 408 1898 508 1935; x_wconf 90' lang='lat' dir='ltr'>hom.</span> <span class='ocrx_word' id='word_1_293' title='bbox 538 1905 552 1937; x_wconf 84' lang='lat'>1</span> <span class='ocrx_word' id='word_1_294' title='bbox 580 1911 617 1936; x_wconf 80' lang='lat' dir='ltr'>n.</span> <span class='ocrx_word' id='word_1_295' title='bbox 643 1904 687 1937; x_wconf 87' lang='lat'>3:</span> <span class='ocrx_word' id='word_1_296' title='bbox 713 1899 798 1941; x_wconf 67' lang='lat' dir='ltr'>„Ne</span> <span class='ocrx_word' id='word_1_297' title='bbox 819 1897 944 1946; x_wconf 82' lang='lat' dir='ltr'>igitur</span> <span class='ocrx_word' id='word_1_298' title='bbox 965 1897 1213 1934; x_wconf 84' lang='lat' dir='ltr'>attendamus</span> <span class='ocrx_word' id='word_1_299' title='bbox 1236 1896 1555 1944; x_wconf 85' lang='lat' dir='ltr'>quaestionibus:</span> <span class='ocrx_word' id='word_1_300' title='bbox 1586 1895 1673 1932; x_wconf 90' lang='lat' dir='ltr'>ideo</span> <span class='ocrx_word' id='word_1_301' title='bbox 1696 1896 1801 1932; x_wconf 91' lang='lat' dir='ltr'>enim</span> <span class='ocrx_word' id='word_1_302' title='bbox 1824 1894 1955 1932; x_wconf 87' lang='lat' dir='ltr'>fideles</span> 
     </span>
     <span class='ocr_line' id='line_1_28' title="bbox 229 1954 1956 2002; baseline -0.003 -7"><span class='ocrx_word' id='word_1_303' title='bbox 229 1970 424 2002; x_wconf 84' lang='lat' dir='ltr'>vocamur,</span> <span class='ocrx_word' id='word_1_304' title='bbox 447 1961 494 1994; x_wconf 91' lang='grc'>111</span> <span class='ocrx_word' id='word_1_305' title='bbox 517 1957 598 1994; x_wconf 86' lang='grc'>31110</span> <span class='ocrx_word' id='word_1_306' title='bbox 620 1957 703 1993; x_wconf 86' lang='lat' dir='ltr'>ulla</span> <span class='ocrx_word' id='word_1_307' title='bbox 725 1956 970 1993; x_wconf 83' lang='lat' dir='ltr'>dubitatione</span> <span class='ocrx_word' id='word_1_308' title='bbox 993 1956 1107 1993; x_wconf 87' lang='lat' dir='ltr'>dictis</span> <span class='ocrx_word' id='word_1_309' title='bbox 1130 1955 1332 1993; x_wconf 84' lang='lat' dir='ltr'>credamus</span> <span class='ocrx_word' id='word_1_310' title='bbox 1355 1958 1394 1992; x_wconf 88' lang='lat' dir='ltr'>et</span> <span class='ocrx_word' id='word_1_311' title='bbox 1414 1955 1513 1992; x_wconf 88' lang='grc'>1111111</span> <span class='ocrx_word' id='word_1_312' title='bbox 1528 1955 1766 1992; x_wconf 88' lang='lat' dir='ltr'>dubitemus.</span> <span class='ocrx_word' id='word_1_313' title='bbox 1800 1954 1839 1991; x_wconf 85' lang='lat' dir='ltr'>Si</span> <span class='ocrx_word' id='word_1_314' title='bbox 1853 1954 1956 1991; x_wconf 91' lang='lat' dir='ltr'>enim</span> 
     </span>
     <span class='ocr_line' id='line_1_29' title="bbox 228 2013 1959 2063; baseline -0.002 -10"><span class='ocrx_word' id='word_1_315' title='bbox 228 2017 298 2054; x_wconf 89' lang='lat' dir='ltr'>illa</span> <span class='ocrx_word' id='word_1_316' title='bbox 320 2017 488 2053; x_wconf 83' lang='lat' dir='ltr'>huma-na</span> <span class='ocrx_word' id='word_1_317' title='bbox 509 2018 649 2061; x_wconf 84' lang='lat' dir='ltr'>essent,</span> <span class='ocrx_word' id='word_1_318' title='bbox 673 2017 874 2063; x_wconf 85' lang='lat' dir='ltr'>oporteret</span> <span class='ocrx_word' id='word_1_319' title='bbox 894 2015 964 2052; x_wconf 87' lang='lat' dir='ltr'>illa</span> <span class='ocrx_word' id='word_1_320' title='bbox 985 2017 1160 2052; x_wconf 85' lang='lat' dir='ltr'>accurate</span> <span class='ocrx_word' id='word_1_321' title='bbox 1176 2014 1361 2055; x_wconf 82' lang='lat' dir='ltr'>scrutari:</span> <span class='ocrx_word' id='word_1_322' title='bbox 1387 2015 1419 2051; x_wconf 87' lang='lat' dir='ltr'>si</span> <span class='ocrx_word' id='word_1_323' title='bbox 1435 2026 1526 2052; x_wconf 90' lang='lat' dir='ltr'>vero</span> <span class='ocrx_word' id='word_1_324' title='bbox 1542 2014 1610 2051; x_wconf 86' lang='lat' dir='ltr'>Dei</span> <span class='ocrx_word' id='word_1_325' title='bbox 1625 2015 1732 2058; x_wconf 84' lang='lat' dir='ltr'>sunt,</span> <span class='ocrx_word' id='word_1_326' title='bbox 1756 2013 1823 2050; x_wconf 84' lang='lat' dir='ltr'>illa</span> <span class='ocrx_word' id='word_1_327' title='bbox 1837 2013 1959 2050; x_wconf 86' lang='lat' dir='ltr'>hono-</span> 
     </span>
     <span class='ocr_line' id='line_1_30' title="bbox 230 2074 1959 2123; baseline -0.002 -11"><span class='ocrx_word' id='word_1_328' title='bbox 230 2088 315 2112; x_wconf 86' lang='lat' dir='ltr'>rare</span> <span class='ocrx_word' id='word_1_329' title='bbox 336 2078 493 2112; x_wconf 86' lang='lat' dir='ltr'>tantum</span> <span class='ocrx_word' id='word_1_330' title='bbox 516 2077 672 2123; x_wconf 86' lang='lat' dir='ltr'>oportet</span> <span class='ocrx_word' id='word_1_331' title='bbox 694 2078 732 2111; x_wconf 85' lang='lat' dir='ltr'>et</span> <span class='ocrx_word' id='word_1_332' title='bbox 755 2074 930 2115; x_wconf 80' lang='lat' dir='ltr'>credere;</span> <span class='ocrx_word' id='word_1_333' title='bbox 955 2074 988 2111; x_wconf 92' lang='lat' dir='ltr'>si</span> <span class='ocrx_word' id='word_1_334' title='bbox 1011 2087 1087 2111; x_wconf 92' lang='lat' dir='ltr'>non</span> <span class='ocrx_word' id='word_1_335' title='bbox 1111 2074 1320 2119; x_wconf 82' lang='lat' dir='ltr'>credamus,</span> <span class='ocrx_word' id='word_1_336' title='bbox 1343 2086 1469 2121; x_wconf 87' lang='lat' dir='ltr'>neque</span> <span class='ocrx_word' id='word_1_337' title='bbox 1493 2074 1615 2110; x_wconf 90' lang='lat' dir='ltr'>Deum</span> <span class='ocrx_word' id='word_1_338' title='bbox 1630 2085 1711 2109; x_wconf 91' lang='lat' dir='ltr'>esse</span> <span class='ocrx_word' id='word_1_339' title='bbox 1725 2084 1959 2120; x_wconf 86' lang='lat' dir='ltr'>persuasum</span> 
     </span>
     <span class='ocr_line' id='line_1_31' title="bbox 229 2130 1959 2180; baseline -0.002 -9"><span class='ocrx_word' id='word_1_340' title='bbox 229 2134 340 2171; x_wconf 90' lang='lat' dir='ltr'>nobis</span> <span class='ocrx_word' id='word_1_341' title='bbox 362 2134 446 2171; x_wconf 88' lang='lat' dir='ltr'>erit.</span> <span class='ocrx_word' id='word_1_342' title='bbox 489 2134 687 2178; x_wconf 80' lang='lat' dir='ltr'>Quomodo</span> <span class='ocrx_word' id='word_1_343' title='bbox 710 2134 811 2170; x_wconf 88' lang='lat' dir='ltr'>enim</span> <span class='ocrx_word' id='word_1_344' title='bbox 834 2133 940 2170; x_wconf 86' lang='lat' dir='ltr'>nosti</span> <span class='ocrx_word' id='word_1_345' title='bbox 962 2133 1084 2170; x_wconf 90' lang='lat' dir='ltr'>Deum</span> <span class='ocrx_word' id='word_1_346' title='bbox 1108 2145 1200 2178; x_wconf 90' lang='lat' dir='ltr'>esse,</span> <span class='ocrx_word' id='word_1_347' title='bbox 1234 2133 1265 2170; x_wconf 89' lang='lat' dir='ltr'>si</span> <span class='ocrx_word' id='word_1_348' title='bbox 1286 2133 1457 2170; x_wconf 87' lang='lat' dir='ltr'>rationes</span> <span class='ocrx_word' id='word_1_349' title='bbox 1490 2133 1537 2169; x_wconf 81' lang='lat' dir='ltr'>ab</span> <span class='ocrx_word' id='word_1_350' title='bbox 1569 2132 1639 2168; x_wconf 92' lang='grc'>1110</span> <span class='ocrx_word' id='word_1_351' title='bbox 1670 2133 1854 2180; x_wconf 78' lang='lat' dir='ltr'>repetas?</span> <span class='ocrx_word' id='word_1_352' title='bbox 1876 2130 1959 2168; x_wconf 89' lang='lat' dir='ltr'>Hoc</span> 
     </span>
     <span class='ocr_line' id='line_1_32' title="bbox 229 2190 1956 2242; baseline -0.002 -12"><span class='ocrx_word' id='word_1_353' title='bbox 229 2193 399 2242; x_wconf 88' lang='lat' dir='ltr'>primum</span> <span class='ocrx_word' id='word_1_354' title='bbox 421 2193 606 2230; x_wconf 89' lang='lat' dir='ltr'>indicium</span> <span class='ocrx_word' id='word_1_355' title='bbox 630 2194 688 2230; x_wconf 76' lang='lat' dir='ltr'>est</span> <span class='ocrx_word' id='word_1_356' title='bbox 709 2195 748 2229; x_wconf 88' lang='lat' dir='ltr'>te</span> <span class='ocrx_word' id='word_1_357' title='bbox 770 2205 881 2229; x_wconf 88' lang='lat' dir='ltr'>nosse</span> <span class='ocrx_word' id='word_1_358' title='bbox 904 2193 1039 2235; x_wconf 84' lang='lat' dir='ltr'>Deum,</span> <span class='ocrx_word' id='word_1_359' title='bbox 1071 2193 1103 2229; x_wconf 90' lang='lat' dir='ltr'>si</span> <span class='ocrx_word' id='word_1_360' title='bbox 1132 2192 1265 2229; x_wconf 85' lang='lat' dir='ltr'>credas</span> <span class='ocrx_word' id='word_1_361' title='bbox 1288 2192 1348 2237; x_wconf 84' lang='lat' dir='ltr'>iis,</span> <span class='ocrx_word' id='word_1_362' title='bbox 1382 2204 1479 2240; x_wconf 89' lang='lat' dir='ltr'>quae</span> <span class='ocrx_word' id='word_1_363' title='bbox 1509 2191 1576 2228; x_wconf 88' lang='lat' dir='ltr'>ille</span> <span class='ocrx_word' id='word_1_364' title='bbox 1599 2190 1693 2227; x_wconf 86' lang='lat' dir='ltr'>dicit</span> <span class='ocrx_word' id='word_1_365' title='bbox 1725 2191 1808 2227; x_wconf 88' lang='grc'>31110</span> <span class='ocrx_word' id='word_1_366' title='bbox 1839 2203 1956 2239; x_wconf 87' lang='lat' dir='ltr'>argu-</span> 
     </span>
     <span class='ocr_line' id='line_1_33' title="bbox 229 2249 1960 2300; baseline -0.003 -10"><span class='ocrx_word' id='word_1_367' title='bbox 229 2252 371 2290; x_wconf 88' lang='lat' dir='ltr'>mentis</span> <span class='ocrx_word' id='word_1_368' title='bbox 392 2255 432 2289; x_wconf 88' lang='lat' dir='ltr'>et</span> <span class='ocrx_word' id='word_1_369' title='bbox 452 2252 785 2300; x_wconf 61' lang='lat' dir='ltr'>probationibus«</span> <span class='ocrx_word' id='word_1_370' title='bbox 812 2274 864 2279; x_wconf 98' lang='lat'>—</span> <span class='ocrx_word' id='word_1_371' title='bbox 888 2251 1164 2288; x_wconf 86' lang='lat' dir='ltr'>Cassianus</span> <span class='ocrx_word' id='word_1_372' title='bbox 1196 2251 1242 2288; x_wconf 88' lang='lat' dir='ltr'>de</span> <span class='ocrx_word' id='word_1_373' title='bbox 1274 2251 1420 2288; x_wconf 86' lang='lat' dir='ltr'>incarn.</span> <span class='ocrx_word' id='word_1_374' title='bbox 1442 2250 1503 2294; x_wconf 85' lang='lat' dir='ltr'>IV,</span> <span class='ocrx_word' id='word_1_375' title='bbox 1531 2258 1574 2289; x_wconf 77' lang='lat'>6:</span> <span class='ocrx_word' id='word_1_376' title='bbox 1609 2250 1842 2293; x_wconf 71' lang='lat' dir='ltr'>„Rationem</span> <span class='ocrx_word' id='word_1_377' title='bbox 1864 2249 1960 2286; x_wconf 85' lang='lat' dir='ltr'>dicti</span> 
     </span>
     <span class='ocr_line' id='line_1_34' title="bbox 230 2308 1959 2360; baseline -0.002 -12"><span class='ocrx_word' id='word_1_378' title='bbox 230 2311 412 2359; x_wconf 76' lang='lat' dir='ltr'>quaeris?</span> <span class='ocrx_word' id='word_1_379' title='bbox 434 2323 511 2348; x_wconf 87' lang='lat' dir='ltr'>non</span> <span class='ocrx_word' id='word_1_380' title='bbox 533 2311 663 2348; x_wconf 87' lang='lat' dir='ltr'>reddo.</span> <span class='ocrx_word' id='word_1_381' title='bbox 698 2310 862 2348; x_wconf 89' lang='lat' dir='ltr'>Interim</span> <span class='ocrx_word' id='word_1_382' title='bbox 878 2311 979 2347; x_wconf 89' lang='lat' dir='ltr'>Deus</span> <span class='ocrx_word' id='word_1_383' title='bbox 1000 2311 1073 2348; x_wconf 90' lang='lat' dir='ltr'>hoc</span> <span class='ocrx_word' id='word_1_384' title='bbox 1087 2310 1204 2347; x_wconf 82' lang='lat' dir='ltr'>dixit:</span> <span class='ocrx_word' id='word_1_385' title='bbox 1230 2311 1332 2346; x_wconf 90' lang='lat' dir='ltr'>Deus</span> <span class='ocrx_word' id='word_1_386' title='bbox 1348 2310 1418 2346; x_wconf 86' lang='lat' dir='ltr'>hoc</span> <span class='ocrx_word' id='word_1_387' title='bbox 1432 2310 1586 2346; x_wconf 88' lang='lat' dir='ltr'>locutus</span> <span class='ocrx_word' id='word_1_388' title='bbox 1600 2311 1660 2346; x_wconf 87' lang='lat' dir='ltr'>est</span> <span class='ocrx_word' id='word_1_389' title='bbox 1673 2308 1780 2360; x_wconf 88' lang='lat' dir='ltr'>mihi.</span> <span class='ocrx_word' id='word_1_390' title='bbox 1813 2308 1959 2345; x_wconf 91' lang='lat' dir='ltr'>Verum</span> 
     </span>
     <span class='ocr_line' id='line_1_35' title="bbox 230 2367 1959 2419; baseline -0.002 -12"><span class='ocrx_word' id='word_1_391' title='bbox 230 2370 339 2407; x_wconf 87' lang='lat' dir='ltr'>illius</span> <span class='ocrx_word' id='word_1_392' title='bbox 363 2382 513 2407; x_wconf 87' lang='lat' dir='ltr'>summa</span> <span class='ocrx_word' id='word_1_393' title='bbox 533 2369 635 2407; x_wconf 82' lang='lat' dir='ltr'>ratio</span> <span class='ocrx_word' id='word_1_394' title='bbox 658 2372 731 2407; x_wconf 88' lang='lat' dir='ltr'>est.</span> <span class='ocrx_word' id='word_1_395' title='bbox 765 2370 955 2407; x_wconf 88' lang='lat' dir='ltr'>Removeo</span> <span class='ocrx_word' id='word_1_396' title='bbox 977 2371 1217 2419; x_wconf 85' lang='lat' dir='ltr'>argumenta,</span> <span class='ocrx_word' id='word_1_397' title='bbox 1241 2381 1420 2406; x_wconf 86' lang='lat' dir='ltr'>removeo</span> <span class='ocrx_word' id='word_1_398' title='bbox 1436 2367 1744 2417; x_wconf 82' lang='lat' dir='ltr'>disputationes3</span> <span class='ocrx_word' id='word_1_399' title='bbox 1769 2368 1848 2405; x_wconf 87' lang='lat' dir='ltr'>sola</span> <span class='ocrx_word' id='word_1_400' title='bbox 1861 2367 1959 2404; x_wconf 87' lang='lat' dir='ltr'>mihi</span> 
     </span>
     <span class='ocr_line' id='line_1_36' title="bbox 231 2426 1958 2477; baseline -0.002 -11"><span class='ocrx_word' id='word_1_401' title='bbox 231 2429 279 2466; x_wconf 85' lang='lat' dir='ltr'>ad</span> <span class='ocrx_word' id='word_1_402' title='bbox 301 2428 571 2466; x_wconf 84' lang='lat' dir='ltr'>credulitatem</span> <span class='ocrx_word' id='word_1_403' title='bbox 594 2428 739 2466; x_wconf 83' lang='lat' dir='ltr'>suffieit</span> <span class='ocrx_word' id='word_1_404' title='bbox 760 2441 923 2477; x_wconf 87' lang='lat' dir='ltr'>persona</span> <span class='ocrx_word' id='word_1_405' title='bbox 945 2428 1124 2466; x_wconf 87' lang='lat' dir='ltr'>dicentis.</span> <span class='ocrx_word' id='word_1_406' title='bbox 1170 2428 1256 2465; x_wconf 92' lang='lat' dir='ltr'>Non</span> <span class='ocrx_word' id='word_1_407' title='bbox 1290 2428 1383 2464; x_wconf 88' lang='grc'>11001</span> <span class='ocrx_word' id='word_1_408' title='bbox 1404 2426 1501 2464; x_wconf 82' lang='grc'>1111111</span> <span class='ocrx_word' id='word_1_409' title='bbox 1535 2427 1580 2464; x_wconf 88' lang='lat' dir='ltr'>de</span> <span class='ocrx_word' id='word_1_410' title='bbox 1603 2427 1677 2464; x_wconf 89' lang='lat' dir='ltr'>fide</span> <span class='ocrx_word' id='word_1_411' title='bbox 1709 2426 1805 2464; x_wconf 90' lang='lat' dir='ltr'>dicti</span> <span class='ocrx_word' id='word_1_412' title='bbox 1835 2426 1958 2463; x_wconf 90' lang='lat' dir='ltr'>ambi-</span> 
     </span>
     <span class='ocr_line' id='line_1_37' title="bbox 230 2485 1962 2537; baseline -0.002 -12"><span class='ocrx_word' id='word_1_413' title='bbox 230 2501 330 2537; x_wconf 87' lang='lat' dir='ltr'>gere,</span> <span class='ocrx_word' id='word_1_414' title='bbox 354 2501 432 2525; x_wconf 91' lang='lat' dir='ltr'>non</span> <span class='ocrx_word' id='word_1_415' title='bbox 452 2488 544 2525; x_wconf 87' lang='lat' dir='ltr'>licet</span> <span class='ocrx_word' id='word_1_416' title='bbox 566 2487 793 2525; x_wconf 88' lang='lat' dir='ltr'>deliberare.</span> <span class='ocrx_word' id='word_1_417' title='bbox 822 2487 922 2532; x_wconf 91' lang='lat' dir='ltr'>Quid</span> <span class='ocrx_word' id='word_1_418' title='bbox 945 2487 1043 2524; x_wconf 91' lang='lat' dir='ltr'>mihi</span> <span class='ocrx_word' id='word_1_419' title='bbox 1065 2499 1250 2535; x_wconf 87' lang='lat' dir='ltr'>quaerere</span> <span class='ocrx_word' id='word_1_420' title='bbox 1273 2486 1467 2534; x_wconf 89' lang='lat' dir='ltr'>quomodo</span> <span class='ocrx_word' id='word_1_421' title='bbox 1489 2499 1626 2524; x_wconf 89' lang='lat' dir='ltr'>verum</span> <span class='ocrx_word' id='word_1_422' title='bbox 1649 2486 1711 2532; x_wconf 87' lang='lat' dir='ltr'>sit,</span> <span class='ocrx_word' id='word_1_423' title='bbox 1736 2485 1840 2534; x_wconf 89' lang='lat' dir='ltr'>quod</span> <span class='ocrx_word' id='word_1_424' title='bbox 1854 2486 1962 2522; x_wconf 88' lang='lat' dir='ltr'>Deus</span> 
     </span>
     <span class='ocr_line' id='line_1_38' title="bbox 231 2545 1958 2594; baseline -0.001 -11"><span class='ocrx_word' id='word_1_425' title='bbox 231 2547 384 2591; x_wconf 82' lang='lat' dir='ltr'>dixerit,</span> <span class='ocrx_word' id='word_1_426' title='bbox 418 2559 505 2584; x_wconf 90' lang='lat' dir='ltr'>cum</span> <span class='ocrx_word' id='word_1_427' title='bbox 528 2547 707 2584; x_wconf 87' lang='lat' dir='ltr'>dubitare</span> <span class='ocrx_word' id='word_1_428' title='bbox 729 2559 807 2584; x_wconf 91' lang='lat' dir='ltr'>non</span> <span class='ocrx_word' id='word_1_429' title='bbox 828 2547 1000 2590; x_wconf 89' lang='lat' dir='ltr'>debeam,</span> <span class='ocrx_word' id='word_1_430' title='bbox 1036 2546 1133 2594; x_wconf 88' lang='lat' dir='ltr'>quin</span> <span class='ocrx_word' id='word_1_431' title='bbox 1155 2558 1290 2582; x_wconf 86' lang='lat' dir='ltr'>verum</span> <span class='ocrx_word' id='word_1_432' title='bbox 1322 2545 1383 2591; x_wconf 89' lang='lat' dir='ltr'>sit,</span> <span class='ocrx_word' id='word_1_433' title='bbox 1417 2545 1520 2593; x_wconf 91' lang='lat' dir='ltr'>quod</span> <span class='ocrx_word' id='word_1_434' title='bbox 1542 2546 1646 2582; x_wconf 87' lang='lat' dir='ltr'>Deus</span> <span class='ocrx_word' id='word_1_435' title='bbox 1678 2545 1876 2582; x_wconf 60' lang='grc' dir='ltr'>1111101111ς</span> <span class='ocrx_word' id='word_1_436' title='bbox 1900 2566 1958 2572; x_wconf 82' lang='lat'>—</span> 
     </span>
     <span class='ocr_line' id='line_1_39' title="bbox 232 2603 1958 2654; baseline -0.002 -11"><span class='ocrx_word' id='word_1_437' title='bbox 232 2606 267 2643; x_wconf 91' lang='lat' dir='ltr'>S.</span> <span class='ocrx_word' id='word_1_438' title='bbox 288 2606 580 2643; x_wconf 85' lang='lat' dir='ltr'>Bernardus</span> <span class='ocrx_word' id='word_1_439' title='bbox 601 2606 642 2642; x_wconf 91' lang='lat' dir='ltr'>in</span> <span class='ocrx_word' id='word_1_440' title='bbox 665 2618 724 2654; x_wconf 87' lang='lat' dir='ltr'>ep.</span> <span class='ocrx_word' id='word_1_441' title='bbox 753 2613 829 2646; x_wconf 83' lang='lat'>190</span> <span class='ocrx_word' id='word_1_442' title='bbox 855 2605 938 2643; x_wconf 87' lang='lat' dir='ltr'>adv.</span> <span class='ocrx_word' id='word_1_443' title='bbox 962 2617 1110 2642; x_wconf 87' lang='lat' dir='ltr'>errores</span> <span class='ocrx_word' id='word_1_444' title='bbox 1132 2604 1339 2641; x_wconf 88' lang='lat' dir='ltr'>Abaelardi</span> <span class='ocrx_word' id='word_1_445' title='bbox 1362 2617 1391 2641; x_wconf 90' lang='lat' dir='ltr'>c.</span> <span class='ocrx_word' id='word_1_446' title='bbox 1415 2611 1439 2644; x_wconf 86' lang='lat'>4</span> <span class='ocrx_word' id='word_1_447' title='bbox 1462 2617 1499 2642; x_wconf 92' lang='lat' dir='ltr'>n.</span> <span class='ocrx_word' id='word_1_448' title='bbox 1525 2611 1568 2644; x_wconf 86' lang='lat'>9:</span> <span class='ocrx_word' id='word_1_449' title='bbox 1605 2605 1690 2648; x_wconf 74' lang='lat' dir='ltr'>,Tu</span> <span class='ocrx_word' id='word_1_450' title='bbox 1711 2604 1807 2641; x_wconf 88' lang='lat' dir='ltr'>mihi</span> <span class='ocrx_word' id='word_1_451' title='bbox 1830 2603 1958 2640; x_wconf 89' lang='lat' dir='ltr'>subsi—</span> 
     </span>
     <span class='ocr_line' id='line_1_40' title="bbox 230 2663 1958 2713; baseline -0.002 -11"><span class='ocrx_word' id='word_1_452' title='bbox 230 2665 348 2702; x_wconf 86' lang='lat' dir='ltr'>bilas:</span> <span class='ocrx_word' id='word_1_453' title='bbox 379 2665 473 2702; x_wconf 90' lang='lat' dir='ltr'>fides</span> <span class='ocrx_word' id='word_1_454' title='bbox 496 2671 554 2702; x_wconf 84' lang='lat' dir='ltr'>est</span> <span class='ocrx_word' id='word_1_455' title='bbox 575 2665 824 2702; x_wconf 79' lang='lat' dir='ltr'>aestimatio?</span> <span class='ocrx_word' id='word_1_456' title='bbox 858 2665 916 2701; x_wconf 88' lang='lat' dir='ltr'>Tu</span> <span class='ocrx_word' id='word_1_457' title='bbox 938 2664 1032 2701; x_wconf 90' lang='lat' dir='ltr'>mihi</span> <span class='ocrx_word' id='word_1_458' title='bbox 1053 2664 1284 2712; x_wconf 87' lang='lat' dir='ltr'>ambiguum</span> <span class='ocrx_word' id='word_1_459' title='bbox 1305 2664 1430 2713; x_wconf 80' lang='lat' dir='ltr'>garris</span> <span class='ocrx_word' id='word_1_460' title='bbox 1453 2674 1530 2712; x_wconf 89' lang='lat' dir='ltr'>quo</span> <span class='ocrx_word' id='word_1_461' title='bbox 1552 2663 1653 2700; x_wconf 88' lang='lat' dir='ltr'>nihil</span> <span class='ocrx_word' id='word_1_462' title='bbox 1676 2665 1734 2700; x_wconf 86' lang='lat' dir='ltr'>est</span> <span class='ocrx_word' id='word_1_463' title='bbox 1755 2663 1958 2700; x_wconf 36' lang='lat' dir='ltr'>cert-ius&amp;</span> 
     </span>
     <span class='ocr_line' id='line_1_41' title="bbox 232 2722 1957 2772; baseline -0.002 -12"><span class='ocrx_word' id='word_1_464' title='bbox 232 2723 278 2760; x_wconf 90' lang='lat' dir='ltr'>de</span> <span class='ocrx_word' id='word_1_465' title='bbox 300 2724 444 2760; x_wconf 88' lang='lat' dir='ltr'>consid.</span> <span class='ocrx_word' id='word_1_466' title='bbox 466 2724 510 2767; x_wconf 78' lang='lat' dir='ltr'>V,</span> <span class='ocrx_word' id='word_1_467' title='bbox 538 2730 572 2764; x_wconf 83' lang='lat'>3,</span> <span class='ocrx_word' id='word_1_468' title='bbox 594 2747 652 2750; x_wconf 97' lang='lat'><strong>—</strong></span> <span class='ocrx_word' id='word_1_469' title='bbox 674 2723 922 2772; x_wconf 81' lang='lat' dir='ltr'>Quapropter</span> <span class='ocrx_word' id='word_1_470' title='bbox 942 2724 1085 2772; x_wconf 83' lang='lat' dir='ltr'>Hugo</span> <span class='ocrx_word' id='word_1_471' title='bbox 1107 2736 1128 2759; x_wconf 92' lang='lat' dir='ltr'>a</span> <span class='ocrx_word' id='word_1_472' title='bbox 1151 2734 1179 2759; x_wconf 83' lang='lat' dir='ltr'>s.</span> <span class='ocrx_word' id='word_1_473' title='bbox 1203 2722 1357 2759; x_wconf 86' lang='lat' dir='ltr'>Victore</span> <span class='ocrx_word' id='word_1_474' title='bbox 1379 2723 1425 2759; x_wconf 88' lang='lat' dir='ltr'>de</span> <span class='ocrx_word' id='word_1_475' title='bbox 1449 2734 1543 2760; x_wconf 86' lang='lat' dir='ltr'>sacr.</span> <span class='ocrx_word' id='word_1_476' title='bbox 1566 2723 1590 2759; x_wconf 93' lang='lat' dir='ltr'>l.</span> <span class='ocrx_word' id='word_1_477' title='bbox 1619 2731 1634 2762; x_wconf 88' lang='lat'>1</span> <span class='ocrx_word' id='word_1_478' title='bbox 1662 2736 1698 2771; x_wconf 91' lang='lat' dir='ltr'>p.</span> <span class='ocrx_word' id='word_1_479' title='bbox 1727 2730 1775 2762; x_wconf 87' lang='lat'>10</span> <span class='ocrx_word' id='word_1_480' title='bbox 1801 2734 1830 2759; x_wconf 90' lang='grc'>0.</span> <span class='ocrx_word' id='word_1_481' title='bbox 1850 2727 1870 2760; x_wconf 83' lang='grc'>2</span> <span class='ocrx_word' id='word_1_482' title='bbox 1895 2722 1957 2757; x_wconf 89' lang='lat' dir='ltr'>in-</span> 
     </span>
     <span class='ocr_line' id='line_1_42' title="bbox 229 2779 1758 2827; baseline -0.001 -8"><span class='ocrx_word' id='word_1_483' title='bbox 229 2782 327 2819; x_wconf 88' lang='lat' dir='ltr'>fert:</span> <span class='ocrx_word' id='word_1_484' title='bbox 351 2782 454 2826; x_wconf 73' lang='lat' dir='ltr'>„Ubi</span> <span class='ocrx_word' id='word_1_485' title='bbox 476 2783 601 2819; x_wconf 88' lang='lat' dir='ltr'>adhuc</span> <span class='ocrx_word' id='word_1_486' title='bbox 623 2782 817 2820; x_wconf 81' lang='lat' dir='ltr'>dubitatio</span> <span class='ocrx_word' id='word_1_487' title='bbox 839 2784 910 2827; x_wconf 87' lang='lat' dir='ltr'>est,</span> <span class='ocrx_word' id='word_1_488' title='bbox 934 2782 1028 2818; x_wconf 86' lang='lat' dir='ltr'>fides</span> <span class='ocrx_word' id='word_1_489' title='bbox 1051 2794 1130 2818; x_wconf 91' lang='lat' dir='ltr'>non</span> <span class='ocrx_word' id='word_1_490' title='bbox 1151 2783 1250 2818; x_wconf 70' lang='lat' dir='ltr'>est.‘</span> <span class='ocrx_word' id='word_1_491' title='bbox 1295 2781 1347 2818; x_wconf 84' lang='lat' dir='ltr'>Cf.</span> <span class='ocrx_word' id='word_1_492' title='bbox 1371 2781 1625 2819; x_wconf 87' lang='lat' dir='ltr'>Scheeben</span> <span class='ocrx_word' id='word_1_493' title='bbox 1648 2779 1668 2823; x_wconf 67' lang='grc' dir='ltr'>ἓ</span> <span class='ocrx_word' id='word_1_494' title='bbox 1693 2788 1758 2821; x_wconf 87' lang='grc'>46.</span> 
     </span>
    </p>
   </div>
   <div class='ocr_carea' id='block_1_5' title="bbox 231 2874 1963 3049">
    <p class='ocr_par' dir='ltr' id='par_1_5' title="bbox 231 2874 1963 3049">
     <span class='ocr_line' id='line_1_43' title="bbox 349 2874 1959 2926; baseline 0.001 -9"><span class='ocrx_word' id='word_1_495' title='bbox 349 2877 446 2917; x_wconf 82' lang='grc'>476.</span> <span class='ocrx_word' id='word_1_496' title='bbox 469 2874 635 2917; x_wconf 77' lang='lat' dir='ltr'>TheSiS</span> <span class='ocrx_word' id='word_1_497' title='bbox 658 2874 909 2917; x_wconf 81' lang='lat' dir='ltr'>LXXXII.</span> <span class='ocrx_word' id='word_1_498' title='bbox 959 2888 1092 2921; x_wconf 73' lang='lat' dir='ltr'>Fidei</span> <span class='ocrx_word' id='word_1_499' title='bbox 1117 2896 1331 2921; x_wconf 74' lang='lat' dir='ltr'>assensus</span> <span class='ocrx_word' id='word_1_500' title='bbox 1356 2896 1437 2921; x_wconf 81' lang='lat' dir='ltr'>seu</span> <span class='ocrx_word' id='word_1_501' title='bbox 1464 2890 1593 2921; x_wconf 78' lang='lat' dir='ltr'>aetus</span> <span class='ocrx_word' id='word_1_502' title='bbox 1618 2896 1712 2920; x_wconf 79' lang='lat' dir='ltr'>non</span> <span class='ocrx_word' id='word_1_503' title='bbox 1743 2888 1805 2919; x_wconf 77' lang='lat' dir='ltr'>est</span> <span class='ocrx_word' id='word_1_504' title='bbox 1826 2886 1959 2926; x_wconf 73' lang='lat' dir='ltr'>frue-</span> 
     </span>
     <span class='ocr_line' id='line_1_44' title="bbox 231 2945 1963 2987; baseline 0 -10"><span class='ocrx_word' id='word_1_505' title='bbox 231 2948 306 2978; x_wconf 77' lang='lat' dir='ltr'>tus</span> <span class='ocrx_word' id='word_1_506' title='bbox 322 2946 730 2980; x_wconf 74' lang='lat' dir='ltr'>demonstrationis</span> <span class='ocrx_word' id='word_1_507' title='bbox 756 2947 1057 2987; x_wconf 74' lang='lat' dir='ltr'>necessarius,</span> <span class='ocrx_word' id='word_1_508' title='bbox 1090 2947 1170 2981; x_wconf 85' lang='lat' dir='ltr'>sed</span> <span class='ocrx_word' id='word_1_509' title='bbox 1195 2946 1314 2980; x_wconf 72' lang='lat' dir='ltr'>liber</span> <span class='ocrx_word' id='word_1_510' title='bbox 1339 2949 1496 2980; x_wconf 75' lang='lat' dir='ltr'>manet</span> <span class='ocrx_word' id='word_1_511' title='bbox 1522 2949 1564 2980; x_wconf 79' lang='lat' dir='ltr'>et</span> <span class='ocrx_word' id='word_1_512' title='bbox 1588 2945 1776 2979; x_wconf 74' lang='lat' dir='ltr'>nonnisi</span> <span class='ocrx_word' id='word_1_513' title='bbox 1803 2954 1860 2977; x_wconf 69' lang='lat' dir='ltr'>ew</span> <span class='ocrx_word' id='word_1_514' title='bbox 1885 2953 1963 2977; x_wconf 81' lang='lat' dir='ltr'>vo-</span> 
     </span>
     <span class='ocr_line' id='line_1_45' title="bbox 232 3005 1572 3049; baseline 0 -11"><span class='ocrx_word' id='word_1_515' title='bbox 232 3005 428 3038; x_wconf 75' lang='lat' dir='ltr'>luntatis</span> <span class='ocrx_word' id='word_1_516' title='bbox 453 3005 651 3047; x_wconf 67' lang='lat' dir='ltr'>imperio</span> <span class='ocrx_word' id='word_1_517' title='bbox 673 3007 843 3049; x_wconf 80' lang='lat' dir='ltr'>pioque</span> <span class='ocrx_word' id='word_1_518' title='bbox 870 3005 1160 3040; x_wconf 73' lang='lat' dir='ltr'>credulitatis</span> <span class='ocrx_word' id='word_1_519' title='bbox 1184 3005 1350 3047; x_wconf 78' lang='lat' dir='ltr'>affeetu</span> <span class='ocrx_word' id='word_1_520' title='bbox 1376 3006 1572 3039; x_wconf 78' lang='lat' dir='ltr'>elicitur.</span> 
     </span>
    </p>
   </div>
  </div>
 </body>
</html>
