2175 3382
78 1037 204 1055 ⁸-

92 1051 204 1155 ἒ

831 90 878 123 De
897 91 1137 125 revelationis
1155 90 1332 134 profectu.
1862 97 1941 138 169

209 228 359 264 semper
391 213 573 263 explicite
604 213 795 250 creditum
827 212 959 258 fuerit,
993 214 1038 249 ut
1066 214 1175 260 patet
1198 226 1239 249 ex
1265 213 1378 249 dictis
1401 215 1439 249 et
1462 225 1503 249 ex
1529 213 1692 251 historia
1715 214 1943 264 dogmatum

210 275 326 312 etiam
347 285 493 315 eorum,
519 285 616 320 quae
638 273 901 320 protestantes
923 271 1152 310 admittunt.
1175 271 1311 320 Neque
1326 270 1366 311 3.
1383 283 1499 308 sensu
1514 272 1743 310 excludente
1757 285 1942 311 canonem

208 331 391 382 proponit
411 331 738 369 Vincentius.
767 330 960 379 Supponit
982 329 1086 366 enim
1108 330 1192 366 fieri
1214 342 1334 378 posse,
1358 331 1405 366 ut
1427 342 1633 367 consensus
1655 344 1835 379 praesens
1858 334 1943 369 tur-

208 393 334 437 betur,
367 393 414 428 ut
445 390 593 439 aliquid
625 391 664 426 et
698 402 801 426 nunc
833 391 870 426 ct
903 388 996 426 olim
1029 400 1107 425 non
1135 388 1182 425 ob
1206 388 1388 426 omnibus
1412 388 1645 434 crederetur,
1676 402 1719 427 ac
1741 393 1945 439 propterea

208 449 493 489 controversiae
516 448 704 494 oriantur,
737 448 993 495 adductisque
1027 447 1214 495 exemplis
1237 447 1421 485 ostendit,
1456 447 1494 483 id
1516 459 1651 484 revera
1673 461 1753 486 esse
1774 449 1944 489 factum:

208 523 287 558 qua
310 509 351 546 in
382 507 589 558 hypothesi
622 509 763 552 censet,
797 506 1092 544 consensionem
1115 506 1305 554 majorem
1339 506 1577 543 minoremve
1613 507 1862 555 antiquitatis
1884 521 1944 545 re-

210 569 361 614 lativae,
378 567 632 605 exsistentem
647 565 828 603 scil.ante
844 565 1156 608 controversiam,
1173 567 1305 602 notam
1319 577 1402 602 esse
1417 565 1717 613 apostolicitatis
1733 566 1945 611 doctrinae.

209 627 256 665 de
280 640 356 674 qua
379 626 523 676 agitur.
567 624 697 669 »Quid
718 624 854 674 igitur,
882 624 1012 672 inquit
1034 635 1063 660 0.
1090 630 1125 667 3,
1150 626 1245 661 tunc
1269 624 1383 661 faciet
1406 623 1640 661 christianus
1661 625 1887 670 catholicus,
1912 626 1945 662 si

208 699 247 724 se
269 686 399 734 aliqua
413 684 606 721 Ecclesiae
628 684 822 732 particula
843 684 890 720 ab
913 682 1148 720 universalis
1170 683 1258 719 fidei
1279 683 1550 720 communione
1565 683 1824 731 praeciderit?
1847 684 1947 727 Quid

209 745 348 793 utique
378 743 452 781 nisi
484 745 531 781 ut-
560 742 744 791 pestifero
777 743 1041 791 corruptoque
1063 742 1236 779 membro
1260 742 1467 779 sanitatem
1489 742 1665 779 universi
1687 743 1858 790 corporis
1880 755 1947 779 an-

210 805 399 852 teponat?
443 801 543 846 Quid
575 802 606 839 si
637 802 792 839 novella
814 801 945 849 aliqua
967 801 1145 850 contagio
1168 812 1248 837 non
1264 801 1347 849 jam
1369 801 1659 849 portiunculam
1681 804 1848 846 tantum,
1882 802 1948 838 sed

208 866 331 901 totam
354 861 502 910 pariter
523 861 733 898 Ecclesiam
756 860 1036 898 commaculare
1059 862 1250 896 conetur?
1278 860 1386 897 Tunc
1407 860 1512 896 idem
1533 860 1758 907 providebit
1778 863 1825 897 ut-
1847 861 1948 897 anti-

210 922 361 970 quitate
382 920 593 964 inhaereat,
616 932 715 967 quae
739 931 897 967 prorsus
916 920 995 967 jam
1019 931 1097 956 non
1118 921 1251 967 potest
1273 919 1320 955 ab
1344 919 1426 956 ulla
1447 919 1633 956 novitatis
1655 918 1791 956 fraude
1806 920 1949 956 seduci.

212 980 315 1025 Quid
337 980 370 1017 si
391 980 434 1016 in
454 979 538 1028 ipsa
552 981 750 1016 vetustate
773 979 942 1016 duorum
964 980 1033 1015 aut
1054 976 1179 1014 trium
1202 978 1418 1023 hominum,
1434 978 1496 1015 vel
1521 980 1625 1014 certe
1649 978 1818 1015 civitatis
1831 979 1949 1015 unius

210 1042 279 1077 aut
309 1040 425 1076 etiarn
459 1038 681 1086 provinciae
712 1037 876 1086 alicujus
910 1049 1017 1074 error
1039 1036 1381 1084 deprehendatur?
1415 1043 1511 1074 tunc
1541 1036 1700 1074 omnino
1729 1037 1883 1074 curabit
1904 1039 1949 1074 ut

209 1110 422 1148 paucorum
442 1097 658 1134 temeritati
672 1097 734 1134 vel
755 1096 943 1140 inscitiae,
969 1095 1002 1132 si
1025 1108 1103 1144 qua-
1128 1099 1233 1141 sunt,
1257 1095 1536 1133 universaliter
1557 1096 1778 1144 antiquitus
1792 1096 1950 1133 univer-

211 1157 301 1195 salis
323 1156 478 1194 concilii
500 1156 653 1193 decreta
677 1158 899 1204 praeponat.
936 1155 1038 1199 Quid
1061 1155 1094 1191 si
1115 1155 1193 1192 tale
1215 1155 1365 1202 aliquid
1388 1157 1571 1204 emergat,
1596 1155 1664 1191 ubi
1686 1155 1786 1191 nihil
1809 1155 1948 1203 hujus-

210 1216 315 1254 modi
337 1215 584 1264 reperiatur?
628 1215 735 1251 Tunc
766 1227 921 1262 operam
954 1213 1076 1258 dabit,
1109 1216 1155 1250 ut
1178 1214 1341 1251 collatas
1364 1214 1468 1250 inter
1491 1226 1532 1251 se
1556 1214 1748 1262 majorum
1770 1214 1949 1251 consulat

210 1277 504 1325 interrogetque
536 1274 760 1315 sententias,
803 1286 938 1310 eorum
970 1273 1183 1319 dumtaxat,
1218 1273 1285 1320 qui
1316 1273 1482 1310 diversis
1514 1273 1605 1309 licet
1634 1273 1877 1321 temporibus
1910 1276 1948 1309 et

211 1335 317 1379 locis,
350 1335 392 1371 in
422 1333 540 1371 unius
572 1335 704 1370 tamen
726 1332 918 1369 Ecclesiae
949 1332 1161 1369 catholicae
1192 1332 1464 1369 communione
1496 1334 1535 1369 et
1569 1331 1643 1368 fide
1665 1335 1951 1380 permanentes,

211 1393 391 1443 magistri
410 1391 634 1441 probabiles
657 1391 906 1429 exstiterunt.
919 1397 934 1414 «
974 1390 1100 1435 Quare
1122 1391 1169 1428 ad
1192 1404 1275 1427 rem
1296 1387 1339 1430 4.
1363 1391 1505 1428 statuit
1526 1391 1659 1427 Palm
1674 1391 1774 1427 ieri
1794 1391 1849 1427 th.
1875 1397 1926 1430 36
1944 1405 1950 1427 z

213 1452 414 1497 >‚Dicimus
446 1464 605 1500 scopum
628 1450 825 1488 Vincentii
857 1450 976 1487 fuisse
1008 1450 1260 1499 suppeditare
1292 1449 1517 1487 methodum
1552 1449 1786 1487 scientificae
1817 1449 1948 1498 inqui-

212 1511 365 1549 sitionis
395 1523 464 1560 pro
497 1510 733 1548 invenienda
764 1510 931 1546 veritate
964 1511 1098 1546 contra
1128 1521 1248 1546 novas
1271 1509 1469 1552 haei·eses;
1502 1509 1587 1545 ideo
1612 1509 1714 1545 enim
1738 1508 1949 1557 distinguit

212 1571 316 1608 inter
346 1582 466 1608 novas
497 1571 536 1606 et
558 1571 718 1607 veteres.
753 1568 843 1616 quia
876 1568 1003 1616 quoad
1034 1568 1102 1605 has
1129 1569 1211 1616 jam
1242 1568 1430 1605 habemus
1466 1567 1713 1604 definitiones
1734 1567 1947 1604 Ecclesiae:

214 1629 341 1677 quoad
363 1629 450 1667 illas
472 1629 658 1666 debemus
683 1628 759 1676 ipsi
782 1628 894 1664 nobis
917 1628 1157 1666 consulere<
1183 1627 1235 1664 Cf.
1250 1628 1348 1663 Maz
1363 1627 1495 1663 zella
1517 1626 1562 1663 de
1577 1626 1668 1665 virt.
1691 1626 1758 1666 inf,
1775 1626 1811 1663 d.
1830 1633 1850 1665 2
1876 1623 1895 1667 ἓ
1914 1633 1949 1665 6.

333 1723 425 1765 151.
451 1720 680 1763 Scholion
705 1720 771 1761 II.
811 1718 1084 1759 [revelationis
1098 1718 1322 1771 profectas
1346 1744 1396 1747 —
1426 1716 1650 1769 Reliquum
1673 1721 1748 1766 est,
1770 1721 1816 1757 ut
1839 1728 1948 1769 quae

216 1791 267 1832 de
289 1790 490 1843 profectu,
523 1791 593 1843 qui
616 1791 659 1830 in
682 1789 871 1830 Ecclesia
894 1789 1025 1830 relate
1049 1788 1103 1829 ad
1124 1788 1431 1829 revelationem
1453 1787 1595 1828 locum
1616 1788 1777 1828 habere
1799 1791 1951 1839 potest,

213 1862 396 1903 tenenda
417 1862 511 1910 sint,
535 1861 682 1913 paucis
706 1860 1055 1912 complectamur.
1099 1858 1284 1900 Concedi
1308 1859 1480 1899 omnino
1506 1857 1630 1899 debet

333 1945 373 1987 1.
407 1945 451 1984 in
471 1943 519 1984 V.
542 1943 816 1984 Testamento
850 1942 1064 1995 profectus
1098 1942 1183 1994 obj
1198 1942 1413 1982 ectivus
1447 1953 1522 1982 seu
1553 1941 1824 1982 revelationis
1857 1940 1920 1981 ob
1935 1965 1953 1970 -

214 2015 415 2068 jectum
439 2026 515 2067 per
536 2026 672 2055 novas
695 2013 977 2054 revelationes
994 2013 1198 2065 temporis
1213 2025 1339 2053 cursu
1362 2012 1578 2064 prophetis
1602 2009 1734 2052 factas
1757 2011 1953 2051 crevisse.

216 2086 350 2127 donec
372 2097 423 2127 ea
446 2090 488 2126 et
510 2085 650 2138 quoad
666 2085 840 2126 modum
865 2089 906 2125 et
929 2084 1070 2137 quoad
1086 2083 1299 2136 objectum
1317 2095 1438 2124 suam
1455 2083 1637 2134 attigerit
1652 2081 1954 2134 perfectionem

215 2157 258 2198 in
279 2156 325 2197 N.
341 2156 384 2197 T.
401 2156 542 2212 (Hebr.
569 2159 606 2211 1,
634 2159 654 2199 1
681 2156 742 2212 5.),
767 2160 893 2208 atque
917 2155 1130 2196 destinata
1153 2154 1276 2195 fuerit
1298 2166 1385 2195 non
1407 2154 1479 2194 uni
1503 2152 1687 2194 familiae
1709 2153 1775 2193 vel
1797 2151 1954 2204 populo

216 2228 361 2276 electo,
383 2227 458 2268 sed
480 2227 674 2280 gentibus
699 2226 906 2269 omnibus.
953 2225 1044 2277 Quo
1069 2237 1197 2266 sensu
1220 2236 1319 2266 vere
1342 2224 1488 2265 scribit
1512 2222 1647 2275 Greg
1662 2223 1813 2264 orius
1836 2221 1886 2263 M.
1914 2222 1956 2262 in

217 2298 281 2341 ΕΖ,
303 2298 336 2339 ll
356 2298 470 2339 hom.
491 2302 519 2341 4
540 2311 579 2340 n.
606 2302 680 2342 12:
720 2297 831 2348 „Hoc
863 2309 1032 2350 quoque
1065 2296 1188 2337 nobis
1220 2295 1440 2337 sciendum
1474 2299 1549 2344 est,
1581 2294 1681 2347 quia
1712 2305 1787 2346 per
1817 2294 1955 2333 incre-

219 2373 363 2410 menta
384 2373 624 2421 temporum
640 2368 771 2409 crevit
785 2368 962 2408 scientia
977 2367 1257 2419 spiritualium
1272 2371 1451 2418 patrum.
1476 2365 1571 2406 Plus
1585 2376 1772 2417 namque
1789 2363 1957 2416 Moyses

219 2452 345 2493 quam
359 2439 590 2487 Abraham,
613 2439 707 2491 plus
722 2439 958 2491 prophetae
974 2450 1101 2490 quam
1116 2437 1297 2490 Moyses
1319 2437 1411 2489 plus
1427 2436 1610 2489 apostoli
1625 2447 1754 2487 quam
1771 2433 1953 2486 prophe-

219 2514 287 2551 tae
313 2511 356 2551 in
379 2511 682 2563 omnipotentis
704 2510 779 2550 Dei
801 2509 979 2550 scientia
1001 2508 1154 2549 eruditi
1176 2512 1274 2549 sunt
1297 2542 1303 2548 .
1328 2541 1335 2548 .
1360 2541 1366 2548 .
1391 2508 1490 2561 quia
1513 2510 1671 2560 quanto
1697 2504 1878 2545 mundus
1900 2503 1955 2543 ad

221 2581 531 2623 extremitatem
553 2581 731 2629 ducitur,
754 2585 873 2621 tanto
896 2579 1020 2620 nobis
1043 2584 1244 2620 aeternae
1259 2579 1464 2619 scientiae
1480 2578 1618 2618 aditus
1639 2577 1795 2628 largius
1818 2575 1955 2626 aperi-

219 2657 319 2692 tur.“
361 2651 418 2693 Cf.
440 2652 674 2693 Thomas
697 2652 740 2691 in
763 2653 800 2693 2.
827 2655 851 2694 2
875 2663 911 2702 q.
939 2653 1022 2693 174
1045 2661 1080 2690 a.
1106 2653 1151 2698 63
1176 2648 1461 2690 Scheeben
1486 2649 1547 2702 §6
1569 2647 1952 2700 praesertimn.54.

335 2747 377 2789 2.
401 2751 480 2795 Quo
511 2762 623 2787 sensu
655 2750 782 2786 eadem
813 2749 905 2796 fides
939 2749 976 2784 in
1011 2747 1047 2784 V.
1073 2752 1105 2784 et
1136 2747 1184 2784 N.
1218 2747 1257 2786 T.
1280 2770 1337 2774 —
1366 2747 1452 2783 Etsi
1483 2757 1671 2783 numerus
1702 2742 1958 2780 articulorum

220 2807 310 2844 fidei
331 2809 374 2844 in
395 2808 441 2845 N.
465 2808 506 2844 Τ.
529 2808 662 2853 crevit,
696 2807 772 2845 dici
802 2810 935 2844 tamen
966 2808 1098 2854 potest
1129 2806 1337 2843 eandem
1370 2818 1449 2842 esse
1471 2805 1586 2841 fidem
1610 2807 1767 2852 patrum
1789 2800 1832 2837 V.
1856 2799 1896 2835 T.
1920 2802 1957 2834 et

223 2865 398 2903 fidelium
438 2867 485 2904 N.
529 2867 581 2912 Τ.,
626 2866 769 2913 objecti
811 2865 961 2903 ratione
994 2865 1075 2902 scil.
1117 2877 1186 2901 seu
1226 2864 1409 2902 motivi
1450 2863 1645 2907 formalis,
1689 2873 1778 2897 cum
1819 2860 1859 2894 et
1898 2856 1958 2892 illi

223 2924 460 2961 crediderint
481 2927 522 2962 et
542 2926 610 2962 isti
643 2925 804 2962 credant
834 2928 997 2973 propter
1018 2923 1291 2961 auctoritatem
1313 2923 1384 2960 Dei
1414 2921 1638 2965 revelanti<,
1670 2921 1710 2956 et
1731 2917 1880 2954 ratione
1901 2914 1958 2963 pii

225 2983 385 3020 affectus
407 2984 652 3021 credulitatis
675 2986 714 3021 et
747 2982 1016 3032 dispositionis
1039 2981 1087 3019 ad
1110 2982 1346 3019 credendum
1368 2993 1436 3018 seu
1459 2979 1683 3018 virtutis
1705 2976 1805 3020 fidei,
1833 2973 1958 3022 quoad

225 3042 419 3090 objectum
441 3054 534 3080 vero
556 3042 829 3093 materiale
851 3043 1015 3079 eatenus
1037 3042 1206 3086 tantum,
1242 3043 1437 3089 quatenus
1460 3050 1592 3076 omnes
1618 3034 1772 3074 articuli
1795 3031 1959 3070 revelati
