<?xml version="1.0" encoding="UTF-8"?>
<!DOCTYPE html PUBLIC "-//W3C//DTD XHTML 1.0 Transitional//EN"
    "http://www.w3.org/TR/xhtml1/DTD/xhtml1-transitional.dtd">
<html xmlns="http://www.w3.org/1999/xhtml" xml:lang="en" lang="en">
 <head>
  <title>
</title>
<meta http-equiv="Content-Type" content="text/html;charset=utf-8" />
  <meta name='ocr-system' content='tesseract 3.04.00' />
  <meta name='ocr-capabilities' content='ocr_page ocr_carea ocr_par ocr_line ocrx_word'/>
</head>
<body>
  <div class='ocr_page' id='page_1' title='image "./theologiaedogmat01hurt/theologiaedogmat01hurt_0347.png"; bbox 0 0 2175 3382; ppageno 0'>
   <div class='ocr_carea' id='block_1_1' title="bbox 748 140 1954 190">
    <p class='ocr_par' dir='ltr' id='par_1_1' title="bbox 748 140 1954 190">
     <span class='ocr_line' id='line_1_1' title="bbox 748 140 1954 190; baseline 0 -15"><span class='ocrx_word' id='word_1_1' title='bbox 748 142 969 176; x_wconf 80' lang='lat' dir='ltr'>conveniant·</span> <span class='ocrx_word' id='word_1_2' title='bbox 985 142 1096 175; x_wconf 78' lang='lat' dir='ltr'>notae</span> <span class='ocrx_word' id='word_1_3' title='bbox 1113 140 1296 175; x_wconf 82' lang='lat' dir='ltr'>Ecclesiae</span> <span class='ocrx_word' id='word_1_4' title='bbox 1315 151 1432 175; x_wconf 88' lang='lat' dir='ltr'>verae.</span> <span class='ocrx_word' id='word_1_5' title='bbox 1870 147 1954 190; x_wconf 82' lang='lat'>337</span> 
     </span>
    </p>
   </div>
   <div class='ocr_carea' id='block_1_2' title="bbox 223 259 1959 594">
    <p class='ocr_par' dir='ltr' id='par_1_2' title="bbox 223 259 1959 594">
     <span class='ocr_line' id='line_1_2' title="bbox 343 259 1958 315; baseline -0.002 -8"><span class='ocrx_word' id='word_1_6' title='bbox 343 264 441 308; x_wconf 80' lang='lat'><strong>324.</strong></span> <span class='ocrx_word' id='word_1_7' title='bbox 463 262 825 306; x_wconf 77' lang='lat' dir='ltr'>Demonstratio</span> <span class='ocrx_word' id='word_1_8' title='bbox 848 273 894 315; x_wconf 79' lang='lat'>1).</span> <span class='ocrx_word' id='word_1_9' title='bbox 918 261 985 303; x_wconf 83' lang='lat' dir='ltr'>II.</span> <span class='ocrx_word' id='word_1_10' title='bbox 1028 259 1308 300; x_wconf 78' lang='lat' dir='ltr'>Protestantes</span> <span class='ocrx_word' id='word_1_11' title='bbox 1330 269 1472 300; x_wconf 76' lang='lat' dir='ltr'>carent</span> <span class='ocrx_word' id='word_1_12' title='bbox 1492 262 1662 303; x_wconf 77' lang='lat' dir='ltr'>unitate.</span> <span class='ocrx_word' id='word_1_13' title='bbox 1697 260 1870 314; x_wconf 85' lang='lat' dir='ltr'>Maj0ris</span> <span class='ocrx_word' id='word_1_14' title='bbox 1891 266 1958 303; x_wconf 86' lang='lat' dir='ltr'>ta-</span> 
     </span>
     <span class='ocr_line' id='line_1_3' title="bbox 224 329 1958 386; baseline -0.001 -10"><span class='ocrx_word' id='word_1_15' title='bbox 224 347 324 376; x_wconf 89' lang='lat' dir='ltr'>men</span> <span class='ocrx_word' id='word_1_16' title='bbox 337 334 526 375; x_wconf 82' lang='lat' dir='ltr'>utilitatis</span> <span class='ocrx_word' id='word_1_17' title='bbox 541 333 675 386; x_wconf 85' lang='lat' dir='ltr'>gratia</span> <span class='ocrx_word' id='word_1_18' title='bbox 690 331 974 375; x_wconf 84' lang='lat' dir='ltr'>ostendemus,</span> <span class='ocrx_word' id='word_1_19' title='bbox 992 330 1317 383; x_wconf 81' lang='lat' dir='ltr'>protestantium</span> <span class='ocrx_word' id='word_1_20' title='bbox 1333 329 1525 371; x_wconf 89' lang='lat' dir='ltr'>coetibus</span> <span class='ocrx_word' id='word_1_21' title='bbox 1549 331 1627 371; x_wconf 88' lang='lat' dir='ltr'>has</span> <span class='ocrx_word' id='word_1_22' title='bbox 1650 337 1774 373; x_wconf 87' lang='lat' dir='ltr'>notas</span> <span class='ocrx_word' id='word_1_23' title='bbox 1797 333 1958 382; x_wconf 89' lang='lat' dir='ltr'>deesse,</span> 
     </span>
     <span class='ocr_line' id='line_1_4' title="bbox 224 401 1959 458; baseline 0 -12"><span class='ocrx_word' id='word_1_24' title='bbox 224 405 405 458; x_wconf 90' lang='lat' dir='ltr'>ideoque</span> <span class='ocrx_word' id='word_1_25' title='bbox 421 416 545 446; x_wconf 88' lang='lat' dir='ltr'>verae</span> <span class='ocrx_word' id='word_1_26' title='bbox 561 403 775 444; x_wconf 81' lang='lat' dir='ltr'>Ecclesiae</span> <span class='ocrx_word' id='word_1_27' title='bbox 789 402 1109 454; x_wconf 83' lang='lat' dir='ltr'>praerogativas</span> <span class='ocrx_word' id='word_1_28' title='bbox 1131 401 1191 441; x_wconf 89' lang='lat' dir='ltr'>eis</span> <span class='ocrx_word' id='word_1_29' title='bbox 1213 412 1301 441; x_wconf 91' lang='lat' dir='ltr'>non</span> <span class='ocrx_word' id='word_1_30' title='bbox 1323 406 1578 453; x_wconf 82' lang='lat' dir='ltr'>competere,</span> <span class='ocrx_word' id='word_1_31' title='bbox 1601 402 1812 456; x_wconf 90' lang='lat' dir='ltr'>simulque</span> <span class='ocrx_word' id='word_1_32' title='bbox 1834 416 1959 456; x_wconf 90' lang='lat' dir='ltr'>prae-</span> 
     </span>
     <span class='ocr_line' id='line_1_5' title="bbox 224 471 1958 528; baseline -0.001 -12"><span class='ocrx_word' id='word_1_33' title='bbox 224 475 360 528; x_wconf 86' lang='lat' dir='ltr'>cipua,</span> <span class='ocrx_word' id='word_1_34' title='bbox 383 474 534 528; x_wconf 88' lang='lat' dir='ltr'>quibus</span> <span class='ocrx_word' id='word_1_35' title='bbox 555 473 685 515; x_wconf 82' lang='lat' dir='ltr'>refelli</span> <span class='ocrx_word' id='word_1_36' title='bbox 699 474 873 526; x_wconf 76' lang='lat' dir='ltr'>possint.</span> <span class='ocrx_word' id='word_1_37' title='bbox 897 475 1148 523; x_wconf 85' lang='lat' dir='ltr'>argumenta</span> <span class='ocrx_word' id='word_1_38' title='bbox 1162 471 1455 513; x_wconf 89' lang='lat' dir='ltr'>indicabimus.</span> <span class='ocrx_word' id='word_1_39' title='bbox 1480 471 1602 522; x_wconf 85' lang='lat' dir='ltr'>Quod</span> <span class='ocrx_word' id='word_1_40' title='bbox 1626 478 1772 514; x_wconf 86' lang='lat' dir='ltr'>notam</span> <span class='ocrx_word' id='word_1_41' title='bbox 1795 479 1958 526; x_wconf 88' lang='lat' dir='ltr'>spectat</span> 
     </span>
     <span class='ocr_line' id='line_1_6' title="bbox 223 544 753 594; baseline -0.006 -7"><span class='ocrx_word' id='word_1_42' title='bbox 223 545 483 594; x_wconf 88' lang='lat' dir='ltr'>unitatis,</span> <span class='ocrx_word' id='word_1_43' title='bbox 508 544 753 586; x_wconf 88' lang='lat' dir='ltr'>statuimus:</span> 
     </span>
    </p>
   </div>
   <div class='ocr_carea' id='block_1_3' title="bbox 221 627 1959 1320">
    <p class='ocr_par' dir='ltr' id='par_1_3' title="bbox 221 627 1959 1320">
     <span class='ocr_line' id='line_1_7' title="bbox 346 627 1958 680; baseline -0.001 -10"><span class='ocrx_word' id='word_1_44' title='bbox 346 628 383 672; x_wconf 90' lang='lat'>1.</span> <span class='ocrx_word' id='word_1_45' title='bbox 406 627 696 669; x_wconf 80' lang='lat' dir='ltr'>protestantes</span> <span class='ocrx_word' id='word_1_46' title='bbox 709 631 855 680; x_wconf 88' lang='lat' dir='ltr'>utpote</span> <span class='ocrx_word' id='word_1_47' title='bbox 878 627 1026 667; x_wconf 91' lang='lat' dir='ltr'>schis</span> <span class='ocrx_word' id='word_1_48' title='bbox 1040 639 1080 666; x_wconf 89' lang='lat' dir='ltr'>m</span> <span class='ocrx_word' id='word_1_49' title='bbox 1094 627 1200 667; x_wconf 87' lang='lat' dir='ltr'>atis</span> <span class='ocrx_word' id='word_1_50' title='bbox 1221 637 1319 667; x_wconf 91' lang='lat' dir='ltr'>reos</span> <span class='ocrx_word' id='word_1_51' title='bbox 1340 627 1422 667; x_wconf 91' lang='lat' dir='ltr'>hac</span> <span class='ocrx_word' id='word_1_52' title='bbox 1443 630 1547 667; x_wconf 89' lang='lat' dir='ltr'>nota</span> <span class='ocrx_word' id='word_1_53' title='bbox 1569 638 1728 675; x_wconf 87' lang='lat' dir='ltr'>carere,</span> <span class='ocrx_word' id='word_1_54' title='bbox 1749 631 1796 667; x_wconf 93' lang='lat' dir='ltr'>ut</span> <span class='ocrx_word' id='word_1_55' title='bbox 1817 631 1958 668; x_wconf 90' lang='lat' dir='ltr'>osten-</span> 
     </span>
     <span class='ocr_line' id='line_1_8' title="bbox 224 696 1958 750; baseline -0.001 -10"><span class='ocrx_word' id='word_1_56' title='bbox 224 712 318 740; x_wconf 92' lang='lat' dir='ltr'>sum</span> <span class='ocrx_word' id='word_1_57' title='bbox 349 703 413 740; x_wconf 86' lang='lat' dir='ltr'>est</span> <span class='ocrx_word' id='word_1_58' title='bbox 438 711 476 740; x_wconf 90' lang='lat' dir='ltr'>n.</span> <span class='ocrx_word' id='word_1_59' title='bbox 500 700 597 746; x_wconf 80' lang='lat'>294,</span> <span class='ocrx_word' id='word_1_60' title='bbox 629 710 708 739; x_wconf 93' lang='lat' dir='ltr'>nec</span> <span class='ocrx_word' id='word_1_61' title='bbox 738 709 864 750; x_wconf 88' lang='lat' dir='ltr'>posse</span> <span class='ocrx_word' id='word_1_62' title='bbox 888 709 963 739; x_wconf 92' lang='lat' dir='ltr'>eos</span> <span class='ocrx_word' id='word_1_63' title='bbox 986 709 1108 738; x_wconf 89' lang='lat' dir='ltr'>suam</span> <span class='ocrx_word' id='word_1_64' title='bbox 1131 707 1337 738; x_wconf 85' lang='lat' dir='ltr'>excusare</span> <span class='ocrx_word' id='word_1_65' title='bbox 1359 696 1641 738; x_wconf 82' lang='lat' dir='ltr'>defectionem</span> <span class='ocrx_word' id='word_1_66' title='bbox 1664 697 1836 750; x_wconf 88' lang='lat' dir='ltr'>suisque</span> <span class='ocrx_word' id='word_1_67' title='bbox 1858 710 1958 739; x_wconf 89' lang='lat' dir='ltr'>coe-</span> 
     </span>
     <span class='ocr_line' id='line_1_9' title="bbox 222 767 1958 821; baseline -0.001 -11"><span class='ocrx_word' id='word_1_68' title='bbox 222 769 334 810; x_wconf 87' lang='lat' dir='ltr'>tibus</span> <span class='ocrx_word' id='word_1_69' title='bbox 349 781 540 810; x_wconf 87' lang='lat' dir='ltr'>asserere</span> <span class='ocrx_word' id='word_1_70' title='bbox 555 769 798 821; x_wconf 83' lang='lat' dir='ltr'>dignitatem</span> <span class='ocrx_word' id='word_1_71' title='bbox 814 768 1030 810; x_wconf 85' lang='lat' dir='ltr'>Ecclesiae</span> <span class='ocrx_word' id='word_1_72' title='bbox 1053 767 1207 809; x_wconf 82' lang='lat' dir='ltr'>Christi</span> <span class='ocrx_word' id='word_1_73' title='bbox 1229 768 1310 808; x_wconf 91' lang='lat' dir='ltr'>nisi</span> <span class='ocrx_word' id='word_1_74' title='bbox 1332 779 1383 809; x_wconf 89' lang='lat' dir='ltr'>eo</span> <span class='ocrx_word' id='word_1_75' title='bbox 1407 767 1663 809; x_wconf 88' lang='lat' dir='ltr'>defensionis</span> <span class='ocrx_word' id='word_1_76' title='bbox 1686 780 1852 821; x_wconf 83' lang='lat' dir='ltr'>genere,</span> <span class='ocrx_word' id='word_1_77' title='bbox 1874 780 1958 821; x_wconf 88' lang='lat' dir='ltr'>quo</span> 
     </span>
     <span class='ocr_line' id='line_1_10' title="bbox 222 838 1959 893; baseline -0.001 -12"><span class='ocrx_word' id='word_1_78' title='bbox 222 841 425 882; x_wconf 90' lang='lat' dir='ltr'>haeretici</span> <span class='ocrx_word' id='word_1_79' title='bbox 441 841 590 893; x_wconf 89' lang='lat' dir='ltr'>quovis</span> <span class='ocrx_word' id='word_1_80' title='bbox 605 846 797 892; x_wconf 88' lang='lat' dir='ltr'>tempore</span> <span class='ocrx_word' id='word_1_81' title='bbox 819 841 885 881; x_wconf 89' lang='lat' dir='ltr'>usi</span> <span class='ocrx_word' id='word_1_82' title='bbox 907 844 1016 885; x_wconf 77' lang='lat' dir='ltr'>sunt.</span> <span class='ocrx_word' id='word_1_83' title='bbox 1040 839 1238 892; x_wconf 88' lang='lat' dir='ltr'>quodque</span> <span class='ocrx_word' id='word_1_84' title='bbox 1253 838 1529 879; x_wconf 86' lang='lat' dir='ltr'>anathemate</span> <span class='ocrx_word' id='word_1_85' title='bbox 1552 850 1578 879; x_wconf 91' lang='lat' dir='ltr'>a</span> <span class='ocrx_word' id='word_1_86' title='bbox 1600 839 1790 890; x_wconf 86' lang='lat' dir='ltr'>patribus</span> <span class='ocrx_word' id='word_1_87' title='bbox 1813 839 1959 880; x_wconf 92' lang='lat' dir='ltr'>ortho-</span> 
     </span>
     <span class='ocr_line' id='line_1_11' title="bbox 222 908 1958 964; baseline -0.001 -12"><span class='ocrx_word' id='word_1_88' title='bbox 222 911 344 952; x_wconf 83' lang='lat' dir='ltr'>doxis</span> <span class='ocrx_word' id='word_1_89' title='bbox 365 911 569 964; x_wconf 77' lang='lat' dir='ltr'>reiectum</span> <span class='ocrx_word' id='word_1_90' title='bbox 594 910 679 952; x_wconf 85' lang='lat' dir='ltr'>fuit.</span> <span class='ocrx_word' id='word_1_91' title='bbox 723 909 837 951; x_wconf 85' lang='lat' dir='ltr'>Sane</span> <span class='ocrx_word' id='word_1_92' title='bbox 858 914 1145 962; x_wconf 88' lang='lat' dir='ltr'>protestantes</span> <span class='ocrx_word' id='word_1_93' title='bbox 1177 913 1224 950; x_wconf 90' lang='lat' dir='ltr'>ut</span> <span class='ocrx_word' id='word_1_94' title='bbox 1254 908 1330 949; x_wconf 90' lang='lat' dir='ltr'>sibi</span> <span class='ocrx_word' id='word_1_95' title='bbox 1356 921 1484 950; x_wconf 87' lang='lat' dir='ltr'>verae</span> <span class='ocrx_word' id='word_1_96' title='bbox 1506 908 1720 951; x_wconf 88' lang='lat' dir='ltr'>Ecclesiae</span> <span class='ocrx_word' id='word_1_97' title='bbox 1743 909 1958 951; x_wconf 88' lang='lat' dir='ltr'>vindicare</span> 
     </span>
     <span class='ocr_line' id='line_1_12' title="bbox 221 980 1958 1035; baseline -0.001 -12"><span class='ocrx_word' id='word_1_98' title='bbox 221 983 386 1034; x_wconf 86' lang='lat' dir='ltr'>possint</span> <span class='ocrx_word' id='word_1_99' title='bbox 406 982 761 1035; x_wconf 85' lang='lat' dir='ltr'>praerogativam,</span> <span class='ocrx_word' id='word_1_100' title='bbox 793 993 869 1034; x_wconf 93' lang='lat' dir='ltr'>pro</span> <span class='ocrx_word' id='word_1_101' title='bbox 893 986 1010 1022; x_wconf 87' lang='lat' dir='ltr'>certo</span> <span class='ocrx_word' id='word_1_102' title='bbox 1034 992 1203 1021; x_wconf 88' lang='lat' dir='ltr'>sumere</span> <span class='ocrx_word' id='word_1_103' title='bbox 1225 980 1403 1021; x_wconf 88' lang='lat' dir='ltr'>debent:</span> <span class='ocrx_word' id='word_1_104' title='bbox 1435 993 1478 1024; x_wconf 84' lang='lat' dir='ltr'>a.</span> <span class='ocrx_word' id='word_1_105' title='bbox 1503 992 1676 1021; x_wconf 90' lang='lat' dir='ltr'>omnem</span> <span class='ocrx_word' id='word_1_106' title='bbox 1698 980 1958 1033; x_wconf 88' lang='lat' dir='ltr'>praeceden-</span> 
     </span>
     <span class='ocr_line' id='line_1_13' title="bbox 222 1050 1959 1103; baseline -0.002 -9"><span class='ocrx_word' id='word_1_107' title='bbox 222 1057 309 1094; x_wconf 88' lang='lat' dir='ltr'>tem</span> <span class='ocrx_word' id='word_1_108' title='bbox 329 1052 560 1094; x_wconf 90' lang='lat' dir='ltr'>Ecclesiam</span> <span class='ocrx_word' id='word_1_109' title='bbox 586 1064 774 1101; x_wconf 86' lang='lat' dir='ltr'>errasse;</span> <span class='ocrx_word' id='word_1_110' title='bbox 800 1054 848 1096; x_wconf 87' lang='lat' dir='ltr'>b.</span> <span class='ocrx_word' id='word_1_111' title='bbox 870 1051 1105 1093; x_wconf 88' lang='lat' dir='ltr'>Ecclesiam</span> <span class='ocrx_word' id='word_1_112' title='bbox 1129 1050 1336 1092; x_wconf 88' lang='lat' dir='ltr'>visibilem</span> <span class='ocrx_word' id='word_1_113' title='bbox 1360 1051 1589 1099; x_wconf 81' lang='lat' dir='ltr'>interiisse3</span> <span class='ocrx_word' id='word_1_114' title='bbox 1622 1064 1665 1095; x_wconf 91' lang='lat' dir='ltr'>c.</span> <span class='ocrx_word' id='word_1_115' title='bbox 1690 1063 1796 1103; x_wconf 90' lang='lat' dir='ltr'>opus</span> <span class='ocrx_word' id='word_1_116' title='bbox 1819 1050 1959 1101; x_wconf 87' lang='lat' dir='ltr'>fuisse,</span> 
     </span>
     <span class='ocr_line' id='line_1_14' title="bbox 221 1121 1957 1176; baseline -0.001 -12"><span class='ocrx_word' id='word_1_117' title='bbox 221 1127 268 1165; x_wconf 92' lang='lat' dir='ltr'>ut</span> <span class='ocrx_word' id='word_1_118' title='bbox 288 1124 389 1164; x_wconf 89' lang='lat' dir='ltr'>novi</span> <span class='ocrx_word' id='word_1_119' title='bbox 418 1124 462 1164; x_wconf 91' lang='lat' dir='ltr'>in</span> <span class='ocrx_word' id='word_1_120' title='bbox 491 1124 629 1164; x_wconf 89' lang='lat' dir='ltr'>lucem</span> <span class='ocrx_word' id='word_1_121' title='bbox 651 1123 871 1176; x_wconf 88' lang='lat' dir='ltr'>prodirent</span> <span class='ocrx_word' id='word_1_122' title='bbox 893 1123 1105 1170; x_wconf 91' lang='lat' dir='ltr'>doctores,</span> <span class='ocrx_word' id='word_1_123' title='bbox 1128 1122 1199 1175; x_wconf 91' lang='lat' dir='ltr'>qui</span> <span class='ocrx_word' id='word_1_124' title='bbox 1222 1121 1408 1173; x_wconf 87' lang='lat' dir='ltr'>depulsis</span> <span class='ocrx_word' id='word_1_125' title='bbox 1431 1121 1616 1163; x_wconf 87' lang='lat' dir='ltr'>tenebris</span> <span class='ocrx_word' id='word_1_126' title='bbox 1639 1121 1736 1163; x_wconf 88' lang='lat' dir='ltr'>fidei</span> <span class='ocrx_word' id='word_1_127' title='bbox 1758 1122 1957 1163; x_wconf 88' lang='lat' dir='ltr'>veritates</span> 
     </span>
     <span class='ocr_line' id='line_1_15' title="bbox 221 1192 1958 1248; baseline -0.002 -13"><span class='ocrx_word' id='word_1_128' title='bbox 221 1195 502 1238; x_wconf 87' lang='lat' dir='ltr'>restituerent.</span> <span class='ocrx_word' id='word_1_129' title='bbox 543 1194 671 1248; x_wconf 90' lang='lat' dir='ltr'>Atqui</span> <span class='ocrx_word' id='word_1_130' title='bbox 692 1194 794 1235; x_wconf 90' lang='lat' dir='ltr'>nihil</span> <span class='ocrx_word' id='word_1_131' title='bbox 816 1194 968 1235; x_wconf 92' lang='lat' dir='ltr'>horum</span> <span class='ocrx_word' id='word_1_132' title='bbox 992 1197 1066 1242; x_wconf 91' lang='lat' dir='ltr'>est,</span> <span class='ocrx_word' id='word_1_133' title='bbox 1100 1192 1213 1246; x_wconf 90' lang='lat' dir='ltr'>quod</span> <span class='ocrx_word' id='word_1_134' title='bbox 1244 1205 1331 1233; x_wconf 94' lang='lat' dir='ltr'>non</span> <span class='ocrx_word' id='word_1_135' title='bbox 1354 1193 1483 1233; x_wconf 88' lang='lat' dir='ltr'>etiam</span> <span class='ocrx_word' id='word_1_136' title='bbox 1506 1197 1796 1245; x_wconf 90' lang='lat' dir='ltr'>supponerent</span> <span class='ocrx_word' id='word_1_137' title='bbox 1817 1192 1958 1245; x_wconf 89' lang='lat' dir='ltr'>cujus-</span> 
     </span>
     <span class='ocr_line' id='line_1_16' title="bbox 221 1263 1210 1320; baseline 0 -13"><span class='ocrx_word' id='word_1_138' title='bbox 221 1266 284 1306; x_wconf 86' lang='lat' dir='ltr'>vis</span> <span class='ocrx_word' id='word_1_139' title='bbox 306 1266 471 1317; x_wconf 88' lang='lat' dir='ltr'>generis</span> <span class='ocrx_word' id='word_1_140' title='bbox 491 1266 696 1307; x_wconf 88' lang='lat' dir='ltr'>haeretici</span> <span class='ocrx_word' id='word_1_141' title='bbox 718 1277 743 1306; x_wconf 92' lang='lat' dir='ltr'>a</span> <span class='ocrx_word' id='word_1_142' title='bbox 765 1265 955 1318; x_wconf 83' lang='lat' dir='ltr'>patribus</span> <span class='ocrx_word' id='word_1_143' title='bbox 978 1264 1147 1305; x_wconf 84' lang='lat' dir='ltr'>refutati</span> <span class='ocrx_word' id='word_1_144' title='bbox 1169 1263 1210 1320; x_wconf 86' lang='lat'>1).</span> 
     </span>
    </p>
   </div>
   <div class='ocr_carea' id='block_1_4' title="bbox 218 1346 1958 2182">
    <p class='ocr_par' dir='ltr' id='par_1_4' title="bbox 218 1346 1958 2182">
     <span class='ocr_line' id='line_1_17' title="bbox 340 1346 1956 1401; baseline -0.003 -10"><span class='ocrx_word' id='word_1_145' title='bbox 340 1349 383 1394; x_wconf 77' lang='lat'>2.</span> <span class='ocrx_word' id='word_1_146' title='bbox 408 1348 556 1390; x_wconf 88' lang='lat' dir='ltr'>Unitas</span> <span class='ocrx_word' id='word_1_147' title='bbox 578 1348 675 1390; x_wconf 86' lang='lat' dir='ltr'>fidei</span> <span class='ocrx_word' id='word_1_148' title='bbox 696 1350 737 1389; x_wconf 91' lang='lat' dir='ltr'>in</span> <span class='ocrx_word' id='word_1_149' title='bbox 762 1352 887 1390; x_wconf 90' lang='lat' dir='ltr'>coetu</span> <span class='ocrx_word' id='word_1_150' title='bbox 918 1348 988 1389; x_wconf 91' lang='lat' dir='ltr'>illo</span> <span class='ocrx_word' id='word_1_151' title='bbox 1021 1360 1045 1388; x_wconf 93' lang='lat' dir='ltr'>a</span> <span class='ocrx_word' id='word_1_152' title='bbox 1078 1349 1208 1401; x_wconf 88' lang='lat' dir='ltr'>priori</span> <span class='ocrx_word' id='word_1_153' title='bbox 1229 1348 1397 1400; x_wconf 90' lang='lat' dir='ltr'>penitus</span> <span class='ocrx_word' id='word_1_154' title='bbox 1420 1347 1550 1396; x_wconf 90' lang='lat' dir='ltr'>deest,</span> <span class='ocrx_word' id='word_1_155' title='bbox 1581 1349 1691 1387; x_wconf 87' lang='lat' dir='ltr'>inter</span> <span class='ocrx_word' id='word_1_156' title='bbox 1712 1346 1833 1399; x_wconf 89' lang='lat' dir='ltr'>cujus</span> <span class='ocrx_word' id='word_1_157' title='bbox 1854 1346 1956 1387; x_wconf 87' lang='lat' dir='ltr'>doc-</span> 
     </span>
     <span class='ocr_line' id='line_1_18' title="bbox 222 1416 1958 1473; baseline -0.002 -13"><span class='ocrx_word' id='word_1_158' title='bbox 222 1423 337 1461; x_wconf 87' lang='lat' dir='ltr'>tores</span> <span class='ocrx_word' id='word_1_159' title='bbox 359 1420 448 1461; x_wconf 91' lang='lat' dir='ltr'>sive</span> <span class='ocrx_word' id='word_1_160' title='bbox 470 1420 521 1461; x_wconf 91' lang='lat' dir='ltr'>de</span> <span class='ocrx_word' id='word_1_161' title='bbox 543 1419 857 1473; x_wconf 86' lang='lat' dir='ltr'>Scripturarum</span> <span class='ocrx_word' id='word_1_162' title='bbox 880 1431 1058 1468; x_wconf 79' lang='lat' dir='ltr'>canone,</span> <span class='ocrx_word' id='word_1_163' title='bbox 1080 1419 1169 1460; x_wconf 92' lang='lat' dir='ltr'>sive</span> <span class='ocrx_word' id='word_1_164' title='bbox 1193 1418 1244 1459; x_wconf 92' lang='lat' dir='ltr'>de</span> <span class='ocrx_word' id='word_1_165' title='bbox 1267 1419 1449 1467; x_wconf 90' lang='lat' dir='ltr'>criterio,</span> <span class='ocrx_word' id='word_1_166' title='bbox 1473 1430 1556 1471; x_wconf 91' lang='lat' dir='ltr'>quo</span> <span class='ocrx_word' id='word_1_167' title='bbox 1580 1418 1744 1458; x_wconf 83' lang='lat' dir='ltr'>articuli</span> <span class='ocrx_word' id='word_1_168' title='bbox 1766 1416 1861 1458; x_wconf 85' lang='lat' dir='ltr'>fidei</span> <span class='ocrx_word' id='word_1_169' title='bbox 1883 1428 1958 1458; x_wconf 91' lang='lat' dir='ltr'>ne-</span> 
     </span>
     <span class='ocr_line' id='line_1_19' title="bbox 221 1488 1955 1540; baseline -0.002 -9"><span class='ocrx_word' id='word_1_170' title='bbox 221 1491 396 1532; x_wconf 88' lang='lat' dir='ltr'>cessarii</span> <span class='ocrx_word' id='word_1_171' title='bbox 418 1503 444 1532; x_wconf 88' lang='lat' dir='ltr'>a</span> <span class='ocrx_word' id='word_1_172' title='bbox 464 1504 552 1532; x_wconf 92' lang='lat' dir='ltr'>non</span> <span class='ocrx_word' id='word_1_173' title='bbox 566 1491 820 1532; x_wconf 87' lang='lat' dir='ltr'>necessariis</span> <span class='ocrx_word' id='word_1_174' title='bbox 835 1491 1144 1539; x_wconf 72' lang='lat' dir='ltr'>discernantur,</span> <span class='ocrx_word' id='word_1_175' title='bbox 1167 1490 1255 1530; x_wconf 90' lang='lat' dir='ltr'>sive</span> <span class='ocrx_word' id='word_1_176' title='bbox 1278 1489 1330 1530; x_wconf 92' lang='lat' dir='ltr'>de</span> <span class='ocrx_word' id='word_1_177' title='bbox 1353 1489 1607 1530; x_wconf 87' lang='lat' dir='ltr'>auctoritate</span> <span class='ocrx_word' id='word_1_178' title='bbox 1621 1488 1827 1529; x_wconf 89' lang='lat' dir='ltr'>librorum</span> <span class='ocrx_word' id='word_1_179' title='bbox 1841 1500 1955 1540; x_wconf 84' lang='lat' dir='ltr'>sym-</span> 
     </span>
     <span class='ocr_line' id='line_1_20' title="bbox 221 1559 1955 1614; baseline -0.002 -13"><span class='ocrx_word' id='word_1_180' title='bbox 221 1560 458 1603; x_wconf 88' lang='lat' dir='ltr'>bolicorum</span> <span class='ocrx_word' id='word_1_181' title='bbox 480 1562 671 1603; x_wconf 91' lang='lat' dir='ltr'>nondum</span> <span class='ocrx_word' id='word_1_182' title='bbox 693 1562 914 1610; x_wconf 89' lang='lat' dir='ltr'>convenit;</span> <span class='ocrx_word' id='word_1_183' title='bbox 947 1566 988 1602; x_wconf 90' lang='lat' dir='ltr'>et</span> <span class='ocrx_word' id='word_1_184' title='bbox 1014 1561 1083 1614; x_wconf 90' lang='lat' dir='ltr'>qui</span> <span class='ocrx_word' id='word_1_185' title='bbox 1107 1565 1226 1601; x_wconf 86' lang='lat' dir='ltr'>caret</span> <span class='ocrx_word' id='word_1_186' title='bbox 1248 1560 1453 1613; x_wconf 91' lang='lat' dir='ltr'>principio</span> <span class='ocrx_word' id='word_1_187' title='bbox 1476 1559 1530 1600; x_wconf 91' lang='lat' dir='ltr'>ad</span> <span class='ocrx_word' id='word_1_188' title='bbox 1553 1559 1762 1612; x_wconf 87' lang='lat' dir='ltr'>ejusmodi</span> <span class='ocrx_word' id='word_1_189' title='bbox 1784 1563 1955 1599; x_wconf 84' lang='lat' dir='ltr'>contro-</span> 
     </span>
     <span class='ocr_line' id='line_1_21' title="bbox 221 1630 1957 1684; baseline -0.001 -12"><span class='ocrx_word' id='word_1_190' title='bbox 221 1632 382 1673; x_wconf 88' lang='lat' dir='ltr'>versias</span> <span class='ocrx_word' id='word_1_191' title='bbox 407 1637 449 1674; x_wconf 89' lang='lat' dir='ltr'>et</span> <span class='ocrx_word' id='word_1_192' title='bbox 463 1633 747 1674; x_wconf 86' lang='lat' dir='ltr'>dubitationes</span> <span class='ocrx_word' id='word_1_193' title='bbox 762 1633 1004 1673; x_wconf 85' lang='lat' dir='ltr'>authentice</span> <span class='ocrx_word' id='word_1_194' title='bbox 1020 1631 1354 1684; x_wconf 87' lang='lat' dir='ltr'>componendas.</span> <span class='ocrx_word' id='word_1_195' title='bbox 1376 1630 1503 1684; x_wconf 89' lang='lat' dir='ltr'>Atqui</span> <span class='ocrx_word' id='word_1_196' title='bbox 1519 1634 1805 1683; x_wconf 87' lang='lat' dir='ltr'>protestantes</span> <span class='ocrx_word' id='word_1_197' title='bbox 1818 1641 1957 1682; x_wconf 87' lang='lat' dir='ltr'>neque</span> 
     </span>
     <span class='ocr_line' id='line_1_22' title="bbox 220 1699 1957 1757; baseline -0.001 -14"><span class='ocrx_word' id='word_1_198' title='bbox 220 1702 462 1752; x_wconf 81' lang='lat' dir='ltr'>universim,</span> <span class='ocrx_word' id='word_1_199' title='bbox 493 1715 631 1757; x_wconf 89' lang='lat' dir='ltr'>neque</span> <span class='ocrx_word' id='word_1_200' title='bbox 653 1703 914 1756; x_wconf 86' lang='lat' dir='ltr'>singulorum</span> <span class='ocrx_word' id='word_1_201' title='bbox 937 1702 1107 1755; x_wconf 89' lang='lat' dir='ltr'>quidem</span> <span class='ocrx_word' id='word_1_202' title='bbox 1130 1707 1329 1743; x_wconf 90' lang='lat' dir='ltr'>coetuum</span> <span class='ocrx_word' id='word_1_203' title='bbox 1352 1706 1587 1742; x_wconf 88' lang='lat' dir='ltr'>sectatores</span> <span class='ocrx_word' id='word_1_204' title='bbox 1618 1701 1661 1741; x_wconf 90' lang='lat' dir='ltr'>in</span> <span class='ocrx_word' id='word_1_205' title='bbox 1694 1701 1811 1741; x_wconf 92' lang='lat' dir='ltr'>hisce</span> <span class='ocrx_word' id='word_1_206' title='bbox 1841 1699 1957 1741; x_wconf 86' lang='lat' dir='ltr'>suffi-</span> 
     </span>
     <span class='ocr_line' id='line_1_23' title="bbox 221 1770 1955 1825; baseline -0.002 -11"><span class='ocrx_word' id='word_1_207' title='bbox 221 1773 381 1814; x_wconf 91' lang='lat' dir='ltr'>cienter</span> <span class='ocrx_word' id='word_1_208' title='bbox 411 1775 669 1815; x_wconf 88' lang='lat' dir='ltr'>conveniunt</span> <span class='ocrx_word' id='word_1_209' title='bbox 700 1786 738 1814; x_wconf 91' lang='lat' dir='ltr'>n.</span> <span class='ocrx_word' id='word_1_210' title='bbox 762 1776 847 1818; x_wconf 77' lang='lat'>296</span> <span class='ocrx_word' id='word_1_211' title='bbox 863 1777 891 1821; x_wconf 77' lang='lat'>5,</span> <span class='ocrx_word' id='word_1_212' title='bbox 924 1777 966 1813; x_wconf 88' lang='lat' dir='ltr'>et</span> <span class='ocrx_word' id='word_1_213' title='bbox 996 1773 1164 1825; x_wconf 89' lang='lat' dir='ltr'>abjecto</span> <span class='ocrx_word' id='word_1_214' title='bbox 1197 1772 1441 1824; x_wconf 87' lang='lat' dir='ltr'>magisterio</span> <span class='ocrx_word' id='word_1_215' title='bbox 1463 1770 1676 1812; x_wconf 88' lang='lat' dir='ltr'>Ecclesiae</span> <span class='ocrx_word' id='word_1_216' title='bbox 1710 1771 1955 1812; x_wconf 89' lang='lat' dir='ltr'>authentico</span> 
     </span>
     <span class='ocr_line' id='line_1_24' title="bbox 221 1841 1955 1898; baseline -0.001 -14"><span class='ocrx_word' id='word_1_217' title='bbox 221 1849 368 1885; x_wconf 87' lang='lat' dir='ltr'>carent</span> <span class='ocrx_word' id='word_1_218' title='bbox 401 1845 553 1894; x_wconf 89' lang='lat' dir='ltr'>medio,</span> <span class='ocrx_word' id='word_1_219' title='bbox 587 1844 701 1898; x_wconf 89' lang='lat' dir='ltr'>quod</span> <span class='ocrx_word' id='word_1_220' title='bbox 735 1857 813 1897; x_wconf 90' lang='lat' dir='ltr'>par</span> <span class='ocrx_word' id='word_1_221' title='bbox 846 1845 901 1885; x_wconf 90' lang='lat' dir='ltr'>sit</span> <span class='ocrx_word' id='word_1_222' title='bbox 934 1843 1171 1885; x_wconf 89' lang='lat' dir='ltr'>discordiae</span> <span class='ocrx_word' id='word_1_223' title='bbox 1207 1842 1532 1895; x_wconf 85' lang='lat' dir='ltr'>componendae</span> <span class='ocrx_word' id='word_1_224' title='bbox 1563 1844 1620 1895; x_wconf 88' lang='lat' dir='ltr'>(n.</span> <span class='ocrx_word' id='word_1_225' title='bbox 1655 1843 1771 1898; x_wconf 80' lang='lat'>257).</span> <span class='ocrx_word' id='word_1_226' title='bbox 1813 1841 1955 1893; x_wconf 84' lang='lat' dir='ltr'>Quare</span> 
     </span>
     <span class='ocr_line' id='line_1_25' title="bbox 219 1911 1955 1968; baseline -0.001 -13"><span class='ocrx_word' id='word_1_227' title='bbox 219 1927 437 1968; x_wconf 90' lang='lat' dir='ltr'>nunquam</span> <span class='ocrx_word' id='word_1_228' title='bbox 459 1916 674 1968; x_wconf 89' lang='lat' dir='ltr'>potientur</span> <span class='ocrx_word' id='word_1_229' title='bbox 704 1927 756 1956; x_wconf 86' lang='lat' dir='ltr'>ea</span> <span class='ocrx_word' id='word_1_230' title='bbox 789 1914 884 1956; x_wconf 90' lang='lat' dir='ltr'>fidei</span> <span class='ocrx_word' id='word_1_231' title='bbox 915 1916 1089 1963; x_wconf 82' lang='lat' dir='ltr'>unitate,</span> <span class='ocrx_word' id='word_1_232' title='bbox 1122 1926 1207 1967; x_wconf 90' lang='lat' dir='ltr'>qua</span> <span class='ocrx_word' id='word_1_233' title='bbox 1239 1913 1398 1966; x_wconf 89' lang='lat' dir='ltr'>pollere</span> <span class='ocrx_word' id='word_1_234' title='bbox 1430 1913 1556 1954; x_wconf 87' lang='lat' dir='ltr'>debet</span> <span class='ocrx_word' id='word_1_235' title='bbox 1577 1911 1732 1954; x_wconf 85' lang='lat' dir='ltr'>Christi</span> <span class='ocrx_word' id='word_1_236' title='bbox 1755 1913 1955 1955; x_wconf 82' lang='lat' dir='ltr'>Ecclesia.</span> 
     </span>
     <span class='ocr_line' id='line_1_26' title="bbox 219 1983 1957 2039; baseline -0.001 -13"><span class='ocrx_word' id='word_1_237' title='bbox 219 1985 308 2027; x_wconf 92' lang='lat' dir='ltr'>Imo</span> <span class='ocrx_word' id='word_1_238' title='bbox 331 1999 414 2039; x_wconf 91' lang='lat' dir='ltr'>quo</span> <span class='ocrx_word' id='word_1_239' title='bbox 438 1986 571 2039; x_wconf 84' lang='lat' dir='ltr'>magis</span> <span class='ocrx_word' id='word_1_240' title='bbox 594 1999 669 2028; x_wconf 93' lang='lat' dir='ltr'>seu</span> <span class='ocrx_word' id='word_1_241' title='bbox 691 1998 775 2039; x_wconf 89' lang='lat' dir='ltr'>quo</span> <span class='ocrx_word' id='word_1_242' title='bbox 791 1986 990 2027; x_wconf 90' lang='lat' dir='ltr'>meliores</span> <span class='ocrx_word' id='word_1_243' title='bbox 1005 1990 1103 2026; x_wconf 90' lang='lat' dir='ltr'>sunt</span> <span class='ocrx_word' id='word_1_244' title='bbox 1118 1989 1417 2037; x_wconf 79' lang='lat' dir='ltr'>protestantes,</span> <span class='ocrx_word' id='word_1_245' title='bbox 1440 1996 1490 2025; x_wconf 92' lang='lat' dir='ltr'>eo</span> <span class='ocrx_word' id='word_1_246' title='bbox 1514 1984 1649 2036; x_wconf 85' lang='lat' dir='ltr'>magis</span> <span class='ocrx_word' id='word_1_247' title='bbox 1672 1984 1781 2025; x_wconf 89' lang='lat' dir='ltr'>inter</span> <span class='ocrx_word' id='word_1_248' title='bbox 1803 1996 1848 2025; x_wconf 92' lang='lat' dir='ltr'>se</span> <span class='ocrx_word' id='word_1_249' title='bbox 1871 1983 1957 2025; x_wconf 84' lang='lat' dir='ltr'>dis—</span> 
     </span>
     <span class='ocr_line' id='line_1_27' title="bbox 219 2054 1955 2110; baseline -0.002 -12"><span class='ocrx_word' id='word_1_250' title='bbox 219 2056 413 2105; x_wconf 80' lang='lat' dir='ltr'>sentient,</span> <span class='ocrx_word' id='word_1_251' title='bbox 435 2057 544 2098; x_wconf 90' lang='lat' dir='ltr'>sicut</span> <span class='ocrx_word' id='word_1_252' title='bbox 565 2057 772 2106; x_wconf 86' lang='lat' dir='ltr'>catholici,</span> <span class='ocrx_word' id='word_1_253' title='bbox 805 2069 889 2110; x_wconf 90' lang='lat' dir='ltr'>quo</span> <span class='ocrx_word' id='word_1_254' title='bbox 913 2056 1111 2097; x_wconf 90' lang='lat' dir='ltr'>meliores</span> <span class='ocrx_word' id='word_1_255' title='bbox 1134 2060 1233 2096; x_wconf 91' lang='lat' dir='ltr'>sunt</span> <span class='ocrx_word' id='word_1_256' title='bbox 1254 2054 1326 2096; x_wconf 90' lang='lat' dir='ltr'>filii</span> <span class='ocrx_word' id='word_1_257' title='bbox 1346 2054 1574 2104; x_wconf 88' lang='lat' dir='ltr'>Ecclesiae,</span> <span class='ocrx_word' id='word_1_258' title='bbox 1607 2055 1650 2096; x_wconf 94' lang='lat' dir='ltr'>in</span> <span class='ocrx_word' id='word_1_259' title='bbox 1673 2067 1724 2096; x_wconf 91' lang='lat' dir='ltr'>eo</span> <span class='ocrx_word' id='word_1_260' title='bbox 1747 2055 1955 2108; x_wconf 79' lang='lat' dir='ltr'>maJ&#39;orem</span> 
     </span>
     <span class='ocr_line' id='line_1_28' title="bbox 218 2126 1232 2182; baseline 0.004 -15"><span class='ocrx_word' id='word_1_261' title='bbox 218 2126 315 2168; x_wconf 92' lang='lat' dir='ltr'>fidei</span> <span class='ocrx_word' id='word_1_262' title='bbox 337 2129 609 2182; x_wconf 89' lang='lat' dir='ltr'>caritatisque</span> <span class='ocrx_word' id='word_1_263' title='bbox 631 2130 838 2169; x_wconf 85' lang='lat' dir='ltr'>unitatem</span> <span class='ocrx_word' id='word_1_264' title='bbox 861 2127 1169 2179; x_wconf 91' lang='lat' dir='ltr'>conspirabunt</span> <span class='ocrx_word' id='word_1_265' title='bbox 1185 2128 1232 2181; x_wconf 80' lang='grc'>2).</span> 
     </span>
    </p>
   </div>
   <div class='ocr_carea' id='block_1_5' title="bbox 217 2208 1953 2476">
    <p class='ocr_par' dir='ltr' id='par_1_5' title="bbox 217 2208 1953 2476">
     <span class='ocr_line' id='line_1_29' title="bbox 337 2208 1953 2261; baseline -0.003 -8"><span class='ocrx_word' id='word_1_266' title='bbox 337 2211 380 2254; x_wconf 85' lang='grc'>3.</span> <span class='ocrx_word' id='word_1_267' title='bbox 403 2210 570 2252; x_wconf 87' lang='lat' dir='ltr'>Revera</span> <span class='ocrx_word' id='word_1_268' title='bbox 590 2211 706 2252; x_wconf 89' lang='lat' dir='ltr'>nulla</span> <span class='ocrx_word' id='word_1_269' title='bbox 729 2211 824 2252; x_wconf 88' lang='lat' dir='ltr'>fidei</span> <span class='ocrx_word' id='word_1_270' title='bbox 845 2211 986 2252; x_wconf 90' lang='lat' dir='ltr'>unitas</span> <span class='ocrx_word' id='word_1_271' title='bbox 1007 2210 1051 2250; x_wconf 92' lang='lat' dir='ltr'>in</span> <span class='ocrx_word' id='word_1_272' title='bbox 1073 2208 1265 2250; x_wconf 90' lang='lat' dir='ltr'>coetibus</span> <span class='ocrx_word' id='word_1_273' title='bbox 1278 2208 1606 2261; x_wconf 89' lang='lat' dir='ltr'>protestantium</span> <span class='ocrx_word' id='word_1_274' title='bbox 1628 2208 1750 2261; x_wconf 83' lang='lat' dir='ltr'>viget,</span> <span class='ocrx_word' id='word_1_275' title='bbox 1772 2208 1858 2248; x_wconf 91' lang='lat' dir='ltr'>imo</span> <span class='ocrx_word' id='word_1_276' title='bbox 1881 2219 1953 2260; x_wconf 93' lang='lat' dir='ltr'>po-</span> 
     </span>
     <span class='ocr_line' id='line_1_30' title="bbox 218 2277 1953 2334; baseline -0.002 -12"><span class='ocrx_word' id='word_1_277' title='bbox 218 2281 300 2322; x_wconf 90' lang='lat' dir='ltr'>tius</span> <span class='ocrx_word' id='word_1_278' title='bbox 322 2283 509 2322; x_wconf 84' lang='lat' dir='ltr'>maxima</span> <span class='ocrx_word' id='word_1_279' title='bbox 531 2282 671 2333; x_wconf 84' lang='lat' dir='ltr'>vigent</span> <span class='ocrx_word' id='word_1_280' title='bbox 694 2282 879 2324; x_wconf 90' lang='lat' dir='ltr'>dissidia.</span> <span class='ocrx_word' id='word_1_281' title='bbox 921 2280 1050 2334; x_wconf 89' lang='lat' dir='ltr'>Atqui</span> <span class='ocrx_word' id='word_1_282' title='bbox 1072 2285 1220 2321; x_wconf 91' lang='lat' dir='ltr'>coetus</span> <span class='ocrx_word' id='word_1_283' title='bbox 1243 2279 1352 2320; x_wconf 91' lang='lat' dir='ltr'>adeo</span> <span class='ocrx_word' id='word_1_284' title='bbox 1384 2279 1428 2319; x_wconf 92' lang='lat' dir='ltr'>in</span> <span class='ocrx_word' id='word_1_285' title='bbox 1460 2290 1505 2320; x_wconf 92' lang='lat' dir='ltr'>se</span> <span class='ocrx_word' id='word_1_286' title='bbox 1538 2278 1703 2320; x_wconf 89' lang='lat' dir='ltr'>discors</span> <span class='ocrx_word' id='word_1_287' title='bbox 1725 2290 1853 2320; x_wconf 87' lang='lat' dir='ltr'>verae</span> <span class='ocrx_word' id='word_1_288' title='bbox 1875 2277 1953 2319; x_wconf 91' lang='lat' dir='ltr'>Ec-</span> 
     </span>
     <span class='ocr_line' id='line_1_31' title="bbox 218 2350 1952 2406; baseline -0.001 -14"><span class='ocrx_word' id='word_1_289' title='bbox 218 2351 373 2393; x_wconf 90' lang='lat' dir='ltr'>clesiae</span> <span class='ocrx_word' id='word_1_290' title='bbox 394 2352 544 2394; x_wconf 80' lang='lat' dir='ltr'>faciem</span> <span class='ocrx_word' id='word_1_291' title='bbox 567 2365 670 2406; x_wconf 87' lang='lat' dir='ltr'>prae</span> <span class='ocrx_word' id='word_1_292' title='bbox 701 2365 746 2394; x_wconf 92' lang='lat' dir='ltr'>se</span> <span class='ocrx_word' id='word_1_293' title='bbox 768 2365 854 2394; x_wconf 93' lang='lat' dir='ltr'>non</span> <span class='ocrx_word' id='word_1_294' title='bbox 877 2352 968 2394; x_wconf 84' lang='lat' dir='ltr'>fert.</span> <span class='ocrx_word' id='word_1_295' title='bbox 1010 2352 1125 2393; x_wconf 88' lang='lat' dir='ltr'>Haec</span> <span class='ocrx_word' id='word_1_296' title='bbox 1146 2351 1409 2392; x_wconf 88' lang='lat' dir='ltr'>illustrantur</span> <span class='ocrx_word' id='word_1_297' title='bbox 1431 2350 1621 2391; x_wconf 88' lang='lat' dir='ltr'>candidis</span> <span class='ocrx_word' id='word_1_298' title='bbox 1642 2351 1831 2403; x_wconf 90' lang='lat' dir='ltr'>ipsorum</span> <span class='ocrx_word' id='word_1_299' title='bbox 1854 2362 1952 2403; x_wconf 88' lang='lat' dir='ltr'>pro-</span> 
     </span>
     <span class='ocr_line' id='line_1_32' title="bbox 217 2421 1872 2476; baseline -0.001 -12"><span class='ocrx_word' id='word_1_300' title='bbox 217 2423 463 2464; x_wconf 87' lang='lat' dir='ltr'>testantium</span> <span class='ocrx_word' id='word_1_301' title='bbox 484 2424 749 2473; x_wconf 86' lang='lat' dir='ltr'>testimoniis,</span> <span class='ocrx_word' id='word_1_302' title='bbox 772 2435 881 2476; x_wconf 91' lang='lat' dir='ltr'>quae</span> <span class='ocrx_word' id='word_1_303' title='bbox 905 2423 972 2463; x_wconf 90' lang='lat' dir='ltr'>vel</span> <span class='ocrx_word' id='word_1_304' title='bbox 994 2423 1134 2463; x_wconf 87' lang='lat' dir='ltr'>invitis</span> <span class='ocrx_word' id='word_1_305' title='bbox 1156 2422 1345 2463; x_wconf 89' lang='lat' dir='ltr'>veritatis</span> <span class='ocrx_word' id='word_1_306' title='bbox 1369 2421 1582 2462; x_wconf 89' lang='lat' dir='ltr'>evidentia</span> <span class='ocrx_word' id='word_1_307' title='bbox 1604 2421 1812 2474; x_wconf 83' lang='lat' dir='ltr'>expressit</span> <span class='ocrx_word' id='word_1_308' title='bbox 1827 2422 1872 2476; x_wconf 77' lang='lat'>3).</span> 
     </span>
    </p>
   </div>
   <div class='ocr_carea' id='block_1_6' title="bbox 216 2515 1949 2711">
    <p class='ocr_par' dir='ltr' id='par_1_6' title="bbox 216 2515 1949 2711">
     <span class='ocr_line' id='line_1_33' title="bbox 336 2515 1819 2562; baseline -0.004 0"><span class='ocrx_word' id='word_1_309' title='bbox 336 2521 433 2562; x_wconf 79' lang='lat'><strong>325.</strong></span> <span class='ocrx_word' id='word_1_310' title='bbox 455 2518 779 2559; x_wconf 74' lang='lat' dir='ltr'>Protestantium</span> <span class='ocrx_word' id='word_1_311' title='bbox 802 2522 935 2558; x_wconf 78' lang='lat' dir='ltr'>coetus</span> <span class='ocrx_word' id='word_1_312' title='bbox 956 2531 1099 2557; x_wconf 76' lang='lat' dir='ltr'>carere</span> <span class='ocrx_word' id='word_1_313' title='bbox 1120 2520 1219 2557; x_wconf 71' lang='lat' dir='ltr'>nota</span> <span class='ocrx_word' id='word_1_314' title='bbox 1240 2516 1475 2557; x_wconf 72' lang='lat' dir='ltr'>sanctitatis</span> <span class='ocrx_word' id='word_1_315' title='bbox 1497 2515 1556 2556; x_wconf 88' lang='lat' dir='ltr'>ita</span> <span class='ocrx_word' id='word_1_316' title='bbox 1579 2515 1819 2556; x_wconf 87' lang='lat' dir='ltr'>conficitur:</span> 
     </span>
     <span class='ocr_line' id='line_1_34' title="bbox 337 2586 1949 2641; baseline -0.002 -11"><span class='ocrx_word' id='word_1_317' title='bbox 337 2588 378 2634; x_wconf 87' lang='lat'>1.</span> <span class='ocrx_word' id='word_1_318' title='bbox 401 2588 647 2630; x_wconf 90' lang='lat' dir='ltr'>Inductione</span> <span class='ocrx_word' id='word_1_319' title='bbox 669 2589 883 2630; x_wconf 86' lang='lat' dir='ltr'>constanti</span> <span class='ocrx_word' id='word_1_320' title='bbox 904 2588 1045 2641; x_wconf 89' lang='lat' dir='ltr'>liquet,</span> <span class='ocrx_word' id='word_1_321' title='bbox 1072 2587 1310 2628; x_wconf 87' lang='lat' dir='ltr'>doctrinam</span> <span class='ocrx_word' id='word_1_322' title='bbox 1334 2586 1624 2638; x_wconf 83' lang='lat' dir='ltr'>evangelicam</span> <span class='ocrx_word' id='word_1_323' title='bbox 1647 2586 1949 2627; x_wconf 87' lang='lat' dir='ltr'>saluberrimos</span> 
     </span>
     <span class='ocr_line' id='line_1_35' title="bbox 216 2657 1947 2711; baseline -0.002 -11"><span class='ocrx_word' id='word_1_324' title='bbox 216 2659 375 2700; x_wconf 83' lang='lat' dir='ltr'>tructus</span> <span class='ocrx_word' id='word_1_325' title='bbox 408 2660 475 2701; x_wconf 90' lang='lat' dir='ltr'>vel</span> <span class='ocrx_word' id='word_1_326' title='bbox 507 2660 550 2700; x_wconf 93' lang='lat' dir='ltr'>in</span> <span class='ocrx_word' id='word_1_327' title='bbox 584 2659 857 2701; x_wconf 87' lang='lat' dir='ltr'>ferocissimis</span> <span class='ocrx_word' id='word_1_328' title='bbox 893 2659 1060 2711; x_wconf 86' lang='lat' dir='ltr'>populis</span> <span class='ocrx_word' id='word_1_329' title='bbox 1091 2658 1292 2710; x_wconf 90' lang='lat' dir='ltr'>omnique</span> <span class='ocrx_word' id='word_1_330' title='bbox 1323 2657 1475 2698; x_wconf 89' lang='lat' dir='ltr'>sceleri</span> <span class='ocrx_word' id='word_1_331' title='bbox 1505 2657 1656 2698; x_wconf 88' lang='lat' dir='ltr'>deditis</span> <span class='ocrx_word' id='word_1_332' title='bbox 1687 2657 1947 2710; x_wconf 88' lang='lat' dir='ltr'>produxisse.</span> 
     </span>
    </p>
   </div>
   <div class='ocr_carea' id='block_1_7' title="bbox 217 2744 498 2748">
    <p class='ocr_par' dir='ltr' id='par_1_7' title="bbox 217 2744 498 2748">
     <span class='ocr_line' id='line_1_36' title="bbox 217 2744 498 2748; baseline 0 0"><span class='ocrx_word' id='word_1_333' title='bbox 217 2744 498 2748; x_wconf 95' lang='lat' dir='ltr'> </span> 
     </span>
    </p>
   </div>
   <div class='ocr_carea' id='block_1_8' title="bbox 215 2773 1944 3187">
    <p class='ocr_par' dir='ltr' id='par_1_8' title="bbox 363 2773 1757 2822">
     <span class='ocr_line' id='line_1_37' title="bbox 363 2773 1757 2822; baseline -0.002 -11"><span class='ocrx_word' id='word_1_334' title='bbox 363 2778 388 2822; x_wconf 90' lang='lat'>¹)</span> <span class='ocrx_word' id='word_1_335' title='bbox 408 2776 460 2813; x_wconf 87' lang='lat' dir='ltr'>Cf.</span> <span class='ocrx_word' id='word_1_336' title='bbox 477 2775 825 2811; x_wconf 83' lang='lat' dir='ltr'>Tertullianus</span> <span class='ocrx_word' id='word_1_337' title='bbox 845 2776 888 2810; x_wconf 89' lang='lat' dir='ltr'>de</span> <span class='ocrx_word' id='word_1_338' title='bbox 906 2785 1064 2820; x_wconf 80' lang='lat' dir='ltr'>praescr.</span> <span class='ocrx_word' id='word_1_339' title='bbox 1084 2785 1113 2808; x_wconf 94' lang='lat' dir='ltr'>c.</span> <span class='ocrx_word' id='word_1_340' title='bbox 1133 2776 1178 2808; x_wconf 84' lang='lat'>27</span> <span class='ocrx_word' id='word_1_341' title='bbox 1195 2785 1240 2808; x_wconf 73' lang='lat' dir='ltr'>se.</span> <span class='ocrx_word' id='word_1_342' title='bbox 1258 2778 1324 2812; x_wconf 78' lang='lat'>42:</span> <span class='ocrx_word' id='word_1_343' title='bbox 1344 2773 1757 2818; x_wconf 76' lang='lat' dir='ltr'>Passaglia111.29.</span> 
     </span>
    </p>

    <p class='ocr_par' dir='ltr' id='par_1_9' title="bbox 217 2826 1944 2925">
     <span class='ocr_line' id='line_1_38' title="bbox 361 2826 1944 2875; baseline -0.003 -11"><span class='ocrx_word' id='word_1_344' title='bbox 361 2831 388 2875; x_wconf 84' lang='lat'>²)</span> <span class='ocrx_word' id='word_1_345' title='bbox 407 2830 457 2864; x_wconf 85' lang='lat' dir='ltr'>Cf.</span> <span class='ocrx_word' id='word_1_346' title='bbox 486 2829 721 2864; x_wconf 71' lang='lat' dir='ltr'>Valentia</span> <span class='ocrx_word' id='word_1_347' title='bbox 748 2831 908 2875; x_wconf 70' lang='lat' dir='ltr'>analysis</span> <span class='ocrx_word' id='word_1_348' title='bbox 936 2829 1021 2863; x_wconf 83' lang='lat' dir='ltr'>fidei</span> <span class='ocrx_word' id='word_1_349' title='bbox 1048 2829 1172 2873; x_wconf 72' lang='lat' dir='ltr'>punct.</span> <span class='ocrx_word' id='word_1_350' title='bbox 1190 2830 1223 2862; x_wconf 87' lang='lat'>3.</span> <span class='ocrx_word' id='word_1_351' title='bbox 1241 2831 1274 2862; x_wconf 84' lang='lat'>4.</span> <span class='ocrx_word' id='word_1_352' title='bbox 1294 2832 1334 2866; x_wconf 71' lang='lat'>5:</span> <span class='ocrx_word' id='word_1_353' title='bbox 1369 2828 1580 2862; x_wconf 82' lang='lat' dir='ltr'>Scheffm</span> <span class='ocrx_word' id='word_1_354' title='bbox 1594 2827 1739 2861; x_wconf 77' lang='lat' dir='ltr'>acher</span> <span class='ocrx_word' id='word_1_355' title='bbox 1764 2826 1887 2860; x_wconf 69' lang='lat' dir='ltr'>Lettre</span> <span class='ocrx_word' id='word_1_356' title='bbox 1905 2828 1944 2863; x_wconf 80' lang='lat'>2;</span> 
     </span>
     <span class='ocr_line' id='line_1_39' title="bbox 217 2880 1615 2925; baseline -0.001 -9"><span class='ocrx_word' id='word_1_357' title='bbox 217 2882 372 2916; x_wconf 82' lang='lat' dir='ltr'>Wiest</span> <span class='ocrx_word' id='word_1_358' title='bbox 388 2882 507 2918; x_wconf 77' lang='lat' dir='ltr'>instit.</span> <span class='ocrx_word' id='word_1_359' title='bbox 526 2882 637 2918; x_wconf 81' lang='lat' dir='ltr'>theol.</span> <span class='ocrx_word' id='word_1_360' title='bbox 656 2884 674 2921; x_wconf 67' lang='grc' dir='ltr'><strong>ἓ</strong></span> <span class='ocrx_word' id='word_1_361' title='bbox 693 2886 749 2917; x_wconf 78' lang='lat'>23.</span> <span class='ocrx_word' id='word_1_362' title='bbox 767 2887 812 2918; x_wconf 86' lang='lat'>40</span> <span class='ocrx_word' id='word_1_363' title='bbox 832 2895 879 2920; x_wconf 77' lang='lat' dir='ltr'>s:</span> <span class='ocrx_word' id='word_1_364' title='bbox 900 2883 929 2916; x_wconf 94' lang='lat' dir='ltr'>D</span> <span class='ocrx_word' id='word_1_365' title='bbox 943 2893 961 2915; x_wconf 91' lang='lat' dir='ltr'>e</span> <span class='ocrx_word' id='word_1_366' title='bbox 975 2882 1029 2925; x_wconf 79' lang='lat' dir='ltr'>by</span> <span class='ocrx_word' id='word_1_367' title='bbox 1047 2881 1107 2915; x_wconf 88' lang='lat' dir='ltr'>die</span> <span class='ocrx_word' id='word_1_368' title='bbox 1124 2882 1205 2915; x_wconf 89' lang='lat' dir='ltr'>eine</span> <span class='ocrx_word' id='word_1_369' title='bbox 1223 2881 1348 2914; x_wconf 76' lang='lat' dir='ltr'>wahre</span> <span class='ocrx_word' id='word_1_370' title='bbox 1368 2880 1501 2914; x_wconf 86' lang='lat' dir='ltr'>Kirche</span> <span class='ocrx_word' id='word_1_371' title='bbox 1520 2881 1541 2925; x_wconf 66' lang='grc' dir='ltr'>ξ</span> <span class='ocrx_word' id='word_1_372' title='bbox 1564 2883 1615 2914; x_wconf 84' lang='grc'>18.</span> 
     </span>
    </p>

    <p class='ocr_par' dir='ltr' id='par_1_10' title="bbox 215 2931 1944 3138">
     <span class='ocr_line' id='line_1_40' title="bbox 360 2931 1944 2980; baseline -0.003 -12"><span class='ocrx_word' id='word_1_373' title='bbox 360 2935 387 2980; x_wconf 83' lang='lat'>⁸)</span> <span class='ocrx_word' id='word_1_374' title='bbox 405 2936 456 2969; x_wconf 88' lang='lat' dir='ltr'>Cf.</span> <span class='ocrx_word' id='word_1_375' title='bbox 476 2945 517 2969; x_wconf 84' lang='lat' dir='ltr'>ea</span> <span class='ocrx_word' id='word_1_376' title='bbox 533 2935 670 2979; x_wconf 80' lang='lat' dir='ltr'>passim</span> <span class='ocrx_word' id='word_1_377' title='bbox 685 2936 780 2980; x_wconf 86' lang='lat' dir='ltr'>apud</span> <span class='ocrx_word' id='word_1_378' title='bbox 801 2936 953 2970; x_wconf 86' lang='lat' dir='ltr'>Wiest</span> <span class='ocrx_word' id='word_1_379' title='bbox 971 2933 994 2968; x_wconf 91' lang='lat' dir='ltr'>l.</span> <span class='ocrx_word' id='word_1_380' title='bbox 1014 2944 1044 2967; x_wconf 85' lang='lat' dir='ltr'>c.</span> <span class='ocrx_word' id='word_1_381' title='bbox 1062 2936 1098 2975; x_wconf 63' lang='grc' dir='ltr'>ἐξ</span> <span class='ocrx_word' id='word_1_382' title='bbox 1121 2936 1162 2968; x_wconf 87' lang='grc'>16</span> <span class='ocrx_word' id='word_1_383' title='bbox 1182 2945 1227 2968; x_wconf 73' lang='lat' dir='ltr'>SS.</span> <span class='ocrx_word' id='word_1_384' title='bbox 1244 2936 1300 2968; x_wconf 79' lang='lat'><strong><em>⁶26.</em></strong></span> <span class='ocrx_word' id='word_1_385' title='bbox 1319 2935 1477 2968; x_wconf 65' lang='lat' dir='ltr'>33s40.</span> <span class='ocrx_word' id='word_1_386' title='bbox 1498 2936 1560 2968; x_wconf 87' lang='grc'>166</span> <span class='ocrx_word' id='word_1_387' title='bbox 1575 2935 1664 2971; x_wconf 81' lang='lat' dir='ltr'>etc.;</span> <span class='ocrx_word' id='word_1_388' title='bbox 1685 2931 1944 2975; x_wconf 67' lang='lat' dir='ltr'>Dollinger</span> 
     </span>
     <span class='ocr_line' id='line_1_41' title="bbox 217 2983 1943 3031; baseline -0.003 -9"><span class='ocrx_word' id='word_1_389' title='bbox 217 2988 350 3023; x_wconf 87' lang='lat' dir='ltr'>Kirche</span> <span class='ocrx_word' id='word_1_390' title='bbox 367 3000 404 3023; x_wconf 90' lang='lat' dir='ltr'>u.</span> <span class='ocrx_word' id='word_1_391' title='bbox 422 2987 580 3022; x_wconf 89' lang='lat' dir='ltr'>Kirchen</span> <span class='ocrx_word' id='word_1_392' title='bbox 604 2991 672 3023; x_wconf 80' lang='lat'>283</span> <span class='ocrx_word' id='word_1_393' title='bbox 695 3000 742 3023; x_wconf 76' lang='lat' dir='ltr'>ss,</span> <span class='ocrx_word' id='word_1_394' title='bbox 766 2992 846 3024; x_wconf 86' lang='lat'>310.</span> <span class='ocrx_word' id='word_1_395' title='bbox 867 2991 946 3023; x_wconf 78' lang='lat'>3223.</span> <span class='ocrx_word' id='word_1_396' title='bbox 970 2991 1039 3022; x_wconf 80' lang='lat'>415</span> <span class='ocrx_word' id='word_1_397' title='bbox 1063 2998 1108 3021; x_wconf 78' lang='lat' dir='ltr'>SS.</span> <span class='ocrx_word' id='word_1_398' title='bbox 1131 2988 1200 3022; x_wconf 80' lang='lat'>459</span> <span class='ocrx_word' id='word_1_399' title='bbox 1223 2991 1309 3024; x_wconf 78' lang='lat' dir='ltr'>etc.;</span> <span class='ocrx_word' id='word_1_400' title='bbox 1331 2986 1542 3022; x_wconf 84' lang='lat' dir='ltr'>Perrone</span> <span class='ocrx_word' id='word_1_401' title='bbox 1559 2985 1672 3031; x_wconf 83' lang='lat' dir='ltr'>prael.</span> <span class='ocrx_word' id='word_1_402' title='bbox 1692 2985 1804 3018; x_wconf 88' lang='lat' dir='ltr'>theol.</span> <span class='ocrx_word' id='word_1_403' title='bbox 1823 2983 1848 3016; x_wconf 78' lang='grc' dir='ltr'>Ι.</span> <span class='ocrx_word' id='word_1_404' title='bbox 1868 2994 1901 3027; x_wconf 90' lang='lat' dir='ltr'>p.</span> <span class='ocrx_word' id='word_1_405' title='bbox 1922 2986 1943 3017; x_wconf 90' lang='lat'>2</span> 
     </span>
     <span class='ocr_line' id='line_1_42' title="bbox 216 3036 1942 3087; baseline -0.005 -11"><span class='ocrx_word' id='word_1_406' title='bbox 216 3051 318 3087; x_wconf 85' lang='lat' dir='ltr'>prop.</span> <span class='ocrx_word' id='word_1_407' title='bbox 337 3043 376 3080; x_wconf 89' lang='grc'>9·,</span> <span class='ocrx_word' id='word_1_408' title='bbox 394 3041 479 3075; x_wconf 78' lang='lat' dir='ltr'>hist.</span> <span class='ocrx_word' id='word_1_409' title='bbox 498 3042 603 3085; x_wconf 76' lang='lat' dir='ltr'>polit.</span> <span class='ocrx_word' id='word_1_410' title='bbox 621 3042 764 3076; x_wconf 67' lang='lat' dir='ltr'>Blatter</span> <span class='ocrx_word' id='word_1_411' title='bbox 778 3043 833 3077; x_wconf 85' lang='lat'>77.</span> <span class='ocrx_word' id='word_1_412' title='bbox 848 3044 917 3076; x_wconf 72' lang='lat'>403</span> <span class='ocrx_word' id='word_1_413' title='bbox 941 3053 1003 3078; x_wconf 81' lang='lat' dir='ltr'>ss.;</span> <span class='ocrx_word' id='word_1_414' title='bbox 1031 3041 1088 3081; x_wconf 88' lang='lat'>79,</span> <span class='ocrx_word' id='word_1_415' title='bbox 1107 3042 1152 3074; x_wconf 90' lang='grc'>60</span> <span class='ocrx_word' id='word_1_416' title='bbox 1171 3051 1235 3077; x_wconf 52' lang='lat' dir='ltr'>effi:</span> <span class='ocrx_word' id='word_1_417' title='bbox 1264 3041 1320 3080; x_wconf 87' lang='lat'>81,</span> <span class='ocrx_word' id='word_1_418' title='bbox 1339 3042 1409 3074; x_wconf 82' lang='lat'>824</span> <span class='ocrx_word' id='word_1_419' title='bbox 1427 3051 1473 3074; x_wconf 86' lang='lat' dir='ltr'>ss.</span> <span class='ocrx_word' id='word_1_420' title='bbox 1510 3039 1561 3073; x_wconf 93' lang='lat' dir='ltr'>De</span> <span class='ocrx_word' id='word_1_421' title='bbox 1588 3038 1800 3072; x_wconf 82' lang='lat' dir='ltr'>tristissima</span> <span class='ocrx_word' id='word_1_422' title='bbox 1818 3036 1942 3070; x_wconf 89' lang='lat' dir='ltr'>condi-</span> 
     </span>
     <span class='ocr_line' id='line_1_43' title="bbox 215 3091 1877 3138; baseline -0.003 -10"><span class='ocrx_word' id='word_1_423' title='bbox 215 3095 317 3129; x_wconf 80' lang='lat' dir='ltr'>tione</span> <span class='ocrx_word' id='word_1_424' title='bbox 335 3094 507 3129; x_wconf 84' lang='lat' dir='ltr'>ecclesiae</span> <span class='ocrx_word' id='word_1_425' title='bbox 523 3096 705 3129; x_wconf 84' lang='lat' dir='ltr'>russiacae</span> <span class='ocrx_word' id='word_1_426' title='bbox 723 3096 768 3129; x_wconf 87' lang='lat' dir='ltr'>cf.</span> <span class='ocrx_word' id='word_1_427' title='bbox 788 3094 818 3129; x_wconf 95' lang='lat' dir='ltr'>D</span> <span class='ocrx_word' id='word_1_428' title='bbox 830 3099 850 3129; x_wconf 82' lang='grc' dir='ltr'><strong><em>ὀ</em></strong></span> <span class='ocrx_word' id='word_1_429' title='bbox 864 3094 895 3128; x_wconf 90' lang='lat' dir='ltr'>ll</span> <span class='ocrx_word' id='word_1_430' title='bbox 911 3094 1050 3138; x_wconf 85' lang='lat' dir='ltr'>inger</span> <span class='ocrx_word' id='word_1_431' title='bbox 1067 3093 1091 3126; x_wconf 91' lang='lat'>1.</span> <span class='ocrx_word' id='word_1_432' title='bbox 1110 3103 1138 3126; x_wconf 89' lang='lat' dir='ltr'>c.</span> <span class='ocrx_word' id='word_1_433' title='bbox 1161 3094 1339 3128; x_wconf 76' lang='lat'>170—902</span> <span class='ocrx_word' id='word_1_434' title='bbox 1360 3093 1444 3129; x_wconf 82' lang='lat' dir='ltr'>hist.</span> <span class='ocrx_word' id='word_1_435' title='bbox 1464 3092 1538 3137; x_wconf 87' lang='lat' dir='ltr'>pol.</span> <span class='ocrx_word' id='word_1_436' title='bbox 1558 3091 1611 3125; x_wconf 88' lang='grc' dir='ltr'>Β1.</span> <span class='ocrx_word' id='word_1_437' title='bbox 1631 3093 1687 3133; x_wconf 84' lang='lat'>79,</span> <span class='ocrx_word' id='word_1_438' title='bbox 1705 3092 1877 3126; x_wconf 76' lang='lat'>805-10.</span> 
     </span>
    </p>

    <p class='ocr_par' dir='ltr' id='par_1_11' title="bbox 357 3151 1730 3187">
     <span class='ocr_line' id='line_1_44' title="bbox 357 3151 1730 3187; baseline 0.003 -8"><span class='ocrx_word' id='word_1_439' title='bbox 357 3154 510 3185; x_wconf 82' lang='lat' dir='ltr'>Hurter,</span> <span class='ocrx_word' id='word_1_440' title='bbox 532 3154 679 3186; x_wconf 86' lang='lat' dir='ltr'>Compend.</span> <span class='ocrx_word' id='word_1_441' title='bbox 698 3154 853 3187; x_wconf 77' lang='lat' dir='ltr'>theologiae</span> <span class='ocrx_word' id='word_1_442' title='bbox 873 3155 895 3180; x_wconf 91' lang='grc' dir='ltr'>Ι.</span> <span class='ocrx_word' id='word_1_443' title='bbox 917 3153 950 3178; x_wconf 91' lang='grc'>10</span> <span class='ocrx_word' id='word_1_444' title='bbox 970 3154 1014 3181; x_wconf 84' lang='lat' dir='ltr'>ed.</span> <span class='ocrx_word' id='word_1_445' title='bbox 1686 3151 1730 3183; x_wconf 80' lang='lat'>22</span> 
     </span>
    </p>
   </div>
  </div>
 </body>
</html>
