2175 3382
562 142 851 187 Exceptionibus
870 141 1044 175 adversus
1062 140 1244 175 Ecclesiae
1263 140 1446 176 unitatem
1465 140 1609 176 satisfit.
1862 145 1949 187 315

214 267 262 305 ad
284 266 584 304 fundamentum
607 277 686 302 non
707 263 944 313 pertineant,
975 264 1037 301 vel
1068 275 1112 301 ea
1132 262 1342 300 arbitraria
1363 265 1466 308 sunt,
1498 264 1562 300 vel
1583 264 1793 312 aequivoca
1814 266 1853 301 et
1884 263 1950 300 in—

212 328 328 371 certa,
351 327 398 363 ut
419 337 451 362 e.
473 338 509 374 g.
532 324 748 368 criterium,
772 322 986 360 secundum
1010 322 1116 370 quod
1138 322 1198 358 illi
1221 324 1316 358 sunt
1338 321 1494 358 articuli
1509 322 1835 367 fundamentales,
1858 323 1946 371 qui-

211 385 287 422 bus
309 385 462 434 negatis
486 383 559 429 Dei
577 383 702 433 gloria
722 381 968 420 subvertitur
991 393 1247 429 summusque
1269 380 1473 417 hominum
1488 380 1577 417 finis
1593 381 1860 426 labefactatur,
1884 382 1948 419 vel

211 443 280 492 qui
301 441 644 492 quinqueseculari
666 441 748 479 sive
770 439 947 477 unanimi
968 439 1268 477 christianorum
1302 451 1494 476 consensu
1525 439 1751 485 creduntur,
1784 441 1848 478 vel
1878 441 1947 488 qui

210 503 253 540 in
265 502 398 539 bibliis
413 501 617 550 perspicue
632 499 856 544 traduntur,
879 499 942 536 vel
957 499 1024 547 qui
1039 499 1252 547 apostolico
1268 498 1446 547 symbolo
1461 498 1847 546 comprehenduntur
1862 501 1951 543 etc„

211 561 391 599 Ceterum
413 570 456 601 c.
478 560 627 597 frustra
648 561 840 596 conantur
860 559 1123 606 protestantes
1155 557 1347 606 ejusmodi
1380 557 1563 606 detegere
1587 558 1799 595 criterium,
1842 558 1949 595 Illud

210 620 314 658 enim
337 620 402 657 vel
422 619 624 657 deducunt
646 631 669 655 a
689 616 895 666 posteriori
917 618 957 653 et
977 629 1022 654 ex
1044 617 1294 661 revelatione,
1328 616 1369 653 in
1401 628 1478 663 qua
1499 618 1632 653 tamen
1654 617 1754 653 nihil
1777 616 1948 654 inveniri

206 681 288 728 jam
310 678 576 721 ostendimus;
599 677 662 715 vel
683 689 705 713 a
725 676 850 725 priori
871 678 911 713 et
932 688 977 713 ex
998 688 1130 713 rerum
1151 675 1315 719 naturis,
1351 675 1417 712 sed
1441 676 1480 711 et
1502 674 1565 712 hic
1588 675 1735 712 frustra
1757 676 1947 715 labora-nt.

210 738 310 783 Quid
332 737 437 775 enim
459 737 563 774 credi
585 735 735 781 debeat,
758 735 913 784 pendet,
938 734 1041 772 sicut
1061 734 1247 772 universa
1267 734 1464 778 revelatio,
1488 746 1510 770 a
1532 733 1657 771 libero
1681 735 1749 771 Dei
1783 735 1947 772 decreto.

210 797 334 846 Atqui
356 796 460 844 quod
484 796 588 833 Deus
610 795 733 832 libere
756 793 943 839 decernit,
966 794 1106 842 nequit
1129 807 1150 830 a
1171 793 1293 842 priori
1325 795 1365 830 et
1386 805 1430 830 ex
1452 805 1586 830 rerum
1607 795 1749 830 natura
1781 793 1951 837 definiri,

212 856 279 893 sed
299 858 456 892 tantum
477 867 521 892 ex
544 854 612 891 Dei
639 854 890 891 revelatione.
2134 878 2175 919 o,

328 935 370 978 6.
392 933 592 975 Admissa
613 932 745 974 semel
768 932 1112 973 adversariorum
1135 931 1340 980 doctrina,
1363 930 1518 972 Christi
1536 931 1724 972 Ecclesia
1747 932 1949 972 coalescit
1965 910 2175 1037 affl

211 1017 262 1047 ex
284 1005 489 1050 coetibus
510 1005 620 1045 inter
634 1015 741 1056 quos
756 1015 925 1044 summa
939 1002 1111 1043 dissidia
1125 1002 1373 1055 symbolica,
1387 1003 1591 1054 liturgica,
1607 1002 1783 1054 socialia
1797 1002 1949 1054 vigent
1962 1051 1998 1078 A

166 1116 169 1117 ⁷
210 1088 345 1129 eaque
359 1076 499 1128 potius
513 1073 809 1116 confusionem
825 1073 1076 1119 babelieam
1099 1085 1227 1126 quam
1249 1074 1457 1114 unitatem
1482 1073 1675 1123 civitatis,
1698 1073 1829 1122 ovilis,
1851 1083 2046 1113 cor-rw*
2085 1084 2175 1133 Ab„

210 1147 324 1200 poris
355 1152 433 1188 etc.
464 1146 652 1187 referret.
695 1145 824 1198 Atqui
855 1145 1063 1198 ejusmodi
1094 1144 1283 1186 Ecclesia
1315 1157 1489 1197 prorsus
1522 1143 1725 1186 abhorret
1755 1143 1809 1184 ab
1841 1132 1973 1185 idea

211 1229 321 1270 quae
344 1230 397 1259 ex
420 1216 640 1270 Scriptura
661 1217 938 1270 patribusque
969 1216 1021 1258 de
1051 1216 1239 1257 Ecclesia
1270 1215 1495 1256 formanda
1528 1219 1601 1256 est.
1645 1214 1785 1266 Quare
1807 1219 1951 1267 prote-

211 1289 412 1330 stantium
436 1289 605 1330 theoria
626 1289 752 1341 plane
774 1287 1003 1340 rejicienda
1025 1292 1099 1329 est.

333 1381 427 1415 297.
452 1372 700 1416 Scholion.
745 1374 1040 1422 Exceptionibus
1061 1374 1207 1421 satisfit.
1231 1396 1287 1400 —
1311 1374 1507 1410 Palmer
1531 1373 1577 1411 de
1601 1373 1723 1410 doctr.
1756 1372 1888 1410 christ.
1912 1385 1951 1420 p.

210 1435 236 1471 l.
258 1446 288 1471 c.
313 1441 334 1475 5
360 1446 389 1471 s.
414 1440 450 1474 3.
467 1441 491 1474 4
514 1437 560 1471 ut
581 1434 736 1471 evincat
755 1433 952 1471 unitatem
974 1433 1063 1470 fidei
1084 1433 1283 1482 prioribus
1307 1432 1448 1470 seculis
1471 1445 1549 1469 non
1571 1432 1664 1469 adeo
1679 1431 1949 1480 impatientem

209 1493 328 1530 fuisse
350 1488 564 1541 cujuslibet
586 1492 740 1530 dissidii
762 1493 929 1540 illosque
951 1492 1082 1536 etiam,
1111 1492 1181 1541 qui
1202 1494 1470 1541 repugnarent
1491 1491 1683 1528 Ecclesiae
1705 1490 1950 1528 definitioni-

211 1552 295 1597 bus,
318 1565 388 1601 pro
409 1552 515 1590 veris
538 1552 730 1589 Ecclesiae
752 1551 938 1589 membris
961 1551 1115 1588 habitos
1136 1551 1268 1595 fuisse,
1291 1552 1474 1600 provocat

333 1609 371 1652 l.
395 1611 443 1648 ad
466 1611 769 1649 controversiam
791 1623 819 1651 s,
842 1610 1153 1660 cyprianum
1184 1610 1289 1647 inter
1320 1612 1360 1647 et
1390 1622 1417 1646 s.
1441 1609 1756 1657 Stephanum
1785 1621 1946 1656 papam:

329 1669 371 1710 ⁸3.
393 1670 441 1707 ad
464 1670 732 1715 occidentales,
755 1670 823 1718 qui
839 1682 879 1707 se
894 1681 997 1707 conc.
1013 1681 1089 1706 oec.
1103 1669 1147 1707 V.
1162 1669 1239 1706 tria
1253 1669 1426 1717 capit-ula
1439 1667 1642 1705 damnanti
1657 1669 1926 1716 opposuerunt
1939 1681 1950 1702 ι

330 1726 372 1771 3.
396 1729 445 1766 ad
467 1741 571 1767 conc.
594 1729 1059 1773 francofordiense,
1084 1728 1189 1776 quod
1211 1728 1414 1764 damnavit
1436 1727 1644 1765 concilium
1667 1739 1744 1764 oec.
1766 1727 1857 1769 V11;

328 1785 372 1828 4.
396 1788 444 1825 ad
466 1789 603 1838 gallos,
628 1788 696 1836 qui
719 1800 824 1825 conc.
848 1787 1039 1824 florent
1056 1787 1193 1824 inum
1227 1799 1272 1823 ex
1294 1787 1382 1824 albo
1406 1786 1659 1824 conciliorum
1681 1785 1949 1823 oecumenico-

211 1860 300 1885 rum
322 1850 616 1896 expunxerunt3
649 1846 929 1895 contenditque
960 1847 1020 1883 his
1042 1846 1084 1883 in
1106 1846 1259 1883 casibus
1281 1858 1361 1883 non
1382 1846 1437 1882 ita
1468 1845 1677 1893 abruptam
1709 1844 1830 1882 fuisse
1862 1845 1952 1881 uni—

210 1908 344 1952 tatem,
378 1908 426 1943 ut
459 1906 529 1955 qui
559 1909 688 1943 essent
723 1906 886 1943 alterius
909 1905 1138 1949 sententiae,
1176 1906 1431 1942 censerentur
1465 1916 1549 1941 esse
1584 1905 1693 1941 extra
1724 1904 1954 1941 Ecclesiam.

211 1965 390 2003 Aliorum
420 1965 713 2015 anglicanorum
744 1965 813 2002 hac
844 1964 886 2001 in
916 1977 957 2001 re
988 1964 1189 2013 opiniones
1220 1964 1266 2001 cf.
1298 1963 1402 2013 apud
1426 1963 1582 2000 Soder
1613 1963 1682 2000 der
1702 1962 1856 2012 Begriff
1886 1962 1957 1999 der

210 2024 469 2061 Katholicitat
491 2024 559 2062 der
580 2024 721 2061 Kirche
742 2023 827 2061 und
851 2024 916 2061 des
940 2023 1139 2060 Glaubens
1162 2037 1198 2072 p.
1226 2029 1304 2063 197
1331 2035 1382 2060 ss.

331 2106 483 2151 Quibus
504 2109 550 2143 ut
572 2118 832 2151 occurramus,
855 2107 991 2144 notare
1014 2108 1180 2155 oportet,
1202 2105 1293 2143 fidei
1308 2106 1519 2142 catholicae
1533 2105 1729 2142 unitatem
1743 2106 1838 2141 tunc
1861 2116 1956 2140 vere

211 2168 251 2203 et
271 2166 428 2215 proprie
449 2166 563 2211 laedi,
586 2178 674 2203 cum
697 2176 739 2206 a.
762 2168 931 2215 negatur
951 2165 1094 2202 veritas
1115 2165 1297 2209 revelata,
1320 2178 1421 2213 quae
1445 2164 1493 2202 ab
1507 2163 1678 2201 Ecclesia
1699 2163 1880 2201 omnibus
1902 2162 1950 2199 ad

211 2224 448 2262 credendum
469 2224 711 2262 sufficienter
742 2224 946 2274 proposita
977 2228 1056 2266 est·,
1091 2221 1193 2263 sib.
1227 2224 1360 2261 eadem
1392 2226 1562 2273 negatur
1583 2222 1776 2260 Ecclesiae
1807 2233 1950 2270 propo-

211 2284 351 2321 sitione
373 2286 413 2321 et
434 2284 660 2321 definitione
682 2287 787 2321 certo
811 2283 978 2333 cognita,
1014 2285 1054 2321 et
1076 2282 1235 2331 quidem
1259 2283 1292 2319 si
1313 2284 1483 2332 negatur
1505 2292 1548 2323 (3.
1573 2294 1662 2319 cum
1693 2280 1954 2323 contumacia,

210 2343 235 2382 i.
258 2355 289 2381 e.
311 2343 367 2380 ita
387 2346 434 2380 ut
454 2343 518 2380 vel
540 2342 685 2380 diserte
705 2343 769 2380 vel
790 2342 874 2391 ipso
897 2342 998 2380 facto
1020 2344 1187 2392 negetur
1208 2341 1401 2379 Ecclesiae
1433 2341 1607 2379 visibilis
1626 2339 1826 2389 judicandi
1861 2352 1951 2377 auc-

209 2401 374 2439 toritas:
396 2402 555 2439 tandem
577 2399 624 2441 d.
648 2401 682 2438 si
703 2405 874 2451 negatur
895 2401 981 2450 ipsa
1002 2401 1158 2446 veritas,
1182 2413 1260 2438 non
1285 2400 1433 2448 aliquid
1458 2400 1619 2438 verita-ti
1641 2398 1832 2437 accidens.

331 2483 482 2528 Quibus
515 2483 736 2532 praemissis
770 2482 1053 2531 respondemus
1087 2482 1135 2519 ad
1165 2482 1291 2530 prim
1304 2495 1381 2519 um
1415 2482 1563 2519 factum
1605 2482 1814 2530 objectum,
1849 2480 1951 2517 illud

211 2542 313 2579 nihil
332 2543 498 2591 probare
521 2554 565 2579 ex
589 2541 744 2579 defectu
764 2542 956 2590 primae
988 2544 1028 2578 et
1048 2541 1242 2578 tertiae
1265 2540 1514 2586 conditionis,
1547 2543 1596 2578 ut
1617 2539 1951 2589 Augustinus

211 2601 359 2649 passim
381 2601 424 2638 in
441 2601 526 2638 suis
549 2601 595 2638 de
618 2600 818 2649 Baptismo
848 2600 959 2637 libris
981 2600 1101 2645 docet,
1125 2600 1297 2637 scribens
1319 2600 1357 2636 II
1378 2613 1416 2638 n.
1441 2607 1486 2640 5:
1520 2599 1796 2648 »Quapropter
1817 2611 1844 2635 s.
1867 2598 1949 2646 Cy—

210 2660 425 2708 prianus
445 2662 557 2697 tanto
580 2659 775 2704 excelsior,
792 2661 939 2708 quanto
962 2658 1150 2696 humilior
1173 2688 1180 2695 .
1205 2687 1212 2694 .
1236 2688 1243 2695 .
1268 2659 1363 2696 satis
1386 2658 1570 2704 ostendit,
1594 2658 1780 2695 facillime
1802 2669 1842 2694 se
1866 2669 1948 2694 cor-

212 2791 332 2825 tiones
349 2793 387 2825 et
403 2791 738 2836 praejudicatarum
759 2790 978 2834 opinionum
995 2789 1226 2823 varietates.«
1264 2789 1317 2824 Cf.
1344 2790 1366 2823 S
1378 2790 1537 2824 chmid
1555 2789 1625 2823 KL.
1644 2793 1682 2824 42
1703 2791 1795 2824 2120
1812 2801 1857 2822 ss.
1891 2788 1953 2831 qui

211 2843 307 2877 hanc
317 2844 603 2888 protestantium
615 2842 798 2877 theoriam
816 2842 990 2876 historice
1007 2842 1242 2886 prosequitur
1259 2845 1369 2886 atque
1384 2842 1557 2883 ostendit,
1577 2842 1761 2886 quomodo
1775 2840 1951 2885 temporis

217 2897 325 2940 lapsu
342 2907 484 2941 semper
499 2896 618 2941 magis
635 2895 710 2930 laxi
728 2897 766 2930 et
782 2895 975 2930 liberiores
992 2895 1133 2928 fuerint
1158 2895 1197 2929 in
1215 2895 1495 2930 determinando
1515 2895 1660 2929 criterio
1679 2893 1955 2939 amplifica-udo-

213 2959 284 2994 que
302 2960 453 2983 numero
483 2950 682 2984 veritatum
711 2959 786 2983 non
815 2948 1163 2983 fundamentalium.
1197 2949 1368 2983 Studium
1398 2948 1629 2982 discernendi
1656 2949 1753 2982 inter
1779 2946 1956 2980 articulos

215 3001 514 3036 fundamentales
542 3004 579 3036 et
605 3014 681 3037 non
708 3002 1006 3036 fundamentales
1034 3001 1140 3035 illam
1167 3000 1402 3047 disciplinam
1429 3002 1582 3045 peperit.
1613 3011 1707 3044 quae
1726 3011 1747 3033 a
1764 2999 1953 3033 nonnullis

213 3056 351 3090 dicitur
367 3055 558 3100 theologia
587 3067 606 3090 c
617 3067 637 3090 o
650 3068 683 3090 m
696 3068 720 3101 p
732 3067 754 3090 a
765 3068 782 3089 r
793 3055 896 3089 ativ
908 3067 939 3089 a.
970 3055 1072 3100 cujus
1102 3057 1158 3089 est
1185 3057 1225 3089 in
1253 3055 1361 3089 rebus
1388 3058 1435 3088 ad
1462 3053 1679 3097 religionem
1699 3051 1952 3097 spectantibus

213 3109 426 3143 essentialia
445 3111 481 3142 et·
500 3109 763 3143 substantialia
781 3120 803 3143 a
819 3119 893 3142 non
913 3107 1171 3142 essentialibus
1190 3109 1225 3142 et
1244 3108 1455 3152 adiaphoris
1475 3107 1715 3150 distinguere.
