<?xml version="1.0" encoding="UTF-8"?>
<!DOCTYPE html PUBLIC "-//W3C//DTD XHTML 1.0 Transitional//EN"
    "http://www.w3.org/TR/xhtml1/DTD/xhtml1-transitional.dtd">
<html xmlns="http://www.w3.org/1999/xhtml" xml:lang="en" lang="en">
 <head>
  <title>
</title>
<meta http-equiv="Content-Type" content="text/html;charset=utf-8" />
  <meta name='ocr-system' content='tesseract 3.04.00' />
  <meta name='ocr-capabilities' content='ocr_page ocr_carea ocr_par ocr_line ocrx_word'/>
</head>
<body>
  <div class='ocr_page' id='page_1' title='image "./theologiaedogmat01hurt/theologiaedogmat01hurt_0070.png"; bbox 0 0 2175 3382; ppageno 0'>
   <div class='ocr_carea' id='block_1_1' title="bbox 259 133 1688 179">
    <p class='ocr_par' dir='ltr' id='par_1_1' title="bbox 259 133 1688 179">
     <span class='ocr_line' id='line_1_1' title="bbox 259 133 1688 179; baseline -0.002 -9"><span class='ocrx_word' id='word_1_1' title='bbox 259 144 314 178; x_wconf 62' lang='grc' dir='ltr'>6ιί</span> <span class='ocrx_word' id='word_1_2' title='bbox 551 137 671 169; x_wconf 77' lang='lat' dir='ltr'>&#39;si-act.</span> <span class='ocrx_word' id='word_1_3' title='bbox 694 135 716 168; x_wconf 88' lang='lat'>1.</span> <span class='ocrx_word' id='word_1_4' title='bbox 740 133 919 179; x_wconf 73' lang='lat' dir='ltr'>,lpologin</span> <span class='ocrx_word' id='word_1_5' title='bbox 936 134 1042 177; x_wconf 78' lang='lat' dir='ltr'>relig.</span> <span class='ocrx_word' id='word_1_6' title='bbox 1062 134 1186 168; x_wconf 75' lang='lat' dir='ltr'>christ.</span> <span class='ocrx_word' id='word_1_7' title='bbox 1209 133 1262 167; x_wconf 88' lang='lat' dir='ltr'>De</span> <span class='ocrx_word' id='word_1_8' title='bbox 1282 133 1466 168; x_wconf 49' lang='lat' dir='ltr'>vaticiniis</span> <span class='ocrx_word' id='word_1_9' title='bbox 1486 134 1688 168; x_wconf 81' lang='lat' dir='ltr'>messianis.</span> 
     </span>
    </p>
   </div>
   <div class='ocr_carea' id='block_1_2' title="bbox 261 252 2062 3140">
    <p class='ocr_par' dir='ltr' id='par_1_2' title="bbox 261 252 2010 2354">
     <span class='ocr_line' id='line_1_2' title="bbox 377 252 1994 305; baseline -0.001 -9"><span class='ocrx_word' id='word_1_10' title='bbox 377 256 419 297; x_wconf 69' lang='lat'>2.</span> <span class='ocrx_word' id='word_1_11' title='bbox 444 253 581 295; x_wconf 87' lang='lat' dir='ltr'>Sensu</span> <span class='ocrx_word' id='word_1_12' title='bbox 604 259 746 294; x_wconf 89' lang='lat' dir='ltr'>autem</span> <span class='ocrx_word' id='word_1_13' title='bbox 769 253 973 305; x_wconf 79' lang='lat' dir='ltr'>spirituali</span> <span class='ocrx_word' id='word_1_14' title='bbox 997 253 1117 305; x_wconf 82' lang='lat' dir='ltr'>plura</span> <span class='ocrx_word' id='word_1_15' title='bbox 1140 265 1189 295; x_wconf 81' lang='lat' dir='ltr'>ex</span> <span class='ocrx_word' id='word_1_16' title='bbox 1212 252 1431 302; x_wconf 88' lang='lat' dir='ltr'>vaticiniis,</span> <span class='ocrx_word' id='word_1_17' title='bbox 1454 264 1564 305; x_wconf 91' lang='lat' dir='ltr'>quae</span> <span class='ocrx_word' id='word_1_18' title='bbox 1587 252 1853 305; x_wconf 87' lang='lat' dir='ltr'>objiciuntur,</span> <span class='ocrx_word' id='word_1_19' title='bbox 1875 253 1994 294; x_wconf 92' lang='lat' dir='ltr'>lucu-</span> 
     </span>
     <span class='ocr_line' id='line_1_3' title="bbox 261 321 1994 376; baseline -0.001 -11"><span class='ocrx_word' id='word_1_20' title='bbox 261 325 491 365; x_wconf 70' lang='lat' dir='ltr'>lentissime</span> <span class='ocrx_word' id='word_1_21' title='bbox 514 329 609 365; x_wconf 88' lang='lat' dir='ltr'>sunt</span> <span class='ocrx_word' id='word_1_22' title='bbox 633 324 865 376; x_wconf 83' lang='lat' dir='ltr'>adimpleta</span> <span class='ocrx_word' id='word_1_23' title='bbox 887 324 929 364; x_wconf 92' lang='lat' dir='ltr'>in</span> <span class='ocrx_word' id='word_1_24' title='bbox 951 322 1119 365; x_wconf 87' lang='lat' dir='ltr'>Christo</span> <span class='ocrx_word' id='word_1_25' title='bbox 1140 323 1252 367; x_wconf 85' lang='lat' dir='ltr'>Jesu.</span> <span class='ocrx_word' id='word_1_26' title='bbox 1284 322 1333 364; x_wconf 90' lang='lat' dir='ltr'>Et</span> <span class='ocrx_word' id='word_1_27' title='bbox 1354 335 1458 364; x_wconf 88' lang='lat' dir='ltr'>sane</span> <span class='ocrx_word' id='word_1_28' title='bbox 1481 321 1672 364; x_wconf 83' lang='lat' dir='ltr'>Christus</span> <span class='ocrx_word' id='word_1_29' title='bbox 1692 322 1816 364; x_wconf 88' lang='lat' dir='ltr'>Jesus</span> <span class='ocrx_word' id='word_1_30' title='bbox 1838 323 1994 376; x_wconf 90' lang='lat' dir='ltr'>glorio-</span> 
     </span>
     <span class='ocr_line' id='line_1_4' title="bbox 261 393 1997 448; baseline 0 -13"><span class='ocrx_word' id='word_1_31' title='bbox 261 408 333 436; x_wconf 86' lang='lat' dir='ltr'>sus</span> <span class='ocrx_word' id='word_1_32' title='bbox 365 395 440 436; x_wconf 89' lang='lat' dir='ltr'>suit</span> <span class='ocrx_word' id='word_1_33' title='bbox 471 395 567 436; x_wconf 84' lang='lat' dir='ltr'>belli</span> <span class='ocrx_word' id='word_1_34' title='bbox 593 395 677 435; x_wconf 85' lang='lat' dir='ltr'>dux</span> <span class='ocrx_word' id='word_1_35' title='bbox 700 406 836 448; x_wconf 87' lang='lat' dir='ltr'>eoque</span> <span class='ocrx_word' id='word_1_36' title='bbox 859 395 1093 446; x_wconf 76' lang='lat' dir='ltr'>gloriosior,</span> <span class='ocrx_word' id='word_1_37' title='bbox 1127 393 1240 446; x_wconf 92' lang='lat' dir='ltr'>quod</span> <span class='ocrx_word' id='word_1_38' title='bbox 1271 408 1313 437; x_wconf 83' lang='lat' dir='ltr'>a.</span> <span class='ocrx_word' id='word_1_39' title='bbox 1347 393 1427 434; x_wconf 84' lang='lat' dir='ltr'>sibi</span> <span class='ocrx_word' id='word_1_40' title='bbox 1449 406 1536 434; x_wconf 94' lang='lat' dir='ltr'>non</span> <span class='ocrx_word' id='word_1_41' title='bbox 1559 393 1695 434; x_wconf 90' lang='lat' dir='ltr'>solum</span> <span class='ocrx_word' id='word_1_42' title='bbox 1717 393 1897 446; x_wconf 86' lang='lat' dir='ltr'>subjecit</span> <span class='ocrx_word' id='word_1_43' title='bbox 1916 394 1997 435; x_wconf 93' lang='lat' dir='ltr'>ho-</span> 
     </span>
     <span class='ocr_line' id='line_1_5' title="bbox 262 463 1996 518; baseline 0.001 -13"><span class='ocrx_word' id='word_1_44' title='bbox 262 467 421 506; x_wconf 89' lang='lat' dir='ltr'>minum</span> <span class='ocrx_word' id='word_1_45' title='bbox 447 465 663 518; x_wconf 90' lang='lat' dir='ltr'>quondam</span> <span class='ocrx_word' id='word_1_46' title='bbox 685 465 774 507; x_wconf 92' lang='lat' dir='ltr'>Deo</span> <span class='ocrx_word' id='word_1_47' title='bbox 798 466 1068 506; x_wconf 85' lang='lat' dir='ltr'>inimicorum</span> <span class='ocrx_word' id='word_1_48' title='bbox 1091 476 1286 516; x_wconf 88' lang='lat' dir='ltr'>corpora,</span> <span class='ocrx_word' id='word_1_49' title='bbox 1318 464 1393 505; x_wconf 90' lang='lat' dir='ltr'>sed</span> <span class='ocrx_word' id='word_1_50' title='bbox 1419 469 1461 505; x_wconf 90' lang='lat' dir='ltr'>et</span> <span class='ocrx_word' id='word_1_51' title='bbox 1482 464 1741 505; x_wconf 89' lang='lat' dir='ltr'>intellectum</span> <span class='ocrx_word' id='word_1_52' title='bbox 1762 475 1838 516; x_wconf 91' lang='lat' dir='ltr'>per</span> <span class='ocrx_word' id='word_1_53' title='bbox 1859 463 1996 513; x_wconf 85' lang='lat' dir='ltr'>fidem,</span> 
     </span>
     <span class='ocr_line' id='line_1_6' title="bbox 264 534 1998 589; baseline -0.001 -12"><span class='ocrx_word' id='word_1_54' title='bbox 264 537 525 577; x_wconf 74' lang='lat' dir='ltr'>voluntatem</span> <span class='ocrx_word' id='word_1_55' title='bbox 559 549 633 589; x_wconf 90' lang='lat' dir='ltr'>per</span> <span class='ocrx_word' id='word_1_56' title='bbox 663 536 1008 584; x_wconf 78' lang='lat' dir='ltr'>sincerissimam,</span> <span class='ocrx_word' id='word_1_57' title='bbox 1041 535 1204 584; x_wconf 88' lang='lat' dir='ltr'>fortem,</span> <span class='ocrx_word' id='word_1_58' title='bbox 1235 535 1455 576; x_wconf 82' lang='lat' dir='ltr'>heroicam</span> <span class='ocrx_word' id='word_1_59' title='bbox 1486 534 1786 584; x_wconf 78' lang='lat' dir='ltr'>obedientiam,</span> <span class='ocrx_word' id='word_1_60' title='bbox 1819 546 1894 576; x_wconf 87' lang='lat' dir='ltr'>eor</span> <span class='ocrx_word' id='word_1_61' title='bbox 1922 546 1998 588; x_wconf 86' lang='lat' dir='ltr'>per</span> 
     </span>
     <span class='ocr_line' id='line_1_7' title="bbox 261 605 1999 658; baseline -0.001 -11"><span class='ocrx_word' id='word_1_62' title='bbox 261 619 453 648; x_wconf 74' lang='lat' dir='ltr'>amorem</span> <span class='ocrx_word' id='word_1_63' title='bbox 487 607 541 648; x_wconf 90' lang='lat' dir='ltr'>ad</span> <span class='ocrx_word' id='word_1_64' title='bbox 573 619 699 648; x_wconf 85' lang='lat' dir='ltr'>omne</span> <span class='ocrx_word' id='word_1_65' title='bbox 732 606 987 648; x_wconf 77' lang='lat' dir='ltr'>sacrificium</span> <span class='ocrx_word' id='word_1_66' title='bbox 1010 610 1230 658; x_wconf 81' lang='lat' dir='ltr'>paratum3</span> <span class='ocrx_word' id='word_1_67' title='bbox 1261 605 1375 658; x_wconf 93' lang='lat' dir='ltr'>quod</span> <span class='ocrx_word' id='word_1_68' title='bbox 1406 607 1453 649; x_wconf 81' lang='lat' dir='ltr'>l).</span> <span class='ocrx_word' id='word_1_69' title='bbox 1487 605 1566 646; x_wconf 88' lang='lat' dir='ltr'>sibi</span> <span class='ocrx_word' id='word_1_70' title='bbox 1597 617 1672 646; x_wconf 91' lang='lat' dir='ltr'>eos</span> <span class='ocrx_word' id='word_1_71' title='bbox 1702 605 1882 658; x_wconf 88' lang='lat' dir='ltr'>subjecit</span> <span class='ocrx_word' id='word_1_72' title='bbox 1910 617 1999 647; x_wconf 91' lang='lat' dir='ltr'>non</span> 
     </span>
     <span class='ocr_line' id='line_1_8' title="bbox 261 676 1999 732; baseline -0.002 -12"><span class='ocrx_word' id='word_1_73' title='bbox 261 679 500 732; x_wconf 77' lang='lat' dir='ltr'>spargendo</span> <span class='ocrx_word' id='word_1_74' title='bbox 525 692 673 720; x_wconf 92' lang='lat' dir='ltr'>eorum</span> <span class='ocrx_word' id='word_1_75' title='bbox 697 679 946 731; x_wconf 80' lang='lat' dir='ltr'>sanguinem</span> <span class='ocrx_word' id='word_1_76' title='bbox 971 678 1045 719; x_wconf 91' lang='lat' dir='ltr'>sed</span> <span class='ocrx_word' id='word_1_77' title='bbox 1067 678 1309 730; x_wconf 89' lang='lat' dir='ltr'>proprium;</span> <span class='ocrx_word' id='word_1_78' title='bbox 1339 689 1426 718; x_wconf 89' lang='lat' dir='ltr'>non</span> <span class='ocrx_word' id='word_1_79' title='bbox 1457 677 1675 718; x_wconf 84' lang='lat' dir='ltr'>inferendo</span> <span class='ocrx_word' id='word_1_80' title='bbox 1698 676 1902 718; x_wconf 86' lang='lat' dir='ltr'>damnum</span> <span class='ocrx_word' id='word_1_81' title='bbox 1923 676 1999 718; x_wconf 86' lang='lat' dir='ltr'>sed</span> 
     </span>
     <span class='ocr_line' id='line_1_9' title="bbox 261 746 2000 802; baseline -0.001 -12"><span class='ocrx_word' id='word_1_82' title='bbox 261 750 504 802; x_wconf 82' lang='lat' dir='ltr'>elargiendo</span> <span class='ocrx_word' id='word_1_83' title='bbox 528 750 727 802; x_wconf 82' lang='lat' dir='ltr'>gratiam:</span> <span class='ocrx_word' id='word_1_84' title='bbox 760 748 873 801; x_wconf 88' lang='lat' dir='ltr'>quod</span> <span class='ocrx_word' id='word_1_85' title='bbox 907 761 947 793; x_wconf 77' lang='lat' dir='ltr'>c.</span> <span class='ocrx_word' id='word_1_86' title='bbox 973 747 1053 789; x_wconf 85' lang='lat' dir='ltr'>sihi</span> <span class='ocrx_word' id='word_1_87' title='bbox 1075 747 1291 800; x_wconf 89' lang='lat' dir='ltr'>subjectos</span> <span class='ocrx_word' id='word_1_88' title='bbox 1313 759 1400 788; x_wconf 90' lang='lat' dir='ltr'>non</span> <span class='ocrx_word' id='word_1_89' title='bbox 1423 746 1519 788; x_wconf 79' lang='lat' dir='ltr'>lecit</span> <span class='ocrx_word' id='word_1_90' title='bbox 1541 747 1756 799; x_wconf 80' lang='lat' dir='ltr'>mancipia</span> <span class='ocrx_word' id='word_1_91' title='bbox 1778 751 1819 788; x_wconf 86' lang='lat' dir='ltr'>et</span> <span class='ocrx_word' id='word_1_92' title='bbox 1840 759 2000 797; x_wconf 90' lang='lat' dir='ltr'>servos,</span> 
     </span>
     <span class='ocr_line' id='line_1_10' title="bbox 262 817 2000 871; baseline -0.001 -9"><span class='ocrx_word' id='word_1_93' title='bbox 262 821 337 862; x_wconf 89' lang='lat' dir='ltr'>sed</span> <span class='ocrx_word' id='word_1_94' title='bbox 361 822 533 869; x_wconf 81' lang='lat' dir='ltr'>amicos,</span> <span class='ocrx_word' id='word_1_95' title='bbox 566 820 640 861; x_wconf 92' lang='lat' dir='ltr'>Dei</span> <span class='ocrx_word' id='word_1_96' title='bbox 663 820 770 860; x_wconf 85' lang='lat' dir='ltr'>filios</span> <span class='ocrx_word' id='word_1_97' title='bbox 793 824 835 860; x_wconf 90' lang='lat' dir='ltr'>et</span> <span class='ocrx_word' id='word_1_98' title='bbox 856 819 974 871; x_wconf 84' lang='lat' dir='ltr'>regni</span> <span class='ocrx_word' id='word_1_99' title='bbox 997 818 1215 859; x_wconf 87' lang='lat' dir='ltr'>coelorum</span> <span class='ocrx_word' id='word_1_100' title='bbox 1238 818 1437 867; x_wconf 83' lang='lat' dir='ltr'>heredes3</span> <span class='ocrx_word' id='word_1_101' title='bbox 1470 818 1582 871; x_wconf 91' lang='lat' dir='ltr'>quod</span> <span class='ocrx_word' id='word_1_102' title='bbox 1616 819 1662 861; x_wconf 88' lang='lat' dir='ltr'>d.</span> <span class='ocrx_word' id='word_1_103' title='bbox 1697 817 1885 859; x_wconf 87' lang='lat' dir='ltr'>condidit</span> <span class='ocrx_word' id='word_1_104' title='bbox 1905 829 2000 871; x_wconf 83' lang='lat' dir='ltr'>reg·</span> 
     </span>
     <span class='ocr_line' id='line_1_11' title="bbox 262 888 2003 943; baseline -0.001 -11"><span class='ocrx_word' id='word_1_105' title='bbox 262 905 363 932; x_wconf 89' lang='lat' dir='ltr'>num</span> <span class='ocrx_word' id='word_1_106' title='bbox 386 904 472 932; x_wconf 88' lang='lat' dir='ltr'>non</span> <span class='ocrx_word' id='word_1_107' title='bbox 495 891 724 943; x_wconf 89' lang='lat' dir='ltr'>politicum,</span> <span class='ocrx_word' id='word_1_108' title='bbox 747 890 821 931; x_wconf 89' lang='lat' dir='ltr'>sed</span> <span class='ocrx_word' id='word_1_109' title='bbox 844 890 1062 943; x_wconf 83' lang='lat' dir='ltr'>spirituale</span> <span class='ocrx_word' id='word_1_110' title='bbox 1085 901 1136 931; x_wconf 86' lang='lat' dir='ltr'>ex</span> <span class='ocrx_word' id='word_1_111' title='bbox 1158 894 1219 931; x_wconf 91' lang='lat' dir='ltr'>tot</span> <span class='ocrx_word' id='word_1_112' title='bbox 1242 888 1435 942; x_wconf 89' lang='lat' dir='ltr'>gentibus</span> <span class='ocrx_word' id='word_1_113' title='bbox 1457 889 1593 942; x_wconf 82' lang='lat' dir='ltr'>genio,</span> <span class='ocrx_word' id='word_1_114' title='bbox 1617 889 1819 939; x_wconf 87' lang='lat' dir='ltr'>moribus,</span> <span class='ocrx_word' id='word_1_115' title='bbox 1841 889 2003 939; x_wconf 87' lang='lat' dir='ltr'>studiis,</span> 
     </span>
     <span class='ocr_line' id='line_1_12' title="bbox 265 959 2001 1013; baseline -0.001 -10"><span class='ocrx_word' id='word_1_116' title='bbox 265 963 381 1003; x_wconf 86' lang='lat' dir='ltr'>cultu</span> <span class='ocrx_word' id='word_1_117' title='bbox 413 962 466 1003; x_wconf 89' lang='lat' dir='ltr'>ab</span> <span class='ocrx_word' id='word_1_118' title='bbox 499 963 679 1003; x_wconf 89' lang='lat' dir='ltr'>invicem</span> <span class='ocrx_word' id='word_1_119' title='bbox 712 962 900 1007; x_wconf 82' lang='lat' dir='ltr'>diversis,</span> <span class='ocrx_word' id='word_1_120' title='bbox 932 961 1135 1002; x_wconf 88' lang='lat' dir='ltr'>invictum</span> <span class='ocrx_word' id='word_1_121' title='bbox 1166 965 1311 1002; x_wconf 89' lang='lat' dir='ltr'>tamen</span> <span class='ocrx_word' id='word_1_122' title='bbox 1337 960 1428 1013; x_wconf 76' lang='lat' dir='ltr'>J&#39;am</span> <span class='ocrx_word' id='word_1_123' title='bbox 1450 971 1526 1012; x_wconf 87' lang='lat' dir='ltr'>per</span> <span class='ocrx_word' id='word_1_124' title='bbox 1547 964 1610 1000; x_wconf 85' lang='lat' dir='ltr'>tot</span> <span class='ocrx_word' id='word_1_125' title='bbox 1631 960 1777 1001; x_wconf 89' lang='lat' dir='ltr'>secula</span> <span class='ocrx_word' id='word_1_126' title='bbox 1797 959 2001 1001; x_wconf 84' lang='lat' dir='ltr'>adversus</span> 
     </span>
     <span class='ocr_line' id='line_1_13' title="bbox 263 1029 2002 1085; baseline -0.002 -11"><span class='ocrx_word' id='word_1_127' title='bbox 263 1045 413 1074; x_wconf 85' lang='lat' dir='ltr'>omnes</span> <span class='ocrx_word' id='word_1_128' title='bbox 428 1033 613 1074; x_wconf 90' lang='lat' dir='ltr'>hostium</span> <span class='ocrx_word' id='word_1_129' title='bbox 628 1033 821 1085; x_wconf 88' lang='lat' dir='ltr'>impetus,</span> <span class='ocrx_word' id='word_1_130' title='bbox 835 1038 881 1073; x_wconf 89' lang='lat' dir='ltr'>ut</span> <span class='ocrx_word' id='word_1_131' title='bbox 895 1032 1003 1073; x_wconf 88' lang='lat' dir='ltr'>infra</span> <span class='ocrx_word' id='word_1_132' title='bbox 1016 1032 1264 1073; x_wconf 83' lang='lat' dir='ltr'>videbimus.</span> <span class='ocrx_word' id='word_1_133' title='bbox 1281 1057 1336 1063; x_wconf 94' lang='lat'>—-</span> <span class='ocrx_word' id='word_1_134' title='bbox 1351 1030 1483 1072; x_wconf 87' lang='lat' dir='ltr'>Simili</span> <span class='ocrx_word' id='word_1_135' title='bbox 1498 1031 1664 1071; x_wconf 86' lang='lat' dir='ltr'>ratione</span> <span class='ocrx_word' id='word_1_136' title='bbox 1678 1029 1869 1072; x_wconf 87' lang='lat' dir='ltr'>Christus</span> <span class='ocrx_word' id='word_1_137' title='bbox 1883 1031 2002 1084; x_wconf 86' lang='lat' dir='ltr'>pacis</span> 
     </span>
     <span class='ocr_line' id='line_1_14' title="bbox 265 1101 2000 1157; baseline -0.001 -12"><span class='ocrx_word' id='word_1_138' title='bbox 265 1116 432 1156; x_wconf 89' lang='lat' dir='ltr'>quoque</span> <span class='ocrx_word' id='word_1_139' title='bbox 446 1105 642 1157; x_wconf 89' lang='lat' dir='ltr'>princeps</span> <span class='ocrx_word' id='word_1_140' title='bbox 658 1109 891 1156; x_wconf 79' lang='lat' dir='ltr'>auctorque</span> <span class='ocrx_word' id='word_1_141' title='bbox 907 1102 1129 1144; x_wconf 83' lang='lat' dir='ltr'>habendus</span> <span class='ocrx_word' id='word_1_142' title='bbox 1144 1106 1218 1146; x_wconf 88' lang='lat' dir='ltr'>est.</span> <span class='ocrx_word' id='word_1_143' title='bbox 1251 1101 1424 1144; x_wconf 85' lang='lat' dir='ltr'>Confert</span> <span class='ocrx_word' id='word_1_144' title='bbox 1437 1102 1550 1142; x_wconf 90' lang='lat' dir='ltr'>enim</span> <span class='ocrx_word' id='word_1_145' title='bbox 1564 1102 1726 1143; x_wconf 90' lang='lat' dir='ltr'>homini</span> <span class='ocrx_word' id='word_1_146' title='bbox 1737 1113 1889 1154; x_wconf 87' lang='lat' dir='ltr'>pacem</span> <span class='ocrx_word' id='word_1_147' title='bbox 1903 1114 2000 1143; x_wconf 90' lang='lat' dir='ltr'>cum</span> 
     </span>
     <span class='ocr_line' id='line_1_15' title="bbox 264 1174 2001 1228; baseline -0.001 -12"><span class='ocrx_word' id='word_1_148' title='bbox 264 1175 351 1216; x_wconf 91' lang='lat' dir='ltr'>Deo</span> <span class='ocrx_word' id='word_1_149' title='bbox 376 1187 451 1227; x_wconf 87' lang='lat' dir='ltr'>per</span> <span class='ocrx_word' id='word_1_150' title='bbox 472 1176 767 1216; x_wconf 87' lang='lat' dir='ltr'>remissionem</span> <span class='ocrx_word' id='word_1_151' title='bbox 790 1178 1088 1228; x_wconf 83' lang='lat' dir='ltr'>peccatorum;</span> <span class='ocrx_word' id='word_1_152' title='bbox 1119 1174 1218 1215; x_wconf 91' lang='lat' dir='ltr'>hinc</span> <span class='ocrx_word' id='word_1_153' title='bbox 1250 1174 1380 1215; x_wconf 86' lang='lat' dir='ltr'>etiam</span> <span class='ocrx_word' id='word_1_154' title='bbox 1402 1185 1547 1215; x_wconf 88' lang='lat' dir='ltr'>secum</span> <span class='ocrx_word' id='word_1_155' title='bbox 1570 1174 1675 1226; x_wconf 89' lang='lat' dir='ltr'>ipso,</span> <span class='ocrx_word' id='word_1_156' title='bbox 1706 1185 1870 1226; x_wconf 86' lang='lat' dir='ltr'>pacem,</span> <span class='ocrx_word' id='word_1_157' title='bbox 1891 1185 2001 1226; x_wconf 91' lang='lat' dir='ltr'>quae</span> 
     </span>
     <span class='ocr_line' id='line_1_16' title="bbox 263 1243 2002 1299; baseline -0.001 -13"><span class='ocrx_word' id='word_1_158' title='bbox 263 1251 438 1299; x_wconf 84' lang='lat' dir='ltr'>superat</span> <span class='ocrx_word' id='word_1_159' title='bbox 454 1259 627 1288; x_wconf 89' lang='lat' dir='ltr'>omnem</span> <span class='ocrx_word' id='word_1_160' title='bbox 642 1258 815 1287; x_wconf 84' lang='lat' dir='ltr'>sensum</span> <span class='ocrx_word' id='word_1_161' title='bbox 839 1251 881 1287; x_wconf 86' lang='lat' dir='ltr'>et</span> <span class='ocrx_word' id='word_1_162' title='bbox 902 1258 1030 1299; x_wconf 87' lang='lat' dir='ltr'>quam</span> <span class='ocrx_word' id='word_1_163' title='bbox 1053 1245 1236 1286; x_wconf 89' lang='lat' dir='ltr'>mundus</span> <span class='ocrx_word' id='word_1_164' title='bbox 1259 1245 1361 1286; x_wconf 90' lang='lat' dir='ltr'>dare</span> <span class='ocrx_word' id='word_1_165' title='bbox 1383 1257 1471 1286; x_wconf 88' lang='lat' dir='ltr'>non</span> <span class='ocrx_word' id='word_1_166' title='bbox 1493 1248 1652 1297; x_wconf 86' lang='lat' dir='ltr'>potest;</span> <span class='ocrx_word' id='word_1_167' title='bbox 1675 1243 1839 1286; x_wconf 89' lang='lat' dir='ltr'>confert</span> <span class='ocrx_word' id='word_1_168' title='bbox 1851 1255 2002 1297; x_wconf 89' lang='lat' dir='ltr'>pacem</span> 
     </span>
     <span class='ocr_line' id='line_1_17' title="bbox 265 1315 2002 1369; baseline -0.001 -12"><span class='ocrx_word' id='word_1_169' title='bbox 265 1316 509 1358; x_wconf 90' lang='lat' dir='ltr'>hominibus</span> <span class='ocrx_word' id='word_1_170' title='bbox 526 1319 634 1358; x_wconf 88' lang='lat' dir='ltr'>inter</span> <span class='ocrx_word' id='word_1_171' title='bbox 649 1329 705 1365; x_wconf 74' lang='lat' dir='ltr'>se,</span> <span class='ocrx_word' id='word_1_172' title='bbox 728 1317 957 1369; x_wconf 89' lang='lat' dir='ltr'>redigendo</span> <span class='ocrx_word' id='word_1_173' title='bbox 975 1328 1049 1358; x_wconf 90' lang='lat' dir='ltr'>eos</span> <span class='ocrx_word' id='word_1_174' title='bbox 1072 1317 1115 1357; x_wconf 90' lang='lat' dir='ltr'>in</span> <span class='ocrx_word' id='word_1_175' title='bbox 1135 1329 1268 1357; x_wconf 89' lang='lat' dir='ltr'>unum</span> <span class='ocrx_word' id='word_1_176' title='bbox 1285 1315 1394 1357; x_wconf 84' lang='lat' dir='ltr'>ovile</span> <span class='ocrx_word' id='word_1_177' title='bbox 1407 1315 1485 1356; x_wconf 91' lang='lat' dir='ltr'>sub</span> <span class='ocrx_word' id='word_1_178' title='bbox 1500 1327 1586 1356; x_wconf 92' lang='lat' dir='ltr'>uno</span> <span class='ocrx_word' id='word_1_179' title='bbox 1601 1319 1786 1368; x_wconf 81' lang='lat' dir='ltr'>pastore,</span> <span class='ocrx_word' id='word_1_180' title='bbox 1807 1315 1851 1356; x_wconf 92' lang='lat' dir='ltr'>in</span> <span class='ocrx_word' id='word_1_181' title='bbox 1872 1327 2002 1356; x_wconf 90' lang='lat' dir='ltr'>unam</span> 
     </span>
     <span class='ocr_line' id='line_1_18' title="bbox 265 1385 2003 1441; baseline -0.001 -13"><span class='ocrx_word' id='word_1_182' title='bbox 265 1388 470 1428; x_wconf 83' lang='lat' dir='ltr'>familiam</span> <span class='ocrx_word' id='word_1_183' title='bbox 493 1394 535 1429; x_wconf 89' lang='lat' dir='ltr'>et</span> <span class='ocrx_word' id='word_1_184' title='bbox 557 1400 711 1441; x_wconf 90' lang='lat' dir='ltr'>corpus</span> <span class='ocrx_word' id='word_1_185' title='bbox 735 1387 812 1428; x_wconf 87' lang='lat' dir='ltr'>sub</span> <span class='ocrx_word' id='word_1_186' title='bbox 837 1399 922 1428; x_wconf 87' lang='lat' dir='ltr'>uno</span> <span class='ocrx_word' id='word_1_187' title='bbox 947 1388 1095 1440; x_wconf 87' lang='lat' dir='ltr'>capite,</span> <span class='ocrx_word' id='word_1_188' title='bbox 1119 1391 1247 1440; x_wconf 90' lang='lat' dir='ltr'>atque</span> <span class='ocrx_word' id='word_1_189' title='bbox 1262 1385 1456 1427; x_wconf 86' lang='lat' dir='ltr'>faciendo</span> <span class='ocrx_word' id='word_1_190' title='bbox 1471 1397 1621 1427; x_wconf 90' lang='lat' dir='ltr'>omnes</span> <span class='ocrx_word' id='word_1_191' title='bbox 1642 1385 1795 1427; x_wconf 86' lang='lat' dir='ltr'>fratres</span> <span class='ocrx_word' id='word_1_192' title='bbox 1815 1386 1925 1428; x_wconf 90' lang='lat' dir='ltr'>inter</span> <span class='ocrx_word' id='word_1_193' title='bbox 1945 1397 2003 1428; x_wconf 89' lang='lat' dir='ltr'>se.</span> 
     </span>
     <span class='ocr_line' id='line_1_19' title="bbox 265 1457 2004 1510; baseline -0.002 -10"><span class='ocrx_word' id='word_1_194' title='bbox 265 1457 389 1509; x_wconf 86' lang='lat' dir='ltr'>Quod</span> <span class='ocrx_word' id='word_1_195' title='bbox 412 1460 447 1499; x_wconf 90' lang='lat' dir='ltr'>si</span> <span class='ocrx_word' id='word_1_196' title='bbox 473 1459 612 1500; x_wconf 87' lang='lat' dir='ltr'>adhuc</span> <span class='ocrx_word' id='word_1_197' title='bbox 635 1463 733 1500; x_wconf 84' lang='lat' dir='ltr'>sunt</span> <span class='ocrx_word' id='word_1_198' title='bbox 754 1458 868 1499; x_wconf 83' lang='lat' dir='ltr'>bella</span> <span class='ocrx_word' id='word_1_199' title='bbox 890 1459 1000 1499; x_wconf 89' lang='lat' dir='ltr'>inter</span> <span class='ocrx_word' id='word_1_200' title='bbox 1021 1463 1180 1509; x_wconf 78' lang='lat' dir='ltr'>gentes,</span> <span class='ocrx_word' id='word_1_201' title='bbox 1211 1463 1388 1498; x_wconf 86' lang='lat' dir='ltr'>eatenus</span> <span class='ocrx_word' id='word_1_202' title='bbox 1418 1457 1526 1498; x_wconf 84' lang='lat' dir='ltr'>haec</span> <span class='ocrx_word' id='word_1_203' title='bbox 1557 1457 1763 1507; x_wconf 89' lang='lat' dir='ltr'>oriuntur,</span> <span class='ocrx_word' id='word_1_204' title='bbox 1794 1461 2004 1510; x_wconf 87' lang='lat' dir='ltr'>quatenus</span> 
     </span>
     <span class='ocr_line' id='line_1_20' title="bbox 266 1527 2005 1580; baseline -0.001 -11"><span class='ocrx_word' id='word_1_205' title='bbox 266 1530 462 1571; x_wconf 89' lang='lat' dir='ltr'>homines</span> <span class='ocrx_word' id='word_1_206' title='bbox 485 1542 531 1571; x_wconf 91' lang='lat' dir='ltr'>se</span> <span class='ocrx_word' id='word_1_207' title='bbox 553 1529 809 1571; x_wconf 78' lang='lat' dir='ltr'>subtrahunt</span> <span class='ocrx_word' id='word_1_208' title='bbox 831 1528 1006 1570; x_wconf 77' lang='lat' dir='ltr'>influxui</span> <span class='ocrx_word' id='word_1_209' title='bbox 1028 1528 1194 1571; x_wconf 82' lang='lat' dir='ltr'>Christi.</span> <span class='ocrx_word' id='word_1_210' title='bbox 1236 1527 1355 1579; x_wconf 88' lang='lat' dir='ltr'>Quae</span> <span class='ocrx_word' id='word_1_211' title='bbox 1386 1540 1488 1569; x_wconf 90' lang='lat' dir='ltr'>vero</span> <span class='ocrx_word' id='word_1_212' title='bbox 1521 1527 1573 1568; x_wconf 94' lang='lat' dir='ltr'>de</span> <span class='ocrx_word' id='word_1_213' title='bbox 1603 1540 1630 1580; x_wconf 92' lang='lat' dir='ltr'>p</span> <span class='ocrx_word' id='word_1_214' title='bbox 1645 1538 1740 1568; x_wconf 86' lang='lat' dir='ltr'>ace</span> <span class='ocrx_word' id='word_1_215' title='bbox 1771 1527 1885 1568; x_wconf 87' lang='lat' dir='ltr'>dicta</span> <span class='ocrx_word' id='word_1_216' title='bbox 1905 1532 2005 1568; x_wconf 91' lang='lat' dir='ltr'>sunt</span> 
     </span>
     <span class='ocr_line' id='line_1_21' title="bbox 267 1600 2004 1654; baseline 0.001 -13"><span class='ocrx_word' id='word_1_217' title='bbox 267 1612 365 1641; x_wconf 84' lang='lat' dir='ltr'>cum</span> <span class='ocrx_word' id='word_1_218' title='bbox 387 1601 487 1654; x_wconf 89' lang='lat' dir='ltr'>ipsis</span> <span class='ocrx_word' id='word_1_219' title='bbox 511 1600 620 1651; x_wconf 83' lang='lat' dir='ltr'>feris,</span> <span class='ocrx_word' id='word_1_220' title='bbox 651 1601 887 1643; x_wconf 89' lang='lat' dir='ltr'>luculenter</span> <span class='ocrx_word' id='word_1_221' title='bbox 909 1601 1140 1654; x_wconf 87' lang='lat' dir='ltr'>adimpleta</span> <span class='ocrx_word' id='word_1_222' title='bbox 1161 1605 1259 1642; x_wconf 88' lang='lat' dir='ltr'>sunt</span> <span class='ocrx_word' id='word_1_223' title='bbox 1281 1613 1409 1642; x_wconf 90' lang='lat' dir='ltr'>sensu</span> <span class='ocrx_word' id='word_1_224' title='bbox 1431 1600 1658 1653; x_wconf 87' lang='lat' dir='ltr'>spirituali:</span> <span class='ocrx_word' id='word_1_225' title='bbox 1691 1612 1790 1641; x_wconf 89' lang='lat' dir='ltr'>cum</span> <span class='ocrx_word' id='word_1_226' title='bbox 1819 1601 2004 1642; x_wconf 88' lang='lat' dir='ltr'>inermes</span> 
     </span>
     <span class='ocr_line' id='line_1_22' title="bbox 268 1670 2004 1725; baseline -0.001 -12"><span class='ocrx_word' id='word_1_227' title='bbox 268 1673 526 1713; x_wconf 85' lang='lat' dir='ltr'>missionarii</span> <span class='ocrx_word' id='word_1_228' title='bbox 547 1677 693 1725; x_wconf 85' lang='lat' dir='ltr'>gentes</span> <span class='ocrx_word' id='word_1_229' title='bbox 724 1672 946 1722; x_wconf 84' lang='lat' dir='ltr'>barbaras,</span> <span class='ocrx_word' id='word_1_230' title='bbox 979 1672 1157 1720; x_wconf 77' lang='lat' dir='ltr'>feroces,</span> <span class='ocrx_word' id='word_1_231' title='bbox 1189 1671 1566 1724; x_wconf 86' lang='lat' dir='ltr'>anthropophagas</span> <span class='ocrx_word' id='word_1_232' title='bbox 1593 1672 1694 1724; x_wconf 74' lang='lat' dir='ltr'>Jugo</span> <span class='ocrx_word' id='word_1_233' title='bbox 1726 1670 1882 1713; x_wconf 88' lang='lat' dir='ltr'>Christi</span> <span class='ocrx_word' id='word_1_234' title='bbox 1903 1671 2004 1713; x_wconf 89' lang='lat' dir='ltr'>sub-</span> 
     </span>
     <span class='ocr_line' id='line_1_23' title="bbox 263 1743 2004 1797; baseline 0.001 -14"><span class='ocrx_word' id='word_1_235' title='bbox 263 1743 456 1794; x_wconf 72' lang='lat' dir='ltr'>Jecerint,</span> <span class='ocrx_word' id='word_1_236' title='bbox 480 1748 521 1784; x_wconf 90' lang='lat' dir='ltr'>et</span> <span class='ocrx_word' id='word_1_237' title='bbox 543 1743 811 1797; x_wconf 85' lang='lat' dir='ltr'>quandoque,</span> <span class='ocrx_word' id='word_1_238' title='bbox 843 1748 889 1784; x_wconf 89' lang='lat' dir='ltr'>ut</span> <span class='ocrx_word' id='word_1_239' title='bbox 920 1744 1097 1796; x_wconf 87' lang='lat' dir='ltr'>legimus</span> <span class='ocrx_word' id='word_1_240' title='bbox 1128 1744 1172 1784; x_wconf 91' lang='lat' dir='ltr'>in</span> <span class='ocrx_word' id='word_1_241' title='bbox 1201 1743 1297 1784; x_wconf 77' lang='lat' dir='ltr'>vitis</span> <span class='ocrx_word' id='word_1_242' title='bbox 1319 1747 1499 1796; x_wconf 83' lang='lat' dir='ltr'>patrum,</span> <span class='ocrx_word' id='word_1_243' title='bbox 1532 1755 1661 1784; x_wconf 89' lang='lat' dir='ltr'>sensu</span> <span class='ocrx_word' id='word_1_244' title='bbox 1682 1743 1811 1784; x_wconf 88' lang='lat' dir='ltr'>etiam</span> <span class='ocrx_word' id='word_1_245' title='bbox 1832 1743 2004 1796; x_wconf 91' lang='lat' dir='ltr'>proprio</span> 
     </span>
     <span class='ocr_line' id='line_1_24' title="bbox 271 1813 2005 1868; baseline 0.001 -15"><span class='ocrx_word' id='word_1_246' title='bbox 271 1814 499 1866; x_wconf 86' lang='lat' dir='ltr'>adimpleta</span> <span class='ocrx_word' id='word_1_247' title='bbox 513 1820 752 1857; x_wconf 84' lang='lat' dir='ltr'>narrantur.</span> <span class='ocrx_word' id='word_1_248' title='bbox 787 1814 851 1855; x_wconf 94' lang='lat' dir='ltr'>Ad</span> <span class='ocrx_word' id='word_1_249' title='bbox 874 1826 965 1855; x_wconf 89' lang='lat' dir='ltr'>rem</span> <span class='ocrx_word' id='word_1_250' title='bbox 987 1814 1349 1868; x_wconf 73' lang='lat' dir='ltr'>Hieronymus</span> <span class='ocrx_word' id='word_1_251' title='bbox 1371 1814 1413 1854; x_wconf 93' lang='lat' dir='ltr'>in</span> <span class='ocrx_word' id='word_1_252' title='bbox 1437 1813 1485 1857; x_wconf 89' lang='lat' dir='ltr'>Is.</span> <span class='ocrx_word' id='word_1_253' title='bbox 1505 1818 1571 1863; x_wconf 90' lang='grc'>11,</span> <span class='ocrx_word' id='word_1_254' title='bbox 1592 1817 1617 1858; x_wconf 89' lang='grc'>6</span> <span class='ocrx_word' id='word_1_255' title='bbox 1632 1826 1685 1856; x_wconf 87' lang='lat' dir='ltr'>ss.</span> <span class='ocrx_word' id='word_1_256' title='bbox 1703 1813 1870 1854; x_wconf 87' lang='lat' dir='ltr'>scribit:</span> <span class='ocrx_word' id='word_1_257' title='bbox 1899 1813 2005 1865; x_wconf 86' lang='lat' dir='ltr'>„Leo</span> 
     </span>
     <span class='ocr_line' id='line_1_25' title="bbox 268 1883 2008 1938; baseline 0.001 -13"><span class='ocrx_word' id='word_1_258' title='bbox 268 1896 437 1937; x_wconf 88' lang='lat' dir='ltr'>quoque</span> <span class='ocrx_word' id='word_1_259' title='bbox 459 1886 574 1938; x_wconf 88' lang='lat' dir='ltr'>prius</span> <span class='ocrx_word' id='word_1_260' title='bbox 598 1885 885 1927; x_wconf 84' lang='lat' dir='ltr'>ferocissimus</span> <span class='ocrx_word' id='word_1_261' title='bbox 917 1890 958 1926; x_wconf 87' lang='lat' dir='ltr'>et</span> <span class='ocrx_word' id='word_1_262' title='bbox 989 1885 1080 1925; x_wconf 78' lang='lat' dir='ltr'>ovis</span> <span class='ocrx_word' id='word_1_263' title='bbox 1112 1889 1154 1925; x_wconf 91' lang='lat' dir='ltr'>et</span> <span class='ocrx_word' id='word_1_264' title='bbox 1184 1884 1339 1926; x_wconf 80' lang='lat' dir='ltr'>vitulus</span> <span class='ocrx_word' id='word_1_265' title='bbox 1370 1885 1528 1936; x_wconf 89' lang='lat' dir='ltr'>pariter</span> <span class='ocrx_word' id='word_1_266' title='bbox 1550 1883 1842 1929; x_wconf 84' lang='lat' dir='ltr'>morabuntur,</span> <span class='ocrx_word' id='word_1_267' title='bbox 1884 1883 2008 1936; x_wconf 87' lang='lat' dir='ltr'>Quod</span> 
     </span>
     <span class='ocr_line' id='line_1_26' title="bbox 269 1955 2007 2008; baseline 0 -12"><span class='ocrx_word' id='word_1_268' title='bbox 269 1956 456 2008; x_wconf 84' lang='lat' dir='ltr'>quotidie</span> <span class='ocrx_word' id='word_1_269' title='bbox 479 1957 692 1997; x_wconf 86' lang='lat' dir='ltr'>cernimus</span> <span class='ocrx_word' id='word_1_270' title='bbox 728 1957 770 1997; x_wconf 89' lang='lat' dir='ltr'>in</span> <span class='ocrx_word' id='word_1_271' title='bbox 792 1956 992 2005; x_wconf 86' lang='lat' dir='ltr'>Ecclesia,</span> <span class='ocrx_word' id='word_1_272' title='bbox 1024 1956 1174 1996; x_wconf 90' lang='lat' dir='ltr'>divites</span> <span class='ocrx_word' id='word_1_273' title='bbox 1206 1960 1248 1996; x_wconf 88' lang='lat' dir='ltr'>et</span> <span class='ocrx_word' id='word_1_274' title='bbox 1277 1967 1500 2008; x_wconf 86' lang='lat' dir='ltr'>pauperes,</span> <span class='ocrx_word' id='word_1_275' title='bbox 1530 1959 1726 2008; x_wconf 88' lang='lat' dir='ltr'>potentes</span> <span class='ocrx_word' id='word_1_276' title='bbox 1753 1959 1795 1996; x_wconf 92' lang='lat' dir='ltr'>et</span> <span class='ocrx_word' id='word_1_277' title='bbox 1815 1955 2007 2005; x_wconf 87' lang='lat' dir='ltr'>humiles,</span> 
     </span>
     <span class='ocr_line' id='line_1_27' title="bbox 269 2026 2008 2080; baseline 0.001 -14"><span class='ocrx_word' id='word_1_278' title='bbox 269 2032 390 2077; x_wconf 82' lang='lat' dir='ltr'>reges</span> <span class='ocrx_word' id='word_1_279' title='bbox 405 2031 531 2079; x_wconf 88' lang='lat' dir='ltr'>atque</span> <span class='ocrx_word' id='word_1_280' title='bbox 547 2028 734 2080; x_wconf 86' lang='lat' dir='ltr'>privatos</span> <span class='ocrx_word' id='word_1_281' title='bbox 749 2028 908 2080; x_wconf 85' lang='lat' dir='ltr'>pariter</span> <span class='ocrx_word' id='word_1_282' title='bbox 923 2027 1194 2076; x_wconf 87' lang='lat' dir='ltr'>commorari,</span> <span class='ocrx_word' id='word_1_283' title='bbox 1216 2031 1258 2067; x_wconf 91' lang='lat' dir='ltr'>et</span> <span class='ocrx_word' id='word_1_284' title='bbox 1280 2039 1306 2067; x_wconf 88' lang='lat' dir='ltr'>a</span> <span class='ocrx_word' id='word_1_285' title='bbox 1327 2027 1469 2078; x_wconf 90' lang='lat' dir='ltr'>pueris</span> <span class='ocrx_word' id='word_1_286' title='bbox 1484 2026 1682 2079; x_wconf 76' lang='lat' dir='ltr'>parvulis,</span> <span class='ocrx_word' id='word_1_287' title='bbox 1705 2039 1812 2079; x_wconf 88' lang='lat' dir='ltr'>quos</span> <span class='ocrx_word' id='word_1_288' title='bbox 1833 2031 2008 2079; x_wconf 89' lang='lat' dir='ltr'>aposto-</span> 
     </span>
     <span class='ocr_line' id='line_1_28' title="bbox 271 2096 2010 2151; baseline 0.001 -14"><span class='ocrx_word' id='word_1_289' title='bbox 271 2096 334 2138; x_wconf 87' lang='lat' dir='ltr'>los</span> <span class='ocrx_word' id='word_1_290' title='bbox 357 2097 628 2150; x_wconf 81' lang='lat' dir='ltr'>intelligimus</span> <span class='ocrx_word' id='word_1_291' title='bbox 651 2103 692 2139; x_wconf 90' lang='lat' dir='ltr'>et</span> <span class='ocrx_word' id='word_1_292' title='bbox 715 2098 975 2151; x_wconf 91' lang='lat' dir='ltr'>apostolicos</span> <span class='ocrx_word' id='word_1_293' title='bbox 996 2097 1122 2146; x_wconf 88' lang='lat' dir='ltr'>viros,</span> <span class='ocrx_word' id='word_1_294' title='bbox 1145 2097 1363 2150; x_wconf 89' lang='lat' dir='ltr'>imperitos</span> <span class='ocrx_word' id='word_1_295' title='bbox 1381 2109 1591 2146; x_wconf 90' lang='lat' dir='ltr'>sermone,</span> <span class='ocrx_word' id='word_1_296' title='bbox 1613 2097 1688 2138; x_wconf 92' lang='lat' dir='ltr'>sed</span> <span class='ocrx_word' id='word_1_297' title='bbox 1710 2110 1797 2138; x_wconf 91' lang='lat' dir='ltr'>non</span> <span class='ocrx_word' id='word_1_298' title='bbox 1818 2098 2010 2146; x_wconf 85' lang='lat' dir='ltr'>scientia,</span> 
     </span>
     <span class='ocr_line' id='line_1_29' title="bbox 271 2166 2010 2220; baseline 0 -12"><span class='ocrx_word' id='word_1_299' title='bbox 271 2168 359 2220; x_wconf 78' lang='lat' dir='ltr'>regi</span> <span class='ocrx_word' id='word_1_300' title='bbox 380 2168 424 2208; x_wconf 90' lang='lat' dir='ltr'>in</span> <span class='ocrx_word' id='word_1_301' title='bbox 445 2167 646 2213; x_wconf 83' lang='lat' dir='ltr'>Ecclesia.</span> <span class='ocrx_word' id='word_1_302' title='bbox 683 2168 762 2220; x_wconf 86' lang='lat' dir='ltr'>Qui</span> <span class='ocrx_word' id='word_1_303' title='bbox 785 2181 882 2209; x_wconf 88' lang='lat' dir='ltr'>cum</span> <span class='ocrx_word' id='word_1_304' title='bbox 903 2169 1014 2209; x_wconf 88' lang='lat' dir='ltr'>inter</span> <span class='ocrx_word' id='word_1_305' title='bbox 1035 2179 1081 2209; x_wconf 90' lang='lat' dir='ltr'>se</span> <span class='ocrx_word' id='word_1_306' title='bbox 1104 2167 1324 2220; x_wconf 86' lang='lat' dir='ltr'>disciplina</span> <span class='ocrx_word' id='word_1_307' title='bbox 1345 2166 1514 2208; x_wconf 88' lang='lat' dir='ltr'>Domini</span> <span class='ocrx_word' id='word_1_308' title='bbox 1536 2166 1690 2208; x_wconf 86' lang='lat' dir='ltr'>fuerint</span> <span class='ocrx_word' id='word_1_309' title='bbox 1711 2167 1929 2218; x_wconf 87' lang='lat' dir='ltr'>foederati,</span> <span class='ocrx_word' id='word_1_310' title='bbox 1950 2169 2010 2208; x_wconf 89' lang='lat' dir='ltr'>ita</span> 
     </span>
     <span class='ocr_line' id='line_1_30' title="bbox 274 2237 2009 2294; baseline 0.001 -16"><span class='ocrx_word' id='word_1_311' title='bbox 274 2243 319 2278; x_wconf 86' lang='lat' dir='ltr'>ut</span> <span class='ocrx_word' id='word_1_312' title='bbox 343 2250 491 2280; x_wconf 87' lang='lat' dir='ltr'>eorum</span> <span class='ocrx_word' id='word_1_313' title='bbox 515 2252 684 2293; x_wconf 88' lang='lat' dir='ltr'>quoque</span> <span class='ocrx_word' id='word_1_314' title='bbox 707 2239 891 2281; x_wconf 84' lang='lat' dir='ltr'>familiae</span> <span class='ocrx_word' id='word_1_315' title='bbox 915 2239 1208 2292; x_wconf 86' lang='lat' dir='ltr'>conjungatur,</span> <span class='ocrx_word' id='word_1_316' title='bbox 1231 2243 1331 2280; x_wconf 89' lang='lat' dir='ltr'>tunc</span> <span class='ocrx_word' id='word_1_317' title='bbox 1354 2237 1653 2290; x_wconf 88' lang='lat' dir='ltr'>complebitur:</span> <span class='ocrx_word' id='word_1_318' title='bbox 1679 2238 1812 2279; x_wconf 81' lang='lat' dir='ltr'>Simul</span> <span class='ocrx_word' id='word_1_319' title='bbox 1832 2239 2009 2294; x_wconf 74' lang='lat' dir='ltr'>requies-</span> 
     </span>
     <span class='ocr_line' id='line_1_31' title="bbox 271 2311 712 2354; baseline 0.009 -4"><span class='ocrx_word' id='word_1_320' title='bbox 271 2314 361 2350; x_wconf 62' lang='lat' dir='ltr'>cent</span> <span class='ocrx_word' id='word_1_321' title='bbox 383 2311 512 2351; x_wconf 71' lang='lat' dir='ltr'>catuli</span> <span class='ocrx_word' id='word_1_322' title='bbox 533 2312 712 2354; x_wconf 64' lang='lat' dir='ltr'>eorumf‘</span> 
     </span>
    </p>

    <p class='ocr_par' dir='ltr' id='par_1_3' title="bbox 273 2379 2014 2847">
     <span class='ocr_line' id='line_1_32' title="bbox 393 2379 2010 2433; baseline -0.001 -11"><span class='ocrx_word' id='word_1_323' title='bbox 393 2382 435 2424; x_wconf 82' lang='lat'>3.</span> <span class='ocrx_word' id='word_1_324' title='bbox 459 2380 586 2422; x_wconf 89' lang='lat' dir='ltr'>Plura</span> <span class='ocrx_word' id='word_1_325' title='bbox 609 2382 808 2422; x_wconf 86' lang='lat' dir='ltr'>vaticinia</span> <span class='ocrx_word' id='word_1_326' title='bbox 831 2386 967 2422; x_wconf 89' lang='lat' dir='ltr'>totam</span> <span class='ocrx_word' id='word_1_327' title='bbox 991 2381 1332 2433; x_wconf 90' lang='lat' dir='ltr'>complectuntur</span> <span class='ocrx_word' id='word_1_328' title='bbox 1348 2379 1529 2421; x_wconf 90' lang='lat' dir='ltr'>Messiae</span> <span class='ocrx_word' id='word_1_329' title='bbox 1551 2380 1871 2421; x_wconf 87' lang='lat' dir='ltr'>oeconomiam:</span> <span class='ocrx_word' id='word_1_330' title='bbox 1892 2379 2010 2421; x_wconf 87' lang='lat' dir='ltr'>ideo-</span> 
     </span>
     <span class='ocr_line' id='line_1_33' title="bbox 273 2450 2012 2505; baseline 0 -14"><span class='ocrx_word' id='word_1_331' title='bbox 273 2463 356 2503; x_wconf 87' lang='lat' dir='ltr'>que</span> <span class='ocrx_word' id='word_1_332' title='bbox 378 2464 466 2492; x_wconf 90' lang='lat' dir='ltr'>non</span> <span class='ocrx_word' id='word_1_333' title='bbox 489 2452 627 2493; x_wconf 91' lang='lat' dir='ltr'>solum</span> <span class='ocrx_word' id='word_1_334' title='bbox 650 2452 705 2493; x_wconf 89' lang='lat' dir='ltr'>ad</span> <span class='ocrx_word' id='word_1_335' title='bbox 726 2453 915 2505; x_wconf 88' lang='lat' dir='ltr'>priorem</span> <span class='ocrx_word' id='word_1_336' title='bbox 939 2452 1030 2505; x_wconf 89' lang='lat' dir='ltr'>ejus</span> <span class='ocrx_word' id='word_1_337' title='bbox 1053 2451 1282 2493; x_wconf 89' lang='lat' dir='ltr'>adventum</span> <span class='ocrx_word' id='word_1_338' title='bbox 1303 2450 1554 2501; x_wconf 89' lang='lat' dir='ltr'>referuntur,</span> <span class='ocrx_word' id='word_1_339' title='bbox 1586 2450 1661 2492; x_wconf 86' lang='lat' dir='ltr'>sed</span> <span class='ocrx_word' id='word_1_340' title='bbox 1690 2463 1826 2504; x_wconf 89' lang='lat' dir='ltr'>usque</span> <span class='ocrx_word' id='word_1_341' title='bbox 1858 2450 1913 2492; x_wconf 88' lang='lat' dir='ltr'>ad</span> <span class='ocrx_word' id='word_1_342' title='bbox 1943 2461 2012 2492; x_wconf 89' lang='lat' dir='ltr'>se-</span> 
     </span>
     <span class='ocr_line' id='line_1_34' title="bbox 274 2519 2013 2577; baseline 0 -16"><span class='ocrx_word' id='word_1_343' title='bbox 274 2521 461 2562; x_wconf 85' lang='lat' dir='ltr'>cundum</span> <span class='ocrx_word' id='word_1_344' title='bbox 483 2523 786 2572; x_wconf 76' lang='lat' dir='ltr'>extenduntur3</span> <span class='ocrx_word' id='word_1_345' title='bbox 810 2523 1090 2577; x_wconf 89' lang='lat' dir='ltr'>quamobrem</span> <span class='ocrx_word' id='word_1_346' title='bbox 1114 2534 1266 2563; x_wconf 85' lang='lat' dir='ltr'>eorum</span> <span class='ocrx_word' id='word_1_347' title='bbox 1290 2521 1533 2574; x_wconf 89' lang='lat' dir='ltr'>adimpletio</span> <span class='ocrx_word' id='word_1_348' title='bbox 1556 2525 1749 2574; x_wconf 89' lang='lat' dir='ltr'>tempore</span> <span class='ocrx_word' id='word_1_349' title='bbox 1763 2519 1917 2562; x_wconf 86' lang='lat' dir='ltr'>Christi</span> <span class='ocrx_word' id='word_1_350' title='bbox 1937 2519 2013 2561; x_wconf 81' lang='lat' dir='ltr'>fuit</span> 
     </span>
     <span class='ocr_line' id='line_1_35' title="bbox 278 2591 2012 2647; baseline 0 -15"><span class='ocrx_word' id='word_1_351' title='bbox 278 2597 444 2633; x_wconf 83' lang='lat' dir='ltr'>tantum</span> <span class='ocrx_word' id='word_1_352' title='bbox 465 2594 678 2644; x_wconf 84' lang='lat' dir='ltr'>inchoata,</span> <span class='ocrx_word' id='word_1_353' title='bbox 710 2593 968 2647; x_wconf 84' lang='lat' dir='ltr'>imperfecta,</span> <span class='ocrx_word' id='word_1_354' title='bbox 995 2593 1199 2646; x_wconf 89' lang='lat' dir='ltr'>temporis</span> <span class='ocrx_word' id='word_1_355' title='bbox 1229 2593 1352 2645; x_wconf 87' lang='lat' dir='ltr'>lapsu</span> <span class='ocrx_word' id='word_1_356' title='bbox 1376 2592 1585 2645; x_wconf 89' lang='lat' dir='ltr'>gradatim</span> <span class='ocrx_word' id='word_1_357' title='bbox 1606 2591 1833 2645; x_wconf 88' lang='lat' dir='ltr'>perficitur,</span> <span class='ocrx_word' id='word_1_358' title='bbox 1863 2603 2012 2632; x_wconf 89' lang='lat' dir='ltr'>eorum</span> 
     </span>
     <span class='ocr_line' id='line_1_36' title="bbox 278 2662 2014 2717; baseline -0.001 -14"><span class='ocrx_word' id='word_1_359' title='bbox 278 2675 379 2704; x_wconf 82' lang='lat' dir='ltr'>vero</span> <span class='ocrx_word' id='word_1_360' title='bbox 402 2665 716 2706; x_wconf 90' lang='lat' dir='ltr'>consummatio</span> <span class='ocrx_word' id='word_1_361' title='bbox 739 2665 783 2705; x_wconf 89' lang='lat' dir='ltr'>in</span> <span class='ocrx_word' id='word_1_362' title='bbox 803 2664 885 2706; x_wconf 83' lang='lat' dir='ltr'>fine</span> <span class='ocrx_word' id='word_1_363' title='bbox 907 2664 1144 2717; x_wconf 87' lang='lat' dir='ltr'>praesentis</span> <span class='ocrx_word' id='word_1_364' title='bbox 1167 2664 1447 2705; x_wconf 89' lang='lat' dir='ltr'>oeconomiae</span> <span class='ocrx_word' id='word_1_365' title='bbox 1470 2667 1597 2716; x_wconf 88' lang='lat' dir='ltr'>atque</span> <span class='ocrx_word' id='word_1_366' title='bbox 1620 2663 1664 2704; x_wconf 90' lang='lat' dir='ltr'>in</span> <span class='ocrx_word' id='word_1_367' title='bbox 1687 2662 1821 2704; x_wconf 86' lang='lat' dir='ltr'>altera</span> <span class='ocrx_word' id='word_1_368' title='bbox 1841 2662 1929 2703; x_wconf 88' lang='lat' dir='ltr'>vita</span> <span class='ocrx_word' id='word_1_369' title='bbox 1949 2666 2014 2703; x_wconf 90' lang='lat' dir='ltr'>est</span> 
     </span>
     <span class='ocr_line' id='line_1_37' title="bbox 278 2733 2014 2788; baseline 0 -15"><span class='ocrx_word' id='word_1_370' title='bbox 278 2734 578 2786; x_wconf 77' lang='lat' dir='ltr'>exspectanda.</span> <span class='ocrx_word' id='word_1_371' title='bbox 613 2735 730 2776; x_wconf 92' lang='lat' dir='ltr'>Tunc</span> <span class='ocrx_word' id='word_1_372' title='bbox 750 2747 854 2776; x_wconf 86' lang='lat' dir='ltr'>sane</span> <span class='ocrx_word' id='word_1_373' title='bbox 868 2735 1115 2788; x_wconf 88' lang='lat' dir='ltr'>plenissima</span> <span class='ocrx_word' id='word_1_374' title='bbox 1139 2735 1217 2776; x_wconf 88' lang='lat' dir='ltr'>erit</span> <span class='ocrx_word' id='word_1_375' title='bbox 1233 2734 1445 2787; x_wconf 83' lang='lat' dir='ltr'>justorum</span> <span class='ocrx_word' id='word_1_376' title='bbox 1459 2745 1555 2786; x_wconf 81' lang='lat' dir='ltr'>pax,</span> <span class='ocrx_word' id='word_1_377' title='bbox 1577 2733 1702 2786; x_wconf 87' lang='lat' dir='ltr'>plane</span> <span class='ocrx_word' id='word_1_378' title='bbox 1717 2736 2014 2774; x_wconf 83' lang='lat' dir='ltr'>consummata</span> 
     </span>
     <span class='ocr_line' id='line_1_38' title="bbox 278 2803 938 2847; baseline 0.005 -3"><span class='ocrx_word' id='word_1_379' title='bbox 278 2803 434 2845; x_wconf 87' lang='lat' dir='ltr'>Christi</span> <span class='ocrx_word' id='word_1_380' title='bbox 455 2805 506 2846; x_wconf 91' lang='lat' dir='ltr'>de</span> <span class='ocrx_word' id='word_1_381' title='bbox 530 2805 727 2846; x_wconf 91' lang='lat' dir='ltr'>omnibus</span> <span class='ocrx_word' id='word_1_382' title='bbox 749 2806 938 2847; x_wconf 85' lang='lat' dir='ltr'>victoria.</span> 
     </span>
    </p>

    <p class='ocr_par' dir='ltr' id='par_1_4' title="bbox 283 2874 2062 2999">
     <span class='ocr_line' id='line_1_39' title="bbox 398 2874 2014 2929; baseline -0.002 -12"><span class='ocrx_word' id='word_1_383' title='bbox 398 2875 441 2920; x_wconf 82' lang='lat'>4.</span> <span class='ocrx_word' id='word_1_384' title='bbox 476 2874 520 2916; x_wconf 89' lang='lat' dir='ltr'>Si</span> <span class='ocrx_word' id='word_1_385' title='bbox 554 2888 638 2929; x_wconf 91' lang='lat' dir='ltr'>qua</span> <span class='ocrx_word' id='word_1_386' title='bbox 668 2876 858 2917; x_wconf 91' lang='lat' dir='ltr'>nondum</span> <span class='ocrx_word' id='word_1_387' title='bbox 889 2881 987 2917; x_wconf 86' lang='lat' dir='ltr'>sunt</span> <span class='ocrx_word' id='word_1_388' title='bbox 1017 2876 1200 2929; x_wconf 88' lang='lat' dir='ltr'>impleta,</span> <span class='ocrx_word' id='word_1_389' title='bbox 1239 2875 1473 2916; x_wconf 88' lang='lat' dir='ltr'>certissime</span> <span class='ocrx_word' id='word_1_390' title='bbox 1508 2874 1869 2927; x_wconf 86' lang='lat' dir='ltr'>adimplebuntur:</span> <span class='ocrx_word' id='word_1_391' title='bbox 1904 2884 2014 2926; x_wconf 85' lang='lat' dir='ltr'>quae</span> 
     </span>
     <span class='ocr_line' id='line_1_40' title="bbox 283 2946 2062 2999; baseline -0.001 -13"><span class='ocrx_word' id='word_1_392' title='bbox 283 2947 396 2987; x_wconf 79' lang='lat' dir='ltr'>enim</span> <span class='ocrx_word' id='word_1_393' title='bbox 413 2946 504 2999; x_wconf 84' lang='lat' dir='ltr'>jam</span> <span class='ocrx_word' id='word_1_394' title='bbox 527 2951 626 2987; x_wconf 90' lang='lat' dir='ltr'>sunt</span> <span class='ocrx_word' id='word_1_395' title='bbox 647 2946 887 2999; x_wconf 88' lang='lat' dir='ltr'>adimpleta,</span> <span class='ocrx_word' id='word_1_396' title='bbox 907 2947 1085 2988; x_wconf 91' lang='lat' dir='ltr'>totidem</span> <span class='ocrx_word' id='word_1_397' title='bbox 1106 2951 1206 2988; x_wconf 88' lang='lat' dir='ltr'>sunt</span> <span class='ocrx_word' id='word_1_398' title='bbox 1232 2947 1411 2998; x_wconf 86' lang='lat' dir='ltr'>pignora</span> <span class='ocrx_word' id='word_1_399' title='bbox 1432 2957 1510 2998; x_wconf 89' lang='lat' dir='ltr'>pro</span> <span class='ocrx_word' id='word_1_400' title='bbox 1533 2949 1773 2986; x_wconf 89' lang='lat' dir='ltr'>ceterorum</span> <span class='ocrx_word' id='word_1_401' title='bbox 1795 2949 1960 2985; x_wconf 87' lang='lat' dir='ltr'>eventu.</span> <span class='ocrx_word' id='word_1_402' title='bbox 2056 2991 2062 2995; x_wconf 51' lang='grc'>,</span> 
     </span>
    </p>

    <p class='ocr_par' dir='ltr' id='par_1_5' title="bbox 286 3015 2016 3140">
     <span class='ocr_line' id='line_1_41' title="bbox 399 3015 2015 3071; baseline -0.002 -12"><span class='ocrx_word' id='word_1_403' title='bbox 399 3018 440 3061; x_wconf 83' lang='grc'>5.</span> <span class='ocrx_word' id='word_1_404' title='bbox 462 3016 609 3070; x_wconf 92' lang='lat' dir='ltr'>Neque</span> <span class='ocrx_word' id='word_1_405' title='bbox 630 3017 730 3058; x_wconf 92' lang='lat' dir='ltr'>illud</span> <span class='ocrx_word' id='word_1_406' title='bbox 751 3017 1031 3069; x_wconf 89' lang='lat' dir='ltr'>praetermitti</span> <span class='ocrx_word' id='word_1_407' title='bbox 1052 3016 1188 3067; x_wconf 80' lang='lat' dir='ltr'>debet,</span> <span class='ocrx_word' id='word_1_408' title='bbox 1222 3016 1434 3071; x_wconf 85' lang='lat' dir='ltr'>quaedam</span> <span class='ocrx_word' id='word_1_409' title='bbox 1464 3015 1571 3057; x_wconf 88' lang='lat' dir='ltr'>forte</span> <span class='ocrx_word' id='word_1_410' title='bbox 1598 3016 1800 3056; x_wconf 77' lang='lat' dir='ltr'>vaticinia</span> <span class='ocrx_word' id='word_1_411' title='bbox 1821 3018 2015 3067; x_wconf 86' lang='lat' dir='ltr'>spectare</span> 
     </span>
     <span class='ocr_line' id='line_1_42' title="bbox 286 3085 2016 3140; baseline -0.001 -12"><span class='ocrx_word' id='word_1_412' title='bbox 286 3087 340 3127; x_wconf 84' lang='lat' dir='ltr'>ad</span> <span class='ocrx_word' id='word_1_413' title='bbox 372 3087 486 3128; x_wconf 88' lang='lat' dir='ltr'>solos</span> <span class='ocrx_word' id='word_1_414' title='bbox 512 3087 694 3140; x_wconf 87' lang='lat' dir='ltr'>judaeos</span> <span class='ocrx_word' id='word_1_415' title='bbox 726 3091 768 3128; x_wconf 90' lang='lat' dir='ltr'>et</span> <span class='ocrx_word' id='word_1_416' title='bbox 798 3098 891 3128; x_wconf 88' lang='lat' dir='ltr'>esse</span> <span class='ocrx_word' id='word_1_417' title='bbox 923 3087 1224 3128; x_wconf 89' lang='lat' dir='ltr'>conditionata.</span> <span class='ocrx_word' id='word_1_418' title='bbox 1268 3085 1375 3128; x_wconf 91' lang='lat' dir='ltr'>Cum</span> <span class='ocrx_word' id='word_1_419' title='bbox 1406 3097 1506 3138; x_wconf 86' lang='lat' dir='ltr'>ergo</span> <span class='ocrx_word' id='word_1_420' title='bbox 1533 3085 1678 3138; x_wconf 82' lang='lat' dir='ltr'>judaei</span> <span class='ocrx_word' id='word_1_421' title='bbox 1699 3085 1898 3127; x_wconf 87' lang='lat' dir='ltr'>Messiam</span> <span class='ocrx_word' id='word_1_422' title='bbox 1928 3097 2016 3127; x_wconf 91' lang='lat' dir='ltr'>non</span> 
     </span>
    </p>
   </div>
  </div>
 </body>
</html>
