2175 3382
257 169 311 205 5⁶)
545 164 664 196 'frat-'n
687 163 708 196 l.
730 163 913 206 Apologia
933 163 1034 208 relig.
1055 163 1182 198 christ.
1201 163 1329 198 'l'lwsis
1350 164 1408 198 XI.
1430 164 1673 209 Septuaginta

257 286 393 322 fuisset
418 285 576 334 penitus
598 285 751 322 ablatus
774 285 851 322 dux
875 288 913 322 et
936 288 1145 334 sceptrum,
1169 287 1273 335 quod
1295 290 1425 324 tamen
1446 290 1606 336 propter
1627 288 1731 326 dicta
1756 301 1835 327 non
1857 302 1990 327 conce-

254 344 393 386 dimus,
417 356 504 380 cum
526 346 606 380 tam
629 344 730 381 clare
751 344 947 393 praedicta
969 344 1090 382 fuerit
1111 358 1181 394 per
1202 346 1410 394 prophetas
1441 346 1620 385 liberatio
1649 359 1669 384 e
1700 348 1929 396 captivitate
1952 351 1990 386 et

253 402 404 439 reditus
427 402 467 439 in
490 402 670 451 patriam,
703 415 746 441 eo
768 403 854 452 ipso
876 403 1076 452 praedicta
1098 404 1175 441 fuit
1196 405 1396 442 restitutio
1429 405 1543 443 ducis
1565 408 1605 443 et
1626 406 1792 454 sceptri:
1825 407 1990 456 ideoque

253 462 344 498 haec
365 461 510 498 ablatio
533 462 724 499 rationem
747 465 902 500 tantum
925 462 1063 500 habuit
1084 463 1398 511 interpolationis
1429 476 1498 501 seu
1529 465 1799 513 suspensionis
1830 465 1990 503 medici-

251 520 352 557 nalis
374 520 485 557 nullo
508 520 622 558 modo
644 521 922 569 comparandae
947 534 1034 558 cum
1059 522 1254 559 ablatione
1277 522 1526 570 totalffqnae
1548 523 1736 561 radicitus
1751 525 1853 562 sacta
1868 527 1930 562 est
1951 528 1990 562 et

252 579 366 617 modo
387 579 539 617 obtinet
558 578 601 631 1).

371 658 438 702 46.
471 659 833 703 Demonstratio
866 673 908 714 p.
940 660 1005 704 11.
1050 659 1319 701 Luculentius
1354 666 1418 702 est
1451 662 1698 703 vaticinium
1732 662 1918 704 Danielis
1951 667 1990 712 9,

252 732 308 772 24
329 741 406 771 ss.:
429 731 702 784 Septuagytnta
724 729 1006 784 hebdomades,
1038 731 1096 771 ita
1118 730 1280 772 solatur
1303 729 1475 773 Gabriel
1498 733 1675 784 angelus
1697 733 1915 774 Danielem
1938 733 1990 775 de

251 787 393 852 populi
408 800 654 852 captivitate
669 800 884 849 afflictum,
899 801 1163 843 abbreviatae
1178 802 1378 858 (decisae,
1400 808 1592 844 resectae
1614 804 1680 845 vel
1695 803 1892 845 decretae
1915 814 1991 845 seu

250 871 452 927 statutae)
474 877 568 912 sunt
590 885 714 925 super
731 872 935 926 populum
959 877 1075 913 tuum
1097 878 1133 914 et
1155 887 1280 928 saper
1304 873 1442 914 urbem
1464 880 1651 916 sanctam
1675 879 1805 929 tuam,
1828 879 1874 915 ut
1895 888 1991 915 con-

249 948 474 981 summetur
483 943 793 995 praevaricatio
816 942 856 997 (f.
879 948 926 983 ut
947 943 1114 984 desinat
1127 944 1300 985 tandem
1315 945 1544 998 aliquando
1561 945 1781 998 apostasia
1803 945 1872 986 illa
1895 946 1989 987 uni-

248 1011 425 1053 versalis
440 1012 627 1064 gentium
649 1024 675 1053 a
697 1013 812 1054 cultu
826 1012 917 1069 Dei)
940 1018 975 1055 et
995 1014 1117 1067 finem
1141 1016 1322 1070 accipiat
1341 1020 1554 1070 peccatam
1581 1016 1738 1072 (posita
1753 1028 1885 1057 causa
1907 1028 1990 1069 qua

249 1081 290 1122 id
314 1093 407 1123 esse
430 1082 571 1123 valeat
593 1088 634 1124 et
655 1088 701 1124 ut
721 1084 805 1140 sit),
827 1088 864 1124 et
885 1085 1072 1126 deleatur
1087 1086 1363 1142 (expiatione)
1388 1087 1590 1141 iniquitas
1614 1087 1671 1142 (in
1695 1087 1841 1140 primis
1864 1087 1991 1138 origi-

248 1152 374 1208 nalis)
397 1157 433 1193 et
455 1154 693 1194 adducatur
702 1156 877 1208 justitia
899 1157 1149 1210 sempiterna
1173 1158 1303 1213 (vera,
1326 1169 1474 1198 coram
1495 1157 1602 1207 Deo,
1625 1158 1818 1214 interior)
1851 1162 1887 1198 et
1916 1146 2029 1199 ine-s

1484 1213 1621 1228 W

242 1223 413 1277 pleatm·
434 1224 712 1293 (ob-signetur)
746 1227 846 1267 visio
878 1231 914 1268 et
937 1227 1165 1281 prophetia
1198 1229 1262 1283 (ut
1293 1233 1431 1269 cesset
1464 1227 1720 1270 oeconomia
1742 1228 1992 1281 prophetica

248 1292 295 1334 V.
318 1293 379 1349 T.)
403 1299 439 1335 et
460 1282 646 1348 urzqai‘m·
660 1302 829 1337 sanctus
842 1302 1078 1339 sanctorum
1098 1299 1144 1354 2).
1173 1299 1279 1340 Scito
1302 1313 1396 1353 erqo
1419 1304 1456 1340 et
1478 1300 1783 1342 animadverte:
1799 1299 1862 1340 Ab
1877 1299 1991 1340 exitu

395 1425 418 1466 ¹)
439 1424 491 1459 Cf.
511 1425 604 1458 Tou
615 1437 633 1459 r
644 1427 769 1460 nemi
783 1438 837 1460 ne
864 1426 903 1460 in
932 1427 1016 1460 diss.
1046 1427 1090 1461 de
1116 1428 1184 1461 hoc
1213 1428 1391 1462 vaticinio
1418 1429 1458 1462 in
1488 1428 1677 1463 memoriis
1695 1427 1991 1462 trivultiersibus

247 1488 372 1512 mense
390 1478 524 1513 Martio
545 1480 635 1514 1705
655 1491 685 1513 a.
704 1484 760 1521 45,
788 1480 906 1515 latine
932 1491 1038 1514 versa
1056 1492 1077 1515 a
1095 1481 1118 1515 Z
1131 1492 1148 1514 a
1163 1492 1243 1515 cca
1254 1483 1327 1516 ria
1353 1482 1391 1516 in
1420 1483 1578 1527 append.
1608 1483 1653 1516 ad
1679 1482 1876 1516 Petavii
1903 1481 1927 1519 l.
1950 1483 1991 1516 16

247 1530 290 1565 de
308 1531 447 1566 incarn.

390 1589 416 1629 2)
428 1586 539 1630 qodes
557 1587 723 1631 qodasim
739 1589 908 1622 sanctitas
920 1591 1148 1622 sanctitatum
1159 1589 1218 1623 vel
1229 1592 1489 1624 sanctissimum
1501 1590 1703 1624 secundum
1722 1589 1824 1623 alios.
1845 1587 1990 1633 Duplex

213 1676 219 1681 χ
244 1639 353 1684 hujus
371 1639 442 1674 loci
461 1641 517 1674 est
534 1640 807 1685 interpretatio.
825 1641 903 1675 Alii
920 1641 1010 1675 haec
1029 1642 1141 1676 verba
1159 1643 1380 1689 intelligunt
1398 1643 1443 1677 de
1459 1655 1483 1688 p
1495 1653 1568 1677 ers
1580 1654 1600 1677 o
1612 1655 1636 1676 n
1648 1653 1669 1676 a
1686 1642 1762 1676 scil.
1783 1641 1828 1676 de
1848 1641 1989 1681 Messia,

246 1703 355 1735 quam
372 1692 721 1737 interpretationem
739 1694 768 1728 T
777 1694 803 1728 h
814 1705 832 1728 e
843 1704 863 1728 o
876 1694 900 1728 d
912 1705 931 1728 0
943 1706 961 1728 r
972 1705 991 1729 e
1002 1697 1018 1729 t
1029 1707 1052 1729 u
1064 1707 1080 1729 s
1097 1697 1291 1739 tamquam
1308 1695 1560 1730 indubitatam
1580 1696 1676 1740 apud
1692 1695 1911 1730 christianos
1925 1705 1991 1730 suo

243 1745 412 1790 tempore
430 1747 605 1792 proponit
621 1757 736 1792 eaque
749 1748 882 1782 nititur
897 1748 993 1783 hisce
1007 1749 1234 1787 rationibusz
1254 1751 1290 1785 1.
1305 1750 1529 1784 auctoritate
1545 1749 1724 1784 versionis
1740 1750 1989 1794 septuaginta,

183 1798 198 1826 -“
217 1787 509 1834 *Theodotionis
528 1806 653 1844 (quam
673 1804 794 1835 tamen
813 1801 877 1834 alii
894 1801 934 1835 in
953 1801 1107 1836 dubium
1124 1804 1284 1846 vocant),
1312 1803 1477 1847 syriacae
1497 1804 1534 1837 et
1550 1802 1745 1846 vulgatae:
1774 1803 1810 1838 2.
1829 1802 1988 1836 auctori-

244 1852 323 1885 tate
340 1851 439 1885 haud
457 1861 658 1896 paucorum
676 1852 936 1892 rabbinorum3
955 1854 1053 1898 quod
1070 1855 1107 1890 3.
1126 1865 1198 1888 non
1213 1854 1429 1898 infrequens
1447 1855 1495 1888 sit
1513 1855 1554 1888 in
1570 1866 1596 1888 s.
1613 1853 1817 1898 Scriptura,
1834 1853 1987 1888 nomina

244 1905 433 1939 abstracta.
450 1905 567 1949 accipi
585 1916 650 1949 pro
670 1907 850 1940 concretis
879 1917 942 1941 seu
969 1907 1014 1940 iis
1041 1907 1226 1952 designari
1245 1919 1430 1952 personas,
1462 1919 1580 1951 neque
1597 1907 1808 1951 infrequens
1828 1907 1989 1941 nominis

244 1959 489 2002 reduplicatio
509 1958 566 2004 (cf.
585 1962 616 1999 2,
636 1962 692 1994 37.
709 1961 755 1995 47
767 1974 774 1995 z
795 1962 827 2000 8,
847 1961 925 2006 28);
945 1962 1098 1994 verbum
1116 1972 1201 1995 vero
1219 1962 1256 1998 4.
1275 1962 1447 1996 limsoaeh
1465 1962 1657 2006 aptissime
1673 1961 1831 1995 refertur
1847 1964 1894 1995 ad
1908 1971 1989 1994 eam

244 2023 449 2057 personam,
465 2025 559 2057 quae
574 2023 638 2058 per
652 2013 909 2049 excellentiam
923 2014 1059 2048 dicitur
1073 2015 1229 2049 masiach
1241 2018 1352 2059 atque
1363 2016 1581 2060 inungenda
1593 2015 1821 2060 praedicitur
1834 2015 1876 2050 Is.
1892 2019 1943 2057 ll,
1955 2019 1986 2050 2:

244 2070 300 2106 42,
323 2070 334 2101 1
352 2080 359 2105 ;
378 2069 434 2106 61,
458 2072 494 2103 1;
517 2067 570 2100 Ps.
589 2071 647 2110 44,
665 2070 705 2103 8:
727 2077 842 2111 eoque
860 2068 976 2112 magis
994 2069 1031 2103 ὃ.
1050 2068 1148 2112 quod
1166 2068 1372 2114 oportuerit
1389 2068 1553 2103 indicare
1571 2070 1759 2103 auctorem
1781 2070 1819 2103 et
1839 2079 1988 2102 causam

244 2119 545 2163 praecedentium
572 2119 802 2154 mirabilium
830 2120 1037 2155 effectuum.
1073 2120 1125 2154 Cf.
1153 2121 1215 2155 Ba
1228 2121 1280 2155 de
1308 2120 1556 2166 Christologie
1573 2122 1601 2155 t.
1621 2124 1643 2156 3
1660 2133 1695 2165 p.
1715 2125 1735 2155 2
1753 2132 1836 2166 pag.
1859 2123 1925 2155 118
1943 2132 1988 2154 ss.

245 2170 319 2206 Alii
337 2182 421 2206 vero
439 2172 531 2206 haec
546 2171 766 2217 intelligunt
783 2173 827 2207 de
844 2171 1041 2217 templo,
1059 2182 1134 2207 non
1151 2173 1280 2217 utique
1291 2174 1486 2215 materiali,
1506 2174 1847 2218 hierosolymitano,
1868 2173 1931 2208 scd
1942 2173 1988 2207 de

243 2224 386 2269 templo
406 2226 602 2270 spirituali,
623 2226 667 2260 de
685 2226 846 2260 Ecclesia
863 2226 981 2270 deque
999 2227 1287 2272 inauguratione
1305 2228 1391 2262 novi
1409 2227 1578 2262 foederis.
1597 2227 1682 2262 Non
1695 2227 1740 2262 de
1756 2228 1896 2272 templo
1912 2227 1988 2261 hie-

243 2277 523 2321 rosolymitano,
545 2279 632 2323 quia
650 2280 765 2324 gratis
785 2280 964 2324 ejusmodi
981 2291 1077 2314 nova
1094 2280 1333 2326 inauguratio
1352 2281 1516 2326 fingitur,
1534 2282 1572 2316 et
1589 2281 1678 2325 quia.
1693 2281 1760 2315 illa
1777 2291 1862 2325 pars
1879 2280 1987 2325 hujus

243 2331 384 2376 templi.
399 2343 492 2376 quae
503 2332 695 2367 dicebatur
707 2337 874 2367 sanctum
885 2335 1110 2374 sanctorum,
1125 2334 1317 2369 hebraicae
1332 2344 1477 2380 semper
1490 2346 1573 2369 cum
1588 2334 1744 2368 articulo
1756 2334 1985 2373 enunciatur,

245 2386 306 2429 qui
326 2386 387 2419 hic
405 2386 517 2426 deest,
537 2397 655 2429 neque
673 2386 740 2420 illa
766 2397 850 2430 pars
869 2386 948 2420 sola
965 2388 1266 2422 consecrabatur.
1298 2388 1495 2422 Praeterea
1511 2388 1602 2422 haec
1620 2387 1820 2433 explicatio
1837 2397 1913 2420 non
1930 2397 1986 2421 co-

244 2438 373 2472 haeret
393 2450 475 2472 cum
493 2439 662 2473 vaticinii
681 2439 942 2484 chronologia:
973 2451 1093 2484 neque
1121 2440 1190 2475 hoc
1209 2441 1430 2485 promissum
1456 2441 1550 2475 foret
1568 2440 1838 2485 homogenoum
1857 2439 1987 2474 ceteris

244 2491 412 2526 vaticinii
431 2493 544 2532 bonis,
564 2503 658 2536 quae
676 2492 888 2538 spiritualia
906 2495 1010 2533 sunt:
1038 2495 1076 2528 et
1093 2495 1192 2538 quod
1211 2495 1449 2539 praecipuum
1468 2496 1536 2534 est,
1563 2494 1741 2539 templum
1764 2494 1987 2539 praedicitur

245 2545 517 2580 destruendum.
538 2546 590 2580 Ea
607 2557 690 2581 vero
710 2557 786 2581 esse
802 2546 1047 2592 intelligenda
1064 2548 1108 2582 de
1126 2548 1343 2583 inunctione
1360 2548 1494 2593 templi
1508 2546 1725 2592 spiritualis,
1741 2547 1785 2581 de
1803 2547 1985 2582 Ecclesiae

244 2599 540 2643 inauguratione,
568 2599 739 2633 nituntur
765 2600 887 2644 plures
915 2601 1080 2635 auctores
1108 2601 1258 2636 suadere
1284 2603 1365 2635 tum
1391 2601 1480 2645 quia
1499 2602 1535 2636 1.
1553 2601 1666 2645 qodes
1693 2600 1860 2645 qodasim
1887 2600 1985 2644 quod

245 2652 458 2696 saepissime
477 2653 634 2686 occurrit
650 2653 690 2686 in
707 2653 842 2687 divinis
860 2653 988 2694 literis,
1009 2655 1104 2689 sorte
1124 2656 1190 2688 aut
1206 2655 1281 2689 fere
1301 2666 1491 2699 nunquam
1519 2655 1565 2688 ad
1583 2664 1774 2699 personam
1793 2655 1986 2697 tamquam

245 2704 451 2749 subjectum
469 2705 738 2750 designandum
759 2708 966 2751 usurpatur,
985 2707 1047 2741 sed
1067 2718 1211 2752 semper
1229 2708 1271 2742 de
1289 2708 1397 2742 rebus
1416 2707 1613 2742 adhibetur
1631 2708 1739 2748 (forte
1762 2711 1779 2741 1
1798 2706 1914 2740 Paral.
1930 2709 1985 2746 23,

249 2761 290 2794 13
309 2758 353 2792 de
371 2767 539 2803 persona,
557 2759 619 2792 sed
637 2771 703 2804 per
721 2760 870 2803 modum
889 2760 1124 2804 praedicata:
1153 2762 1234 2795 tum
1251 2761 1350 2805 quod
1366 2761 1404 2796 2.
1422 2770 1540 2795 sermo
1567 2761 1627 2794 hic
1645 2762 1700 2795 est
1717 2760 1761 2794 de
1778 2760 1884 2794 donis
1902 2770 1985 2794 con-

244 2811 407 2847 ferendis
424 2817 507 2855 post
525 2812 668 2856 elapsas
687 2814 731 2847 70
749 2814 1013 2856 hebdomadas,
1041 2811 1208 2850 inunctio
1227 2825 1312 2849 vero
1330 2815 1484 2849 Messiae
1503 2816 1608 2848 antea
1629 2813 1755 2848 futura
1772 2813 1831 2853 sit,
1849 2813 1928 2849 scil.
1945 2814 1984 2848 in

246 2864 400 2899 dimidio
418 2865 671 2900 hebdomadae
689 2867 855 2901 ultimae.
891 2867 1010 2910 Quare
1027 2868 1194 2903 inunctio
1210 2868 1321 2903 debet
1334 2868 1395 2902 hic
1409 2867 1571 2912 intelligi
1585 2867 1630 2901 de
1644 2878 1683 2901 re
1699 2866 1907 2911 significata
1919 2877 1986 2912 per

247 2918 472 2952 materialem
491 2918 746 2953 inunctionem
763 2920 938 2954 nimiunn
957 2921 1002 2955 de
1020 2920 1220 2956 collatione
1238 2933 1263 2956 s.
1277 2921 1436 2966 Spiritus
1450 2921 1600 2966 ejusque
1614 2920 1890 2960 charismatum,
1905 2919 1984 2963 qui-

244 2971 316 3005 bus
333 2971 486 3004 inuncta
502 2972 573 3005 fuit
592 2971 764 3013 Ecclesia,
783 2983 877 3015 quae
894 2972 1030 3007 dicitur
1057 2975 1222 3008 sanctum
1251 2975 1460 3008 sanctorum
1478 2973 1688 3018 comparate
1707 2973 1752 3006 ad
1769 2975 1875 3007 vetus
1892 2974 1983 3006 tem-

245 3023 361 3068 plum.
378 3023 548 3058 Inunct1o
565 3034 652 3058 vero
670 3025 870 3068 opponitur
884 3026 1125 3061 destructioni
1139 3027 1270 3071 templi
1285 3026 1445 3066 secundi,
1460 3027 1504 3060 de
1519 3037 1592 3069 qua
1606 3036 1723 3059 sermo
1738 3026 1793 3059 est
1807 3037 1839 3060 ν.
1853 3027 1911 3060 26.
1925 3028 1982 3061 27.

245 3076 297 3113 Cf.
325 3076 422 3110 Hen
435 3089 486 3122 gs
498 3078 544 3111 te
556 3076 615 3111 nb
627 3088 708 3116 erg
735 3077 984 3122 christologie
1011 3079 1075 3114 des
1105 3082 1147 3114 A.
1167 3080 1205 3115 T.
1225 3084 1251 3116 t.
1271 3084 1291 3115 2
1309 3081 1349 3114 in
1366 3081 1402 3114 h.
1419 3080 1442 3113 l.
1479 3078 1605 3121 Quivis
1631 3081 1755 3113 autem
1782 3078 2045 3124 intelligetsff,
2088 3099 2096 3108 1

250 3129 340 3163 licet
356 3130 447 3164 haec
464 3130 589 3164 forsan
607 3131 651 3165 de
667 3130 803 3165 Messia
819 3131 900 3176 ipso
917 3131 1131 3167 immediate
1148 3143 1223 3167 non
1241 3133 1423 3173 dieantur,
1438 3132 1598 3167 mediate
1610 3134 1734 3166 tamen
1749 3132 1796 3167 ad
1809 3142 1890 3166 eum
1907 3142 1984 3166 esse
2142 3157 2150 3164 .
