2175 3382
792 102 847 135 est
866 111 1052 135 successor
1070 102 1108 134 in
1127 101 1291 145 primatu
1308 101 1419 136 Petri.
1888 108 1971 150 387

239 222 341 259 sedis
373 222 492 259 ruisse
521 222 761 270 episcopum,
792 223 939 271 quique
970 222 1145 259 referunt-
1176 222 1367 259 Jacobum
1402 225 1618 272 apostolum
1651 225 1772 263 fuisse
1802 226 1972 274 primum

237 281 461 330 episcopum
482 281 884 330 hierosolymitanum.

354 375 452 417 370.
478 372 856 415 Demonstratio.
882 372 922 414 l.
946 371 1189 412 Romanum
1212 371 1460 424 episcopum
1484 384 1577 413 esse
1593 372 1704 414 Petri
1726 374 1768 414 in
1790 375 1972 426 primatu

235 453 526 483 successorem
549 443 702 483 invicte
730 441 1035 494 comprobatur
1057 442 1138 482 hoc
1161 446 1434 493 argumento:
1456 441 1541 483 Aut
1562 442 1699 484 nullus
1722 449 1786 485 est
1799 444 1911 486 Petri
1930 446 1973 486 in

235 514 421 566 primatu
442 525 676 562 successor,
710 516 783 554 aut
807 513 877 553 hic
899 517 964 553 est
985 524 1190 553 romanus
1213 512 1450 565 episcopus.
1493 512 1596 553 Illud
1618 513 1842 565 reJecimus
1864 515 1973 556 thesi

233 584 520 636 praecedenti.
543 583 650 635 Ergo
673 584 755 625 hoc
778 588 842 624 est
863 583 1106 625 tenendum.
1129 583 1369 636 Propositio
1392 588 1536 625 autem
1559 584 1813 637 disjunctiva
1835 587 1973 639 major

234 655 554 696 demonstratur
576 667 627 695 ex
648 655 827 695 historia
849 654 1149 703 ecclesiastica,
1182 666 1292 707 quae
1316 654 1631 696 evidentissime
1654 660 1846 704 testatur,
1877 658 1970 698 nul-

234 725 320 766 lum
343 737 533 778 unquam
556 725 803 778 episcopum
827 725 1143 766 successionem
1173 725 1217 765 in
1248 724 1360 765 Petri
1391 725 1576 777 primatu
1598 726 1709 766 serio
1733 726 1813 767 sibi
1835 728 1970 767 vindi-

235 808 356 837 casse
372 800 549 849 excepto
565 799 767 848 episcopo
782 808 976 845 romano,
999 795 1113 848 quod
1134 806 1273 848 neque
1295 800 1582 848 protestantes
1604 808 1761 848 negare
1784 803 1971 850 possunt.

234 866 342 919 Ergo
366 867 401 908 si
422 878 476 908 ne
498 867 566 907 hic
581 866 751 920 quidem
765 866 974 918 legitimus
997 871 1061 907 est
1083 878 1318 915 successor,
1340 866 1479 907 nullus
1502 867 1581 908 erit
1602 879 1837 916 successor,
1860 868 1973 920 quod

236 942 299 978 est
321 942 471 978 contra
493 937 645 978 thesim
668 937 1008 990 praecedentem.

353 1020 393 1063 ⁶2.
418 1019 558 1067 „Petri
579 1031 852 1067 successores
874 1020 1009 1072 inquit
1029 1020 1264 1061 Bossuet
1294 1020 1338 1060 in
1360 1019 1516 1061 defens.
1541 1019 1695 1060 declar.
1718 1021 1818 1061 cleri
1839 1021 1971 1073 gallic.

234 1091 284 1140 X,
307 1094 345 1140 5,
368 1103 464 1132 cum
480 1091 706 1132 ordinandi
728 1091 892 1140 fuerint,
915 1103 938 1132 e
961 1091 1082 1132 coelo
1104 1091 1265 1143 lapsuri
1286 1103 1374 1132 non
1395 1094 1504 1140 sunt,
1526 1102 1664 1144 neque
1687 1091 1742 1131 ad
1763 1092 1972 1133 creandos

234 1174 322 1211 eos,
356 1162 427 1203 ubi
462 1175 570 1215 opus
605 1162 739 1204 fuerit.
774 1166 908 1203 totam
936 1161 1168 1202 Ecclesiam
1203 1162 1325 1202 citari
1356 1162 1703 1214 commoverique
1735 1162 1972 1215 oportebat.

235 1232 420 1275 Necesse
441 1238 504 1274 est
527 1245 640 1286 ergo,
664 1233 806 1286 aliqua
827 1238 874 1274 ut
895 1234 949 1275 sit
961 1233 1176 1274 Ecclesiae
1191 1232 1428 1274 catholicae
1450 1245 1562 1285 parS,
1586 1245 1637 1274 ex
1660 1246 1745 1287 qua
1766 1235 1973 1276 exsistant

235 1304 389 1356 aliique
411 1304 504 1345 aliis
525 1304 820 1356 subrogentur.
834 1312 849 1329 ‘⁶
893 1304 1020 1358 Atqui
1051 1304 1167 1346 nulla
1198 1304 1281 1345 alia
1305 1304 1485 1345 ecclesia
1507 1308 1647 1357 potest
1668 1305 1876 1357 assignari
1898 1317 1970 1346 ex-

235 1380 358 1427 cepta
388 1387 582 1424 romana,
613 1375 681 1416 cui
712 1376 1011 1428 praerogativa
1042 1380 1259 1427 competat
1289 1375 1538 1427 designandi
1569 1374 1682 1416 Petri
1713 1376 1757 1416 in
1786 1376 1971 1428 primatu

234 1458 548 1487 successorem:
578 1446 677 1487 huic
709 1447 821 1487 enim
853 1451 899 1487 ut
921 1447 1146 1499 episcopus
1169 1446 1222 1486 ad
1245 1450 1426 1487 mortem
1449 1458 1584 1498 usque
1606 1445 1788 1498 praefuit
1808 1446 1969 1496 Petrus,

233 1516 414 1569 ideoque
432 1517 524 1569 ipso
543 1517 656 1558 facto
679 1522 719 1558 et
743 1518 944 1558 exercitio
968 1518 1007 1558 ei
1029 1517 1214 1569 alligavit
1228 1518 1469 1570 primatum.
1491 1516 1641 1558 Merito
1657 1529 1757 1569 ergo
1774 1522 1971 1559 censetur

231 1588 278 1636 is,
311 1588 382 1641 qui
404 1588 447 1628 in
469 1588 720 1640 episcopatu
741 1600 922 1629 romano
945 1588 1036 1640 ejus
1059 1592 1123 1629 est
1144 1599 1379 1637 successor,
1411 1587 1618 1640 primatus
1641 1600 1810 1641 quoque
1833 1589 1969 1638 heres,

233 1658 483 1711 praesertim
506 1670 603 1699 cum
625 1670 753 1700 nemo
775 1671 965 1712 unquam
988 1659 1296 1708 reclamaverit,
1327 1670 1465 1711 neque
1497 1658 1606 1699 ullus
1628 1658 1735 1699 alius
1756 1658 1836 1699 sibi
1857 1659 1969 1700 hanc

234 1729 575 1782 praerogativam
593 1729 689 1782 jure
711 1729 777 1770 vel
799 1729 954 1782 injuria
975 1729 1263 1772 vindicaverit.

350 1812 392 1854 3.
423 1810 731 1852 praetermisso
750 1812 1000 1853 'theoretico
1033 1812 1246 1864 majorum
1277 1815 1522 1852 nostrorum
1545 1823 1757 1852 consensu
1778 1812 1969 1852 unanimi

232 1895 257 1922 a
279 1882 425 1934 primis
438 1881 652 1923 Ecclesiae
674 1882 840 1932 seculis,
863 1894 989 1935 quem
1012 1883 1240 1935 omnigena
1263 1886 1541 1923 monumenta
1564 1886 1606 1922 et
1630 1882 1692 1923 vel
1714 1882 1968 1932 testimonia,

232 1951 383 2005 quibus
404 1953 562 2005 passim
585 1953 628 1993 in
649 1953 732 1994 hoc
754 1958 875 1994 tract.
890 1954 1059 2003 utimur,
1081 1953 1315 1994 luculenter
1329 1957 1550 2002 testantur,
1572 1964 1858 2005 provocamus
1872 1957 1967 1994 tan-

230 2028 319 2064 tum
342 2023 396 2064 ad
418 2035 674 2065 consensum
698 2025 1005 2076 practicum
1027 2025 1051 2065 i.
1076 2036 1109 2065 e.
1133 2024 1187 2065 ad
1208 2025 1452 2065 universam
1467 2024 1690 2065 historiam
1714 2023 1967 2065 ecclesiasti-

231 2106 338 2144 cam,
371 2094 426 2135 ad
456 2094 580 2144 iacta,
610 2106 720 2147 quae
753 2095 867 2136 clare
890 2095 1197 2145 demonstrant,
1230 2096 1379 2148 quovis
1401 2094 1546 2136 seculo
1568 2096 1757 2148 practice
1779 2096 1967 2148 agnitum

231 2164 357 2206 fuisse
379 2164 546 2206 romani
568 2164 767 2205 antistitis
789 2165 1019 2217 primatum
1052 2166 1096 2206 in
1126 2167 1371 2207 universam
1392 2165 1638 2209 Ecclesiam.
1681 2165 1793 2207 Talis
1823 2171 1967 2208 autem

229 2246 465 2276 consensus
495 2235 590 2276 loco
623 2239 751 2287 atque
782 2241 975 2288 tempore
1006 2236 1257 2277 universalis
1290 2237 1405 2277 circa
1435 2237 1660 2278 veritatem
1691 2238 1845 2278 summi
1874 2250 1966 2278 mo-

230 2306 362 2346 menti
375 2309 502 2358 atque
516 2304 890 2356 fundamentalem,
913 2319 938 2347 a
961 2319 1044 2360 quo
1067 2312 1158 2348 tota
1180 2307 1336 2360 pendet
1350 2307 1564 2349 Ecclesiae
1579 2308 1824 2349 constitutio
1839 2312 1966 2361 atque

230 2380 395 2425 natura,
418 2388 527 2429 quae
550 2377 680 2429 viguit
701 2379 744 2418 in
767 2377 837 2418 illa
853 2376 1052 2427 Ecclesia,
1075 2378 1142 2418 cui
1163 2378 1375 2429 promissa
1398 2382 1462 2419 est
1476 2379 1718 2419 assistentia
1740 2392 1770 2422 s.
1787 2377 1966 2431 Spiritus

230 2447 421 2488 ducentis
442 2447 580 2499 ipsam
602 2447 646 2487 in
668 2459 840 2489 omnem
862 2448 1097 2498 veritatem,
1128 2449 1274 2501 nequit
1296 2448 1483 2489 adscribi
1508 2449 1785 2501 ignorantiae,
1818 2450 1966 2499 fraudi,

231 2517 482 2570 deceptioni,
513 2518 589 2559 sed
610 2519 866 2571 repetendus
889 2523 953 2560 est
976 2531 1027 2559 ex
1048 2519 1140 2571 ipso
1163 2519 1435 2560 revelationis
1458 2518 1583 2560 fonte.
1627 2519 1768 2570 Quare
1791 2520 1965 2561 creden-

231 2588 331 2629 dum
353 2588 526 2629 omnino
550 2594 614 2629 est
634 2601 861 2630 romanum
884 2589 1124 2642 praesulem
1139 2589 1253 2630 Petri
1273 2590 1316 2630 in
1339 2590 1522 2642 primatu
1545 2602 1638 2632 esse
1661 2603 1964 2632 successorem.

232 2657 316 2699 Sed
333 2658 424 2711 jam
447 2659 502 2700 ad
523 2658 648 2708 facta,
670 2671 780 2712 quae
803 2660 972 2700 romani
994 2659 1204 2712 pontificis
1228 2660 1457 2712 primatum
1479 2665 1701 2711 testantur,
1729 2662 1965 2702 veniamus.

350 2764 445 2797 371.
467 2755 678 2798 Lemma.
723 2757 885 2807 Saepius
906 2758 1059 2795 utimur
1080 2758 1122 2795 in
1145 2759 1214 2796 hac
1236 2758 1507 2807 disputatione
1528 2759 1758 2807 pontificum
1786 2771 1963 2797 romano-

231 2828 319 2853 rum
339 2815 483 2855 verbis.
525 2817 670 2854 Contra
691 2816 784 2854 haec
806 2817 979 2866 excipere
1001 2816 1090 2865 quis
1112 2819 1253 2865 potest,
1287 2830 1334 2855 ea
1353 2817 1395 2854 in
1415 2818 1611 2866 praesenti
1633 2818 1860 2866 quaestione
1882 2829 1963 2855 esse

232 2877 423 2923 suspecta,
446 2886 535 2912 cum
556 2875 760 2924 pontifices
781 2876 995 2923 loquantur
1016 2876 1057 2912 in
1078 2877 1238 2925 propria
1259 2888 1382 2914 causa.
1419 2876 1634 2920 Quominus
1657 2877 1713 2914 ita
1734 2877 1960 2920 sentiamus,

231 2933 357 2970 multa
377 2935 472 2970 sunt
492 2946 591 2981 quae
611 2934 845 2983 impediunt.
887 2934 937 2971 Et
959 2947 1049 2972 sane

349 2989 390 3032 1.
410 2992 587 3040 plurium
617 2993 859 3041 pontificum,
894 2993 1160 3042 antiquiorum
1182 2994 1421 3043 praesertim,
1454 2994 1653 3043 epistolae,
1678 2994 1720 3030 in
1750 2994 1893 3042 quibus
1915 2994 1961 3031 de

233 3063 303 3087 suo
324 3051 499 3099 primatu
518 3051 746 3099 loquantur,
770 3052 1044 3100 synodicae
1067 3055 1172 3098 sunt,
1196 3065 1275 3090 non
1289 3053 1373 3090 sine
1394 3065 1582 3090 consensu
1605 3052 1961 3101 approbationeque

1679 3120 1737 3153 25·
