2175 3382
750 156 848 190 Num
870 165 1059 199 synagoga
1079 153 1288 188 infallibilis
1307 153 1429 187 suerit.
1870 152 1953 194 291

218 281 419 331 apostolis.
439 279 573 328 judaei
597 278 747 316 Christo
771 290 880 315 suam
904 277 1076 314 divinam
1098 275 1325 313 missionem
1348 277 1427 312 tam
1451 274 1653 322 splendide
1687 271 1956 320 comprobanti

218 343 319 386 tuto,
342 337 643 383 rationabiliter,
667 337 882 385 prudenter
894 335 1050 373 credere
1071 336 1254 384 poterant
1275 336 1316 370 et
1336 334 1418 371 sine
1440 334 1668 381 contemptu
1681 331 1752 369 Dei
1773 330 1954 368 rationis-

217 412 294 448 que
317 399 444 436 abusu
465 397 582 434 fidem
604 396 795 444 denegare
817 408 895 432 non
916 396 1108 443 poterant.
1153 393 1262 430 Sicut
1292 404 1383 429 vero
1410 391 1544 440 judaei
1566 391 1804 428 tenebantur
1825 401 1955 427 assen-

217 458 287 495 tiri
311 457 460 495 Christo
483 455 638 493 docenti
660 467 738 492 non
760 466 922 491 assensu
944 465 1190 501 quocunque,
1225 452 1291 489 sed
1326 451 1395 499 qui
1426 450 1579 487 deceret
1608 451 1757 486 tantam
1788 449 1955 486 auctori-

216 520 351 555 tatem.
375 527 474 564 quae
498 515 540 551 in
562 526 605 551 eo
628 513 883 561 loquebatur:
908 513 964 549 ita
984 524 1147 549 assensu
1168 523 1247 548 non
1269 522 1516 559 quocunque,
1542 509 1609 546 sed
1631 508 1793 545 indubio
1819 509 1955 545 tenen-

216 579 284 613 tur
306 574 486 612 homines
508 572 701 610 Ecclesiae
723 572 877 609 docenti
899 570 1096 615 assentiri,
1120 583 1237 618 quam
1258 582 1328 618 pro
1349 568 1500 606 Christo
1513 567 1709 617 legatione
1723 565 1847 615 fungi,
1871 567 1956 614 ejus

218 647 301 672 esse
324 645 514 683 organum
536 644 579 669 ac
601 631 726 668 veluti
758 643 799 667 os
831 630 950 668 semel
980 630 1235 679 agnoverunt.
1279 627 1362 672 Qua
1392 628 1433 664 in
1463 626 1647 664 methodo
1678 626 1789 662 nulla
1819 625 1957 662 circuli

217 693 347 731 vitiosi
369 694 408 729 et
429 690 634 740 petitionis
658 689 843 738 principii
864 689 1004 726 umbra
1025 688 1233 736 reperitur,
1271 687 1337 724 sed
1358 686 1558 724 verissima
1579 687 1741 734 apparet
1761 684 1956 721 Ecclesiae

217 752 415 790 doctrina:
441 749 644 794 »Rationis
668 760 763 786 usus
787 749 901 785 fidem
922 747 1122 796 praecedit
1154 749 1194 784 et
1215 746 1263 784 ad
1286 758 1369 783 eam
1392 745 1591 782 hominem
1613 756 1684 792 ope
1705 743 1956 780 revelationis

218 814 259 848 et
282 810 430 860 gratiae
453 808 647 846 conducit.
659 813 674 831 «
720 808 771 844 Cf.
796 820 895 855 quae
918 806 1020 844 infra
1043 806 1091 843 de
1112 805 1203 843 fidei
1224 804 1361 855 genesi
1384 804 1625 841 disseremus.

342 899 436 932 266.
461 888 689 932 Scholion
713 888 776 931 II.
812 891 868 927 De
892 891 1112 940 Synayoqae
1136 887 1416 937 infallibilitate.
1462 887 1682 932 Quaeritur,
1719 898 1815 923 num
1837 883 1957 934 magi-

220 952 384 990 sterium
407 964 475 989 seu
497 962 674 988 summus
697 950 872 987 sacerdos
903 961 1126 998 synagogae
1157 947 1278 986 fuerit
1308 946 1543 984 infallibilis.
1585 945 1794 983 Affirmant
1824 944 1958 992 plures

218 1024 308 1049 cum
330 1012 360 1048 B
374 1022 526 1047 ecano
546 1007 577 1062 1)
601 1009 729 1046 innixi
752 1020 792 1048 a.
819 1008 950 1045 verbis
973 1008 1121 1057 Moysis
1143 1007 1257 1044 Deut.
1287 1014 1349 1049 17,
1376 1012 1398 1046 8
1425 1018 1474 1043 ss.
1497 1004 1715 1054 delegantis
1732 1003 1896 1052 judaeos
1918 1002 1958 1039 in

218 1070 347 1108 causis
370 1069 597 1106 difficilibus
621 1069 672 1105 ad
694 1069 904 1105 sacerdotes
925 1068 1062 1104 leritici
1082 1067 1230 1116 ρεηενὶδ
1251 1071 1283 1102 et
1305 1066 1355 1102 ad
1368 1066 1549 1113 judicem,
1575 1065 1640 1113 qui
1658 1064 1778 1110 fuerit
1794 1063 1854 1100 illo
1870 1067 1958 1098 tem-

214 1142 310 1178 pore
333 1161 340 1169 .
366 1159 372 1165 .
397 1160 403 1166 .
427 1129 492 1177 qui
515 1128 737 1164 indicabunt
770 1127 836 1164 tibi
858 1127 993 1173 judieii
1024 1127 1226 1163 veritatem.
1269 1125 1320 1162 Et
1352 1125 1481 1172 facieS,
1518 1123 1762 1172 quodcunque
1792 1122 1960 1159 dixerint

284 1217 291 1224 .
321 1189 393 1234 Qui
415 1192 541 1224 (cutem
562 1187 790 1235 superbierit
813 1187 940 1223 nolens
962 1186 1110 1222 obedire
1131 1184 1337 1222 sacerdotis
1358 1183 1516 1231 imperio
1539 1212 1546 1219 .
1571 1212 1578 1219 .
1602 1211 1610 1218 .
1634 1186 1665 1218 et
1687 1182 1833 1218 decreto
1856 1180 1956 1225 judi-

219 1248 284 1295 cis,
311 1248 496 1284 morietur
517 1247 623 1283 homo
645 1246 728 1289 illex·
759 1243 805 1286 l).
830 1244 959 1282 verbis
984 1244 1128 1282 Christi
1159 1243 1324 1281 dicentis
1345 1242 1482 1279 Matth.
1508 1247 1573 1287 23,
1600 1247 1644 1280 2:
1679 1240 1804 1288 Super
1837 1240 1957 1277 cathe-

220 1307 331 1343 dram
362 1306 480 1355 Moysi
500 1306 676 1342 sederunt
707 1305 857 1342 scribae
887 1308 919 1340 et
944 1304 1156 1352 pharisaei.
1202 1302 1340 1339 Omnia
1371 1313 1611 1350 quaecunque
1642 1301 1810 1336 dixerint
1843 1299 1954 1345 vohis,

219 1370 363 1402 servate
395 1370 427 1401 et
458 1365 568 1412 facite
578 1378 596 1409 ,·
628 1373 666 1404 (ἒ.
690 1363 820 1401 verbis
843 1375 870 1400 s.
893 1362 1057 1400 Joannis
1080 1362 1140 1399 Jo.
1169 1369 1232 1409 11,
1260 1368 1312 1401 49
1348 1373 1396 1398 ss.
1430 1361 1475 1397 de
1507 1359 1648 1408 Caipha
1679 1358 1958 1407 prophetante:

223 1425 388 1472 Expedit
414 1424 525 1471 vobis,
548 1428 588 1460 ut
610 1435 710 1459 umis
734 1424 924 1459 moriatur
946 1423 1018 1458 etc.
1052 1420 1132 1458 Hoc
1155 1425 1281 1458 autem.
1303 1433 1327 1457 a
1348 1422 1545 1467 semetipso
1568 1431 1641 1455 non
1666 1419 1773 1461 dixit,
1799 1418 1863 1454 sed
1877 1429 1960 1454 cum

220 1488 313 1520 esset
329 1483 504 1531 pontifex
526 1484 621 1519 (mni
644 1483 756 1519 illius.
799 1481 878 1518 Alii
914 1483 1071 1529 negant,
1105 1492 1192 1517 cum
1227 1480 1459 1529 argumenta
1489 1478 1610 1515 allata
1641 1490 1723 1514 rem
1757 1489 1837 1514 non
1868 1476 1960 1513 satis

220 1542 398 1591 probent,
420 1542 498 1579 imo
520 1541 639 1578 nimis
659 1540 870 1578 videantur
891 1540 1065 1588 probare.
1107 1539 1163 1576 Ex
1184 1539 1345 1588 primo
1366 1539 1480 1575 textu
1501 1537 1605 1574 enim
1628 1538 1871 1584 sequeretur,
1895 1547 1956 1572 sa-

220 1602 435 1639 cerdotium
458 1600 660 1638 leviticum
682 1600 803 1637 fuisse
826 1598 1037 1636 infallibile
1059 1599 1100 1635 in
1125 1598 1252 1635 causis
1274 1600 1313 1634 et
1335 1596 1506 1647 negotiis
1529 1595 1834 1645 particularibus
1860 1595 1959 1631 inter

219 1663 447 1711 sanyziinem
470 1664 502 1697 et
524 1661 760 1708 sanquinem,
786 1660 931 1707 lepram
953 1663 985 1694 et
1008 1659 1181 1706 lepram:
1213 1657 1254 1694 in
1286 1656 1432 1704 quibus
1465 1667 1577 1692 nemo
1606 1667 1781 1702 unquam
1812 1655 1958 1691 asseret

222 1720 447 1769 magisterio
471 1718 729 1756 ecclesiastico
755 1717 1092 1762 infallibilitatem,
1128 1729 1216 1753 cum
1247 1729 1293 1753 ea
1323 1727 1449 1763 neque
1481 1714 1534 1751 sit
1565 1713 1791 1751 necessaria.
1834 1713 1959 1757 Quare

223 1792 267 1816 ex
289 1779 356 1815 illo
377 1781 491 1816 textu
512 1778 692 1826 sequitur
705 1778 873 1819 tantum,
898 1775 1134 1814 sententiam
1157 1774 1361 1812 sacerdotii
1383 1773 1504 1811 fuisse
1526 1773 1678 1821 inapp
1692 1771 1959 1809 ellabilem

222 1842 263 1876 et
287 1850 528 1886 supremam;
560 1837 671 1884 atqui
693 1836 733 1873 in
755 1836 873 1873 rebus
897 1834 1057 1884 agendis
1080 1845 1154 1871 non
1180 1835 1238 1871 est
1258 1832 1478 1871 necessaria
1499 1832 1694 1869 sententia
1724 1830 1960 1868 infallibilis.

225 1897 372 1934 Alter
393 1898 525 1933 textus
549 1896 735 1944 applicari
756 1896 886 1943 potest
908 1894 1089 1931 omnibus
1113 1893 1289 1943 legitime
1312 1891 1559 1941 praepositis,
1596 1891 1686 1928 hinc
1716 1903 1795 1928 non
1825 1892 1883 1927 est
1913 1889 1960 1926 ad

223 1969 317 1993 rem.
361 1956 416 1992 Ex
438 1955 600 1992 tertio
623 1956 866 2003 sequeretur,
891 1965 1089 1990 summum
1111 1951 1335 2001 pontificem
1348 1951 1393 1988 V.
1409 1951 1449 1988 Τ.
1471 1950 1654 1987 habuisse
1675 1950 1821 1987 donum
1835 1948 1960 1997 inspi-

225 2015 400 2059 rationis,
425 2014 529 2063 quod
552 2014 615 2051 vix
638 2013 835 2051 credibile.
879 2012 1065 2056 Quocirca
1096 2011 1208 2056 illud,
1241 2023 1326 2048 ciem
1358 2015 1450 2047 esset
1474 2011 1660 2058 pontifex,
1697 2021 1775 2046 non
1805 2008 1961 2045 videtur

223 2086 309 2112 esse
331 2074 442 2119 ratio,
467 2085 586 2121 quare
610 2073 772 2122 Caiphas
794 2072 902 2108 illam
917 2070 1161 2120 prophetiam
1175 2069 1351 2119 potuerit
1372 2069 1556 2118 proferre,
1581 2068 1649 2105 sed
1673 2067 1777 2117 quod
1792 2067 1960 2117 Spiritus

230 2136 385 2171 sanctus
413 2132 587 2170 voluerit
616 2132 759 2169 mirum
781 2131 852 2167 Dei
883 2129 1090 2168 consilium
1121 2130 1167 2167 de
1190 2128 1333 2166 Christi
1363 2130 1488 2165 morte
1518 2140 1587 2176 per
1616 2127 1800 2175 Caipham
1830 2126 1962 2175 potius

228 2205 345 2241 quam
369 2204 435 2240 per
457 2191 579 2228 alium
601 2190 861 2228 manifestare.
906 2189 1072 2226 Obstare
1095 2189 1212 2226 etiam
1243 2188 1401 2226 videtur
1422 2187 1580 2231 factum,
1613 2187 1715 2235 quod
1746 2186 1864 2223 verba
1893 2185 1962 2222 illa

226 2251 395 2300 protulit
416 2251 459 2287 in
480 2250 643 2287 concilio
667 2249 898 2298 pontificum
933 2251 972 2285 et
993 2248 1299 2297 pharisaeorum,
1333 2247 1401 2295 qui
1423 2246 1651 2283 solemniter
1672 2245 1870 2282 Christum
1900 2256 1960 2281 re-

227 2310 469 2359 pudiandum
506 2311 545 2347 et
567 2308 832 2346 damnandum
863 2320 943 2344 esse
965 2307 1288 2355 pronunciarunt,
1325 2305 1417 2353 quia
1450 2304 1593 2341 Filium
1617 2304 1686 2341 Dei
1721 2316 1761 2341 se
1794 2303 1960 2340 fecisset.

229 2369 502 2413 Quaestionem
525 2369 669 2417 optime
691 2380 761 2416 pro
784 2379 888 2404 more
921 2367 1070 2404 solvere
1103 2366 1262 2404 videtur
1293 2364 1394 2402 card.
1416 2363 1692 2401 Franzelin
1710 2363 1762 2400 -de
1782 2363 1884 2400 Eccl.
1906 2362 1961 2399 th.

231 2434 266 2473 3,
291 2428 360 2476 qui
381 2430 590 2476 postquam
612 2427 736 2464 fassus
761 2428 832 2472 est,
866 2426 1000 2462 deesse
1023 2426 1257 2474 argumenta
1278 2423 1390 2460 firma
1420 2435 1490 2471 pro
1522 2422 1808 2459 infallibilitate
1839 2421 1962 2471 magi-

229 2487 340 2524 sterii
371 2486 630 2524 ordinarii
662 2497 895 2534 synagogae,
929 2484 986 2521 ita
1017 2484 1180 2521 statuit:
1218 2482 1334 2527 »Alio
1365 2481 1490 2530 igitur
1519 2481 1633 2519 modo
1665 2480 1962 2518 infallibilitatis

200 2541 203 2545 ’
230 2546 432 2594 charisma,
457 2545 561 2594 quod
583 2545 700 2582 etiam
722 2544 763 2580 in
785 2543 1012 2593 magisterio
1034 2542 1227 2580 Ecclesiae
1248 2541 1292 2578 V.
1316 2541 1356 2577 Τ.
1379 2553 1523 2590 negare
1544 2540 1601 2578 fas
1623 2553 1702 2578 non
1723 2541 1792 2584 est,
1815 2552 1858 2577 ex
1881 2539 1962 2588 ipsa

229 2605 388 2653 propria
407 2604 538 2641 indole
559 2603 670 2641 illius
693 2602 936 2640 oeconomiae
957 2601 1254 2650 concipiendum
1285 2612 1369 2637 esse
1390 2599 1558 2637 videtur.
1602 2599 1711 2637 Sicut
1741 2599 1797 2636 ibi
1817 2598 1962 2635 veritas

226 2663 362 2701 vdivina
382 2664 495 2701 novis
517 2662 713 2701 continuis
735 2661 1041 2698 revelationibus
1063 2659 1290 2709 explicanda
1323 2661 1416 2704 erat,
1450 2658 1506 2696 ita
1537 2671 1581 2695 ex
1612 2659 1683 2696 hoc
1712 2659 1796 2706 ipso
1827 2657 1962 2694 missio

231 2722 536 2760 extraordinaria
556 2721 846 2771 prophetarum,
883 2720 950 2768 qui
984 2719 1171 2756 nimirum
1205 2719 1334 2755 essent
1367 2717 1543 2755 ministri
1575 2716 1838 2763 revelationis,
1873 2728 1960 2753 cum

230 2782 390 2830 proprio
412 2781 487 2818 fine
509 2781 617 2818 illius
640 2780 886 2818 oeconomiae
921 2778 1060 2815 intime
1093 2790 1192 2814 nexa
1213 2778 1253 2814 et
1274 2778 1450 2814 conserta
1483 2776 1734 2826 intelligitur.
1775 2775 1884 2812 Unde
1915 2774 1963 2812 ad

233 2840 502 2889 magisterium
539 2839 694 2876 divinae
728 2838 1020 2887 religionis...
1055 2837 1279 2885 pertinebat
1310 2847 1390 2873 non
1424 2836 1550 2874 solum
1583 2847 1728 2872 munus
1759 2834 1961 2872 ordina-

231 2899 362 2935 rium
385 2898 633 2943 sacerdotale,
659 2897 725 2935 sed
749 2897 866 2934 etiam
887 2908 1031 2933 munus
1062 2895 1424 2944 propheticum
1457 2894 1807 2932 extraordinarium
1831 2923 1838 2930 .
1862 2921 1869 2929 .
1893 2924 1900 2932 .
1924 2891 1963 2928 Si

381 3015 402 3052 ¹)
422 3011 605 3056 Analogia
621 3011 665 3045 V.
685 3012 721 3045 et
737 3011 782 3046 N.
802 3011 840 3044 T.
859 3021 888 3044 c.
910 3013 950 3044 11
970 3020 1003 3052 q.
1023 3011 1044 3042 2
1064 3010 1099 3042 et
1118 3007 1219 3043 alibi.
1254 3008 1305 3043 Cf.
1326 3008 1382 3041 Al.
1411 3007 1647 3042 Vincenzi
1674 3016 1818 3051 quoque
1845 3005 1883 3038 in
1911 3005 1962 3037 lu-

231 3065 452 3099 cubratione
470 3064 589 3108 prima
606 3066 650 3099 de
669 3076 694 3100 s.
715 3064 839 3097 christ.
868 3064 904 3097 et
929 3062 1030 3097 hebr.
1049 3062 1262 3096 monarchia
1293 3063 1329 3096 et
1354 3061 1397 3095 de
1414 3060 1604 3095 infallibili
1621 3060 1659 3094 in
1678 3061 1832 3102 utraque
1851 3057 1963 3102 magi-

236 3119 357 3159 sterio,
376 3117 514 3152 Romae
535 3119 645 3155 1872:
665 3117 698 3151 H
711 3117 901 3151 einrich
919 3118 936 3155 ἓ
955 3118 1011 3150 93.

1685 3172 1742 3203 19·
