2175 3382
207 154 292 194 3224»
600 146 717 179 'l'ract
740 145 800 179 lll.
822 145 873 179 De
891 144 1066 179 Ecclesia.
1086 145 1211 179 Thesis
1229 145 1388 179 XXXIX.
1410 145 1544 180 Christi

208 282 394 307 numerus
427 269 744 317 prophetarum«
789 270 848 305 Ita
880 271 1025 306 auctor.
1050 280 1160 305 serm.
1186 274 1250 307 46.
1274 268 1379 305 inter
1411 280 1524 306 serm.
1549 281 1576 308 s.
1600 269 1793 307 Ambrosii
1817 268 1942 322 (Mig.

216 337 273 368 ιτ.
302 325 414 380 ⁴397).

330 412 420 452 198.
444 408 614 451 TheSiS
639 407 872 451 XXXIX·
931 422 1148 463 Ecclesia,
1174 430 1313 464 quam
1343 421 1548 456 Christus
1574 423 1775 457 instituit
1800 427 1841 458 et
1869 426 1942 459 cui

200 484 356 524 factae
382 485 490 515 sunt
511 482 862 524 promissivum,
888 482 1083 515 visibitis
1108 484 1185 515 est.
1224 475 1451 512 ὤνιοι-να,
1466 473 1524 506 ..2
1542 472 1858 517 mann-4471
1875 490 2085 528 m

326 551 613 594 neclan-atio.
657 555 863 592 Vindicata
894 555 1086 591 Ecclesiae
1117 554 1362 602 perennitate
1395 554 1697 592 demonstranda
1727 558 1797 601 est,
1833 559 1942 593 ante—

208 627 324 661 quam
346 613 392 650 ad
416 613 491 650 alia
513 614 741 657 accedimus,
766 614 941 661 ejusdem
964 613 1276 650 visibilitas.
1310 613 1382 650 Hic
1404 625 1496 650 vero
1517 613 1659 662 incipit
1680 615 1945 652 controversia

204 673 430 721 principalis
462 685 550 710 cum
582 672 906 720 protestantibus,
951 672 1018 720 qui
1054 672 1159 709 haud
1191 684 1305 721 aegre
1336 671 1529 709 Ecclesiae
1561 672 1705 710 Christi
1736 673 1944 722 plerasque

205 732 419 769 concedent
440 732 740 780 praerogativas,
765 744 863 779 quas
885 731 994 768 illius
1018 731 1193 779 proprias
1215 743 1299 768 esse
1321 731 1584 775 ostendemus,
1610 732 1800 780 quamdiu
1813 736 1944 771 manet

204 790 437 828 invisibilis:
469 791 640 828 Ecclesia
671 791 772 827 enim
805 803 904 838 quae
935 802 1013 827 non
1036 790 1195 827 videtur
1216 790 1368 827 nullum
1400 790 1455 827 eis
1477 790 1692 840 negotium,
1723 791 1943 829 molestiam

206 850 363 887 facessit
385 850 546 888 nullam.
571 850 736 886 Retenta
758 862 848 887 vero
871 849 1065 886 Ecclesiae
1095 849 1276 897 perennis
1299 849 1531 886 visibilitate
1552 850 1670 887 nimis
1692 851 1852 888 evidens
1873 853 1942 895 est,

206 922 268 946 eos
291 923 312 946 a
334 921 425 945 vera
446 909 617 946 Ecclesia
640 908 824 946 defecisse
847 920 1011 956 reosque
1033 920 1116 945 esse
1139 908 1361 957 gravissimi
1385 908 1562 946 criminis
1586 909 1816 955 schismatis,
1840 911 1944 958 quod

205 969 315 1005 nullo
347 970 553 1016 praetextu
585 979 767 1004 excusare
802 970 971 1016 possunt
990 964 1034 1019 1).
1076 967 1136 1003 Ad
1159 979 1268 1004 suam
1291 979 1383 1016 ergo
1406 967 1664 1005 defectionem
1686 969 1823 1006 saltem
1849 982 1944 1016 qua-

205 1028 414 1064 damtenus
448 1027 691 1064 colorandam
726 1027 797 1064 hoc
829 1027 949 1063 coacti
983 1028 1077 1063 sunt
1109 1026 1328 1075 excogitare
1351 1026 1552 1075 effugium,
1584 1029 1631 1064 ut
1653 1027 1944 1075 contenderent,

206 1086 417 1124 Ecclesiam
451 1085 595 1124 Christi
626 1098 757 1123 veram
789 1098 936 1134 posse
969 1097 1051 1123 esse
1082 1085 1241 1133 quidem
1272 1085 1488 1122 visibilem:
1521 1087 1587 1123 sed
1617 1099 1697 1124 non
1728 1087 1946 1126 necessario

205 1146 391 1183 debere
423 1158 502 1182 esse
534 1145 751 1189 visibilem;
784 1157 895 1193 posse
926 1144 1010 1182 fieri
1041 1143 1289 1189 invisibilem,
1321 1144 1524 1181 deficiente
1554 1158 1693 1194 nempe
1716 1148 1830 1184 coetu
1852 1146 1944 1184 fide—

206 1205 304 1242 lium
327 1204 474 1241 visibili
506 1217 527 1241 a
548 1217 641 1241 vera
672 1204 758 1245 fide,
792 1217 884 1241 vero
916 1204 1028 1241 cultu
1060 1206 1144 1247 etc„
1178 1203 1282 1251 quod
1314 1203 1460 1240 factum
1487 1216 1569 1241 esse
1592 1204 1838 1242 contendunt
1859 1207 1946 1254 post

205 1264 380 1300 seculum
404 1263 468 1300 IV.
491 1265 530 1300 et
552 1263 595 1301 V.
644 1264 731 1301 Non
753 1265 884 1300 tamen
907 1275 1111 1312 negamus,
1134 1262 1264 1300 varias
1286 1263 1590 1312 protestantium
1613 1266 1736 1301 sectas
1757 1264 1877 1302 etiam
1900 1276 1944 1302 ex

200 1322 298 1365 aliis,
323 1335 424 1371 quae
446 1322 694 1370 profitentur,
718 1322 920 1371 principiis
944 1322 1115 1360 erroneis
1138 1322 1179 1359 in
1203 1322 1305 1359 hunc
1329 1323 1486 1359 demum
1507 1322 1639 1371 lapsas
1655 1335 1736 1362 esse
1753 1336 1942 1361 errorem:

204 1382 246 1418 in
269 1394 345 1430 quo
368 1381 515 1419 tuendo
539 1381 780 1430 singularem
802 1381 1036 1419 varietatem
1063 1383 1102 1418 et
1124 1381 1427 1418 inconstantiam
1449 1394 1493 1418 ex
1516 1394 1652 1419 causae
1674 1382 1946 1431 desperatione

204 1440 416 1489 profectam
449 1441 634 1489 produnt.
678 1440 819 1478 Contra
850 1441 918 1478 hos
942 1441 1229 1484 contendimus,
1262 1440 1472 1478 Ecclesiam
1503 1454 1525 1477 a
1547 1441 1697 1479 Christo
1719 1441 1946 1479 institutam

204 1512 286 1537 esse
317 1499 515 1537 visibilem
532 1497 579 1552 2),
611 1501 651 1536 et
681 1500 839 1548 quidem
872 1500 927 1536 ita
948 1500 1156 1541 visibilem,
1189 1503 1235 1536 ut
1267 1512 1417 1548 semper
1448 1499 1587 1537 debeat
1622 1513 1707 1538 esse
1729 1501 1944 1550 conspicua.

203 1558 353 1596 Idcirco
377 1561 509 1596 autem
533 1559 742 1607 conspicua
765 1559 910 1596 censeri
935 1559 1062 1601 debet,
1098 1558 1201 1607 quod
1225 1571 1304 1596 non
1327 1559 1454 1596 solum
1478 1561 1630 1597 constat
1652 1573 1696 1596 ex
1719 1560 1945 1598 hominibus

203 1616 438 1661 visibilibus,
463 1618 529 1655 sed
553 1618 647 1666 quia
670 1618 837 1655 visibilis
859 1620 918 1655 est
939 1617 1172 1655 visibilitate
1195 1618 1553 1663 collectionis,
1576 1619 1808 1663 unionis,
1836 1631 1944 1657 con-

205 1690 220 1713 s
235 1690 253 1714 e
267 1677 403 1714 rvati
417 1689 437 1713 o
451 1677 549 1723 nis,
575 1677 804 1714 visibilitate
827 1677 1041 1722 ministerii,
1071 1677 1288 1726 magisterii
1310 1679 1350 1714 et
1371 1677 1585 1726 regiminis,
1610 1678 1843 1716 visibilitate
1863 1681 1945 1716 tam

201 1736 490 1781 materiali,
515 1749 614 1784 quae
637 1737 699 1773 vel
724 1737 847 1774 oculis
871 1739 932 1774 est
952 1736 1100 1785 pervia,
1131 1737 1236 1774 sicut
1258 1737 1418 1785 quaevis
1441 1737 1602 1774 societas
1624 1737 1795 1786 politica,
1828 1750 1945 1786 quam

203 1795 328 1832 form
346 1808 365 1832 a
379 1796 436 1838 li,
462 1808 539 1843 qua
559 1808 629 1844 per
650 1798 761 1833 notas
784 1796 825 1832 in
848 1797 981 1833 oculos
1004 1796 1249 1833 incurrentes
1271 1796 1375 1833 illico
1398 1796 1609 1833 innotescit
1631 1799 1677 1834 ut
1699 1809 1787 1834 vera
1802 1796 1946 1834 Christi

202 1854 394 1898 Ecclesia3
419 1867 496 1902 qua
517 1855 672 1891 ratione
695 1855 776 1903 ipse
800 1855 975 1892 Christus
998 1854 1077 1892 fuit
1095 1855 1261 1892 visibilis
1277 1852 1331 1907 3):
1353 1854 1452 1892 Nam
1474 1858 1522 1892 ut
1543 1856 1703 1904 aliquod
1725 1856 1946 1904 subjectum

202 1914 465 1961 compositum
497 1926 541 1950 ex
576 1914 598 1950 d
614 1914 783 1962 uplici
819 1915 1024 1958 elemento,
1057 1927 1225 1962 quorum.
1246 1927 1371 1951 unum
1395 1917 1452 1951 est
1473 1914 1681 1961 invisibile,
1714 1914 1947 1963 simpliciter

201 1972 278 2009 dici
310 1973 432 2020 possit
453 1972 631 2010 visibile:
667 1973 817 2010 sufficit
839 1984 881 2013 a.
906 1977 951 2010 ut
984 1974 1222 2011 elementum
1245 1973 1409 2010 alterum
1435 1973 1487 2011 sit
1508 1973 1733 2012 immediate
1755 1976 1795 2011 et
1814 1986 1885 2023 per
1905 1986 1946 2011 se

347 2101 370 2139 ¹)
392 2099 486 2136 ²‚Der
506 2098 846 2141 Protestautismus,
866 2099 991 2142 inquit
1020 2099 1155 2132 Wine
1168 2110 1185 2132 r
1213 2099 1462 2142 comparative
1490 2099 1730 2145 Darstellung
1759 2099 1821 2134 des
1838 2099 1947 2133 Lehr-

202 2150 375 2194 begriffes
394 2150 457 2184 der
476 2150 613 2184 vei-sch.
634 2151 772 2185 christi.
798 2152 1155 2196 Kirchenpartheien
1173 2157 1190 2194 ξ
1212 2154 1253 2186 19
1271 2165 1295 2186 n
1326 2155 1357 2193 2,
1376 2152 1583 2187 vernichtet
1601 2153 1678 2186 sich
1697 2152 1820 2193 selbst‚
1839 2162 1946 2186 wenn

201 2213 239 2236 er
258 2203 317 2236 die
335 2202 472 2237 Kirche
493 2203 628 2237 Christi
647 2204 764 2238 ihrem
785 2205 919 2238 Wesen
938 2204 1032 2238 nach
1051 2204 1105 2238 als
1123 2204 1346 2238 {iusserliche
1363 2205 1513 2238 Anstalt
1532 2205 1767 2238 anerkenuen
1785 2204 1944 2239 wollte.‘

201 2255 273 2289 Sed
291 2256 397 2289 acute
416 2259 453 2290 et
471 2257 661 2290 verissime
680 2257 775 2290 alius
793 2258 1012 2302 protestans,
1039 2257 1224 2302 Lagard
1237 2268 1273 2297 e,
1302 2258 1408 2292 notat
1426 2258 1622 2303 (Deutsche
1645 2256 1840 2296 Schriften,
1860 2256 1946 2292 Get-

200 2309 328 2353 tingae
351 2310 438 2344 1878
457 2320 540 2354 pag.
564 2313 662 2354 118):
686 2311 784 2349 >,Auf
799 2310 857 2344 die
876 2310 992 2344 Lehre
1008 2322 1080 2345 von
1099 2311 1163 2344 der
1180 2311 1445 2345 unsichtbaren
1463 2311 1598 2345 Kirche
1616 2311 1713 2355 folgt
1725 2321 1819 2356 ganz
1834 2309 1947 2355 folge-

199 2362 340 2407 richtig
357 2362 415 2396 die
432 2362 548 2396 Lehre
567 2374 638 2397 von
659 2364 724 2397 der
741 2364 1004 2398 unsichtbaren
1022 2364 1205 2409 Religion,
1229 2365 1303 2398 und
1327 2364 1392 2398 auf
1403 2364 1502 2398 diese
1515 2375 1609 2409 ganz
1622 2363 1863 2410 nothwendig
1880 2363 1945 2397 das

200 2414 486 2449 Verschwinden
505 2416 570 2450 der
589 2416 793 2461 Religion.<¹

345 2470 369 2508 ἱ’)
389 2467 441 2500 Cf.
461 2468 607 2502 schema
625 2468 685 2502 cit.
705 2469 749 2502 de
768 2468 932 2503 Ecclesia
951 2468 1088 2504 Christi
1107 2480 1135 2504 c.
1154 2475 1176 2504 4
1194 2472 1232 2504 et
1249 2474 1268 2503 5
1289 2474 1325 2504 et
1344 2481 1421 2505 can.
1437 2472 1469 2509 3,
1488 2470 1552 2514 qui
1565 2471 1621 2503 ita
1633 2469 1767 2504 habet:
1788 2469 1846 2509 ,si
1862 2470 1945 2514 quis

203 2520 350 2561 dixerit,
369 2520 578 2555 divinarum
598 2522 892 2566 promissionum
909 2522 1108 2556 Ecclesiam
1134 2533 1210 2557 non
1236 2534 1314 2557 esse
1341 2523 1558 2557 societatem
1577 2524 1767 2557 externam
1797 2534 1839 2557 ac
1863 2533 1944 2557 con-

204 2573 384 2618 spicuam,
404 2576 466 2608 sed
486 2578 605 2609 totam
624 2576 811 2609 internam
829 2578 866 2610 et
882 2576 1118 2618 invisibilem,
1137 2578 1180 2611 A.
1199 2576 1254 2611 s«

344 2632 369 2668 ³)
387 2627 440 2661 De
467 2629 536 2662 hac
567 2629 742 2674 analogia
768 2630 865 2664 inter
890 2629 1150 2665 visibilitatem
1178 2630 1313 2664 Christi
1340 2631 1376 2664 et
1402 2629 1668 2664 visibilitatem·
1688 2629 1870 2663 Ecclesiae
1899 2629 1944 2665 cf.

203 2692 314 2725 supra
331 2694 366 2715 n.
390 2684 465 2718 188.
500 2683 605 2716 Sicut
623 2685 755 2717 autem
772 2683 812 2717 in
830 2683 974 2718 Christo
993 2683 1128 2728 duplex
1145 2684 1348 2718 secernitur
1373 2683 1591 2718 visibilitas:
1618 2683 1825 2716 humana
1837 2710 1844 2724 ‚
1872 2693 1946 2726 qua

201 2735 406 2778 apparebat
426 2736 546 2776 homo,
565 2738 602 2769 et
628 2737 767 2770 divin
780 2748 799 2771 0
811 2758 822 2763 -
835 2737 859 2770 h
872 2749 895 2770 u
907 2749 942 2770 m
955 2748 975 2771 a
986 2748 1011 2769 n
1022 2748 1043 2771 a
1055 2764 1062 2778 ,
1091 2739 1272 2781 quatenus
1300 2737 1477 2771 divinitas
1494 2736 1553 2770 vel
1570 2736 1704 2770 saltem
1722 2735 1849 2769 divina
1866 2736 1944 2781 ejus

202 2787 328 2822 missio
350 2787 518 2822 mediate
537 2799 604 2833 per
621 2789 770 2823 effectus
788 2791 825 2824 in
845 2791 968 2825 oculos
985 2790 1226 2831 incurrentes,
1255 2800 1297 2824 ex
1324 2791 1459 2834 quibus
1483 2790 1550 2823 illa
1575 2788 1791 2822 immediate
1820 2787 1946 2832 potuit

200 2841 327 2886 colligi
345 2842 383 2875 et
400 2841 539 2883 inferri,
560 2853 595 2876 se
616 2844 798 2887 prodebat
816 2844 1013 2884 miraculis,
1041 2844 1119 2878 vita
1135 2845 1247 2889 plane
1266 2843 1415 2878 coelesti
1433 2844 1511 2884 etc„
1529 2847 1768 2886 quamobrem
1785 2842 1945 2876 testatur

199 2895 220 2929 J
224 2904 360 2929 oannes
379 2893 405 2936 I,
431 2898 491 2929 14:
530 2897 688 2930 Vidimus
704 2899 853 2940 yloriam
874 2899 958 2940 ejus,
974 2898 1125 2940 yturae‘am
1142 2899 1247 2942 quasi
1270 2899 1443 2941 Uniyeniti
1459 2908 1481 2930 a
1494 2897 1601 2930 Patre
1607 2897 1753 2939 plenum
1762 2897 1903 2940 qratiae
1915 2901 1946 2930 et

200 2950 379 2982 veritatis:
396 2948 450 2981 ita
468 2947 506 2981 in
525 2947 687 2982 Ecclesia
716 2949 902 2994 duplicem
922 2949 1008 2983 licet
1025 2960 1209 2984 secernere
1225 2950 1493 2990 visibilitatem,
1511 2949 1536 2982 h
1547 2961 1571 2982 u
1582 2961 1619 2982 m
1630 2960 1686 2982 an
1697 2960 1718 2983 a
1729 2961 1764 2983 m
1779 2976 1786 2990 ‚
1808 2949 1852 2984 de
1871 2959 1945 2993 qua

201 3002 241 3035 in
258 3001 387 3045 primis
405 3001 601 3044 loquimur,
629 3002 666 3035 et
694 3002 832 3036 divin
844 3013 863 3036 0
876 3024 887 3028 -
898 3002 923 3036 h
936 3014 959 3035 u
972 3014 1006 3036 m
1020 3013 1151 3037 anam
1163 3030 1170 3044 ,
1201 3004 1382 3047 qua-tenus
1409 3003 1486 3036 vita
1504 3002 1581 3047 ejus
1599 3001 1891 3047 supernaturalis
1907 3003 1944 3036 et

202 3054 414 3098 praesentia
432 3054 554 3087 sancti
572 3053 731 3098 Spiritus
751 3054 864 3096 miris,
885 3054 948 3089 sed
966 3055 1175 3090 visibilibus
1190 3067 1226 3090 se
1240 3056 1367 3101 prodit
1380 3055 1509 3096 modis,
1528 3055 1727 3089 miraculis.
1746 3055 1944 3090 sanctitate

202 3107 452 3141 membrorum
470 3109 537 3141 etc..
573 3106 626 3142 Cf.
647 3107 673 3140 P
686 3106 731 3140 al
748 3120 781 3141 m
796 3108 889 3142 ieri
907 3108 931 3142 1.
951 3119 978 3142 c.
997 3109 1014 3147 ἓ
1034 3111 1089 3143 10.
1824 3129 1846 3166 5·
