2175 3382
725 77 851 112 eodem
870 77 977 111 modo
995 77 1196 112 traditione
1215 78 1461 112 continentur.
1881 82 1962 125 167

232 208 319 237 non
342 196 395 238 ah
418 196 617 237 omnibus
640 200 762 237 erant
785 196 977 248 explicite
1012 196 1237 245 credenda,
1268 201 1447 248 possunt
1469 208 1561 238 esse
1585 197 1737 250 aliqua,
1769 209 1878 250 quae
1900 197 1964 238 id-

231 266 344 307 circo
366 267 409 306 in
431 268 666 320 apostolica
679 267 997 321 praedicatione
1013 266 1341 308 continebantur
1357 268 1496 308 minus
1512 268 1717 321 explicite,
1742 268 1963 310 obscurius

231 337 454 390 minusque
485 337 639 379 diserte
672 338 902 390 proposita,
935 337 1071 378 donec
1103 338 1492 378 controversiarum
1525 338 1724 389 adjuncta
1750 338 1965 391 postulent

231 411 271 448 et
294 405 472 460 Spiritus
503 421 533 452 s.
566 408 740 450 directio
772 420 848 460 per
868 407 1083 449 Ecclesiae
1114 408 1416 460 magisterium,
1450 409 1567 460 cujus
1600 414 1662 449 est,
1694 409 1964 450 revelationis

231 477 468 531 depositum
490 481 699 532 integrum
722 491 904 528 servare,
937 478 1091 519 efficiat
1121 478 1446 531 explicationem
1479 478 1677 531 impliciti,
1709 480 1964 521 declaratio—

230 560 329 590 nem
351 554 393 590 et
418 550 726 601 expositionem
749 549 931 599 obscuri,
963 550 1165 590 disertam
1188 553 1229 590 et
1251 549 1481 590 instantem
1504 549 1866 601 praedicationem
1890 562 1964 591 seu

230 618 516 661 definitionem
543 621 687 661 ‘minus
719 621 917 673 expressi.
961 620 1203 671 Magisterio
1235 619 1412 672 proinde
1444 619 1659 660 Ecclesiae
1691 624 1889 672 poterant
1921 634 1962 665 a.

230 692 468 732 successive
490 690 763 732 determinari
795 692 988 733 diversae
1021 691 1303 743 oppositio
1319 703 1411 732 nes
1444 690 1632 731 veritatis
1664 691 1877 732 revelatae
1912 691 1964 732 ad

229 760 420 802 diversos
451 774 620 803 errores
651 762 892 803 seculorum
921 774 1046 803 cursu
1069 766 1387 802 succrescentes
1409 762 1461 817 1);
1493 761 1558 802 vel
1594 763 1638 804 b.
1672 773 1747 813 per
1778 766 1965 813 partes

229 834 420 885 proponi,
443 845 552 886 quae
567 834 790 886 complexa
807 838 929 875 erant
944 834 991 890 2),
1014 838 1055 874 et
1077 846 1116 877 c..
1138 833 1502 885 propositionibus
1525 831 1965 885 particularibus

233 903 452 944 enunciari
474 916 583 957 quae
606 905 647 945 in
670 905 960 958 propositione
983 904 1213 946 universali
1231 904 1322 957 jam
1345 903 1817 956 comprehendebantur
1835 906 1878 954 3),
1902 902 1966 943 vel

229 975 276 1017 d.
301 974 538 1016 distinctius
561 979 601 1016 et
633 976 993 1017 articulatius
1017 975 1173 1023 doceri,
1207 986 1316 1027 quae
1340 975 1508 1015 nonnisi
1532 974 1705 1015 confuse
1729 986 1754 1014 a
1776 972 1965 1013 fidelibus

228 1045 568 1098 intelligebantur
583 1048 629 1102 4),
672 1048 737 1088 vel
773 1061 814 1091 e.
852 1047 1059 1088 diserte
1095 1046 1320 1099 verbisque
1356 1045 1570 1094 affirmari,
1606 1045 1719 1098 quod
1754 1045 1845 1096 ipsa
1876 1044 1965 1095 jam

229 1116 349 1168 praxi
370 1117 686 1169 significabatur
703 1119 749 1173 5).

348 1200 389 1242 3.
413 1201 540 1247 Quare
572 1204 699 1252 liquet
722 1215 835 1253 posse
867 1217 942 1241 esse
970 1206 1140 1241 veritates
1163 1204 1353 1252 objective
1377 1203 1534 1251 quidem
1556 1203 1597 1239 in
1621 1201 1794 1251 deposito
1818 1201 1965 1238 revela-

227 1261 346 1298 tionis
378 1273 448 1299 seu
478 1263 520 1299 in
550 1264 686 1312 regula
717 1263 807 1300 fidei
839 1265 988 1301 remota
1010 1263 1318 1311 comprehensas,
1352 1275 1445 1311 quae
1469 1274 1541 1299 non
1565 1274 1711 1309 semper
1730 1261 1876 1308 fuerint
1892 1271 1967 1307 per

230 1321 399 1369 reyulam
414 1323 639 1369 proximam
661 1323 684 1359 i.
703 1335 731 1360 e.
747 1335 816 1371 per
836 1322 1166 1371 praedicationem
1189 1321 1491 1359 ecclesiasticam
1516 1321 1609 1358 adeo
1628 1321 1728 1356 clare
1744 1320 1967 1367 propositae

228 1381 268 1416 et
297 1380 578 1429 promulgatae.
621 1381 791 1430 Ideoque
823 1382 907 1419 fieri
937 1381 1069 1430 potuit
1102 1383 1140 1418 et
1165 1381 1328 1418 historia
1350 1380 1577 1430 dogmatum
1600 1381 1700 1416 teste
1722 1378 1869 1416 factum
1893 1381 1964 1421 est,

227 1439 275 1474 ut
296 1439 481 1476 veritates
513 1440 669 1488 aliquae
699 1441 740 1478 in
772 1441 975 1478 nonnullis
1007 1441 1178 1478 ecclesiis
1209 1440 1514 1488 particularibus
1546 1438 1771 1476 obscuratae
1806 1439 1845 1474 et
1868 1437 1965 1473 obli-

226 1497 331 1534 vioni
353 1498 531 1545 traditae,
547 1499 610 1536 vel
632 1513 652 1536 a
675 1500 899 1537 doctoribus
922 1499 1126 1537 catholicis
1150 1500 1232 1537 sine
1255 1498 1460 1547 dispendio
1482 1498 1571 1535 fidei
1593 1497 1803 1545 aliquando
1818 1496 1860 1532 in
1876 1508 1965 1532 con-

225 1557 455 1594 troversiam
477 1562 633 1596 vocatae
657 1559 718 1596 vel
750 1560 867 1596 etiam
899 1565 1063 1609 negatae
1086 1559 1245 1596 fuerint.
1288 1557 1397 1595 Fidei
1420 1557 1523 1594 enim
1546 1556 1678 1594 unitas
1702 1557 1882 1593 servatur
1904 1555 1964 1591 in-

226 1617 349 1664 tegra,
382 1616 574 1664 quamdiu
606 1631 624 1654 a
656 1617 746 1655 fidei
773 1619 910 1668 regula
932 1618 1107 1667 proxima
1129 1618 1152 1654 i.
1177 1630 1206 1654 e.
1231 1618 1278 1654 ab
1300 1617 1495 1653 Ecclesiae
1518 1614 1804 1664 praedicatione
1826 1613 1964 1650 nullus

226 1675 286 1711 est
306 1674 516 1713 dissensus.
562 1676 683 1720 Quam
707 1678 755 1714 ob
786 1690 868 1715 rem
892 1677 1033 1715 statuit
1057 1676 1269 1726 Gregorius
1294 1676 1340 1712 de
1362 1675 1628 1713 Valentia:
1655 1700 1671 1718 »
1683 1673 1850 1710 Ecclesia
1874 1672 1963 1709 doc-

224 1733 349 1770 trinas
372 1735 560 1782 quasdam
585 1747 672 1772 cum
695 1736 895 1773 infallibili
920 1736 1152 1773 auctoritate
1166 1735 1293 1772 veluti
1317 1747 1335 1771 e
1350 1735 1523 1772 tenebris
1538 1734 1653 1777 eruit.
1680 1733 1822 1780 quibus
1840 1744 1964 1780 quan-

374 1871 397 1916 ¹)
415 1871 472 1905 ltav
491 1873 620 1906 contra
638 1873 917 1907 fluctuationem
937 1874 1236 1917 protestantium.
1256 1873 1318 1916 qui
1338 1872 1445 1905 modo
1464 1872 1638 1915 quinque,
1659 1871 1766 1904 modo
1794 1871 1965 1913 quatuor.

225 1924 334 1957 inodo
351 1923 434 1964 tria,
454 1924 601 1959 demum
621 1925 693 1959 duo
712 1926 940 1960 admiserunt
958 1926 1198 1965 sacramenta,
1218 1927 1343 1959 coacta
1364 1926 1417 1959 est
1437 1925 1595 1968 synodus
1623 1923 1823 1958 tridentina
1850 1923 1965 1956 incul-

226 1985 307 2009 care
325 1987 517 2010 numerum
537 1981 849 2013 sacramentorum
877 1991 892 2013 s
905 1990 922 2013 e
934 1991 957 2024 p
968 1980 984 2013 t
996 1990 1014 2013 e
1027 1991 1049 2012 n
1062 1990 1082 2012 a
1093 1979 1133 2011 ri
1146 1991 1168 2012 u
1181 1991 1228 2019 ni,
1257 1989 1414 2022 eumque
1433 1987 1552 2020 neque
1570 1977 1746 2022 majorem
1765 1987 1883 2020 neque
1901 1977 1965 2009 mi-

224 2037 350 2065 norem
368 2039 454 2065 esse.
473 2031 570 2073 quod
590 2033 699 2065 antea
717 2042 793 2065 non
811 2032 863 2065 ita
883 2031 1058 2076 explicite
1077 2035 1188 2075 atque
1206 2031 1390 2065 instanter
1408 2029 1674 2064 inculcabatur.

368 2081 395 2127 ‘-')
413 2082 470 2116 Ita
485 2083 645 2117 Ecclesia
661 2095 714 2128 pa
726 2085 844 2118 rticu
855 2085 865 2118 l
876 2085 937 2118 ati
950 2097 983 2118 m
1005 2084 1170 2128 singulas
1190 2084 1375 2117 humanae
1388 2084 1542 2117 naturae
1557 2084 1694 2128 partes,
1710 2092 1841 2126 corpus
1858 2081 1965 2114 illud-

224 2145 295 2178 que
306 2145 490 2177 carneum,
501 2137 665 2171 animam
677 2147 832 2182 eamque
843 2138 1076 2177 rationalem,
1089 2137 1268 2182 operandi
1283 2138 1458 2170 virtutem
1473 2139 1509 2170 et
1523 2136 1753 2170 voluntatem
1767 2137 1965 2168 humanam

224 2186 368 2222 Christo
386 2189 553 2231 asseruit,
572 2189 641 2224 etsi
658 2190 750 2225 haec
769 2191 857 2225 satis
875 2191 953 2236 jam
974 2191 1226 2230 credebantur,
1247 2200 1328 2223 cum
1349 2190 1515 2223 Christus
1536 2189 1744 2223 crederetur
1762 2198 1868 2222 verus
1886 2198 1965 2232 per-

221 2240 415 2285 fectusque
442 2242 570 2282 homoz
601 2245 655 2278 ita
681 2245 790 2289 plura
813 2255 965 2279 romano
993 2244 1161 2288 pontifici
1188 2244 1345 2278 asseruit
1366 2244 1464 2287 jura,
1494 2253 1587 2286 quae
1614 2242 1795 2286 implicite
1824 2242 1965 2276 suntin

223 2294 454 2337 plenitudine
473 2297 665 2341 primatuS‚
683 2309 757 2341 qua
775 2298 837 2332 ille
856 2309 998 2341 semper
1017 2298 1236 2332 credebatur
1255 2296 1456 2342 praeditus.

366 2348 394 2395 ⁸)
415 2349 470 2383 lta
488 2349 651 2384 Ecclesia
670 2354 799 2385 contra
827 2351 1134 2396 semipelagianos
1163 2351 1364 2384 instantius
1391 2349 1617 2394 praedicavit
1646 2350 1806 2393 gratiam
1833 2350 1888 2383 vel
1919 2349 1964 2383 ad

224 2400 353 2435 salutis
378 2402 583 2436 initium
610 2404 847 2448 ejusdemque
875 2403 1026 2438 finem
1054 2405 1076 2438 i.
1105 2416 1134 2438 e.
1161 2404 1474 2448 perseverantiam
1503 2414 1579 2437 esse
1606 2404 1864 2444 necessariam.
1896 2404 1963 2437 etsi

222 2452 260 2486 id
271 2453 349 2498 jam
369 2454 578 2489 continetur
591 2456 842 2500 propositione
855 2456 1064 2497 universali,
1086 2458 1247 2502 gratiam
1262 2455 1506 2490 necessariam
1521 2465 1599 2490 esse
1614 2455 1660 2489 ad
1679 2466 1699 2490 o
1712 2468 1747 2489 m
1762 2468 1784 2489 n
1797 2467 1815 2490 e
1828 2467 1842 2489 s
1861 2456 1962 2489 actus

223 2507 413 2542 salutares,
448 2509 500 2542 of.
520 2510 651 2554 Augu
665 2510 729 2543 sti
742 2522 828 2543 nus
848 2511 892 2545 de
910 2511 1091 2555 praedest.
1111 2510 1170 2546 SS.
1189 2523 1223 2544 n.
1244 2513 1288 2544 27
1308 2520 1432 2554 opusc.
1450 2512 1477 2544 t.
1497 2509 1659 2543 XXXVI.

365 2562 395 2606 ⁴¹)
413 2562 470 2595 Ita
486 2561 526 2595 in
544 2574 687 2596 summa
709 2562 870 2608 Virginis
888 2564 1061 2608 puritate,
1091 2574 1183 2608 quae
1203 2564 1332 2598 deceat
1349 2565 1508 2598 matrem
1527 2563 1604 2603 Dei.
1626 2564 1706 2607 jam
1723 2562 1866 2596 inclusa
1886 2564 1962 2596 erat

223 2610 493 2660 originalis
524 2615 683 2660 eju—dem
716 2619 907 2656 sanctitas,
933 2628 1044 2661 quani
1070 2618 1195 2651 tamen
1223 2617 1386 2651 Ecclesm
1414 2616 1647 2651 articulatius
1678 2615 1963 2659 distinctiusque

222 2668 442 2702 credendam
460 2670 665 2713 proposuit.

369 2723 395 2766 ⁵)
415 2723 470 2756 lta
488 2722 587 2766 quod
608 2722 767 2757 Ecclesia
785 2724 915 2768 primis
934 2724 1066 2758 seculis
1084 2724 1258 2768 practice,
1277 2724 1359 2769 ipsa
1377 2725 1454 2758 scil.
1469 2724 1678 2768 receptione
1694 2722 1960 2757 haereticorum

223 2774 300 2807 sine
329 2784 424 2808 nova
452 2773 633 2819 baptismi
664 2776 859 2811 collatione
889 2776 1055 2818 credidit,
1086 2776 1209 2811 valere
1237 2776 1469 2821 baptismum
1497 2777 1542 2810 ab
1560 2776 1755 2810 haereticis
1775 2775 1960 2809 collatum.

222 2826 369 2861 disertis
395 2827 479 2861 dein
506 2829 626 2862 verbis
655 2828 865 2875 inculcavit,
894 2841 975 2864 cum
995 2829 1169 2874 Cypriani
1197 2831 1380 2864 dissensus
1407 2831 1447 2864 id
1475 2830 1650 2875 exegerit.
1687 2829 1854 2863 Ceterum
1874 2828 1960 2861 dum

221 2880 296 2914 ista
313 2880 489 2925 dogmata
506 2882 665 2926 exempli
688 2884 811 2927 gratia
839 2883 1091 2928 proponimus,
1123 2883 1294 2918 nolumus
1324 2884 1469 2927 ingredi
1500 2884 1764 2928 quaestionem,
1800 2893 1888 2915 nuni
1919 2890 1956 2912 ea

221 2933 291 2966 hac
307 2933 454 2966 tantum
471 2934 615 2969 ratione
634 2935 842 2981 (implicite)
860 2935 1100 2971 revelationis
1115 2936 1283 2981 deposito
1298 2937 1560 2981 comprehensa
1574 2936 1709 2970 fuerint
1723 2949 1728 2969 ε
1748 2934 1845 2978 quod
1864 2934 1958 2967 certe

221 2985 311 3019 satis
329 2987 434 3026 esset,
451 2988 495 3020 ut
512 2986 676 3022 Ecclesia
694 2999 716 3022 a
733 2988 874 3033 Spiritu
892 3002 918 3023 s.
938 2990 1047 3023 ducta
1067 2989 1194 3023 eadem
1213 2990 1309 3023 arti
1324 3000 1340 3022 c
1352 2991 1434 3023 ula
1446 2991 1461 3022 t
1473 2989 1485 3022 i
1499 3002 1533 3023 m
1553 2988 1732 3023 credenda
1753 2996 1955 3032 proponere

221 3039 347 3084 possit.
383 3038 435 3073 Cf.
454 3040 641 3074 Mohler
659 3040 854 3085 Symbolik
874 3044 890 3081 ξ
910 3045 967 3077 40.
