2175 3382
944 131 1082 164 censeri
1100 131 1229 175 possit.
1863 137 1949 179 523

215 254 366 301 potest,
402 249 515 301 quod
548 249 584 289 is
618 249 757 301 reipsa
791 249 1034 290 manifestat
1067 253 1109 289 et
1142 249 1415 290 manifestare
1446 250 1634 291 intendit.
1678 251 1818 303 Quare
1851 264 1947 293 cum

216 321 444 373 quaeritur,
471 333 572 361 num
597 321 755 360 veritas
778 319 971 372 explicite
995 324 1036 360 et
1057 319 1290 360 formaliter
1312 332 1396 360 non
1420 321 1619 362 revelata.
1652 322 1726 363 sed
1751 322 1948 374 implicite

216 396 417 432 contenta
448 391 491 432 in
523 391 657 432 altera
688 396 801 432 certe
833 391 1033 439 revelata,
1065 391 1178 432 credi
1210 391 1344 443 possit
1365 392 1430 433 vel
1453 394 1580 433 etiam
1605 393 1776 434 debeat:
1809 394 1947 447 inqui-

215 462 393 502 rendum
430 467 494 502 est
528 462 626 517 (nisi
661 461 771 503 adsit
802 462 1047 502 authentica
1076 461 1290 502 Ecclesiae
1319 461 1582 514 declaratio),
1617 477 1718 504 num
1751 464 1949 505 omnibus

217 533 412 585 expensis
430 532 612 585 judicari
633 533 777 584 possit,
800 531 934 572 Deum
956 531 1185 573 revelando
1208 544 1338 572 unam
1360 534 1695 584 propositionem
1719 535 1948 576 intendisse

214 604 405 645 revelare
436 608 479 644 et
510 603 700 644 alteram.
742 603 828 643 Etsi
859 614 959 655 ergo
993 603 1105 644 Deus
1136 603 1366 644 revelando
1399 603 1585 656 aliquam
1608 605 1830 645 veritatem
1853 617 1948 657 per-

215 673 442 715 fectissime
464 674 681 725 cognoscit
703 674 859 732 omnia,
892 685 1002 726 quae
1034 685 1085 714 ea
1117 674 1205 714 sive
1227 673 1461 714 formaliter
1483 675 1571 715 sive
1594 675 1825 716 virtualiter
1848 688 1951 716 con-

215 745 440 792 tineantur,
475 757 526 786 ea
557 749 722 785 tantum
753 744 943 785 revelare
974 744 1165 793 intendit,
1196 757 1305 796 quae
1337 745 1468 785 verba
1500 745 1732 786 secundum
1756 752 1948 787 nostrum

214 816 512 856 limitatum
536 815 801 867 concipiendi
825 815 998 855 modum
1020 827 1096 867 per
1118 827 1163 856 se
1185 814 1432 867 significant.

332 887 375 930 4.
401 886 621 939 ObJectum
636 885 734 927 fidei
757 886 976 927 materiale
999 887 1111 927 aliud
1135 892 1198 928 est
1220 887 1361 940 quoad
1384 899 1441 936 se,
1466 887 1579 928 aliud
1603 888 1744 940 quoad
1767 900 1854 928 nos.
1878 888 1951 928 Est

216 957 431 1011 objectum
453 957 674 998 materiale
697 957 839 1010 quoad
861 968 918 1005 se,
941 958 977 998 si
999 962 1062 998 est
1085 957 1253 1010 quidem
1270 957 1515 1006 revelatum,
1539 958 1612 998 sed
1634 958 1824 999 nondum
1847 959 1951 999 satis

217 1033 385 1070 constat
406 1028 472 1069 vel
495 1028 546 1069 de
568 1028 661 1080 ipsa
686 1028 958 1077 revelatione,
990 1029 1048 1069 ita
1081 1033 1126 1069 ut
1156 1028 1211 1069 ad
1243 1028 1501 1069 credendum
1525 1028 1769 1080 obligemur.
1802 1029 1867 1069 vel
1898 1029 1951 1070 de

216 1099 406 1152 ejusdem
438 1112 585 1141 sensu:
619 1099 732 1152 quod
763 1100 798 1140 si
830 1099 880 1140 de
913 1099 1171 1140 revelatione
1203 1099 1339 1152 deque
1371 1100 1461 1152 ejus
1493 1112 1622 1140 sensu
1645 1100 1747 1140 satis
1771 1105 1950 1149 constat,

216 1171 295 1211 erit
317 1171 445 1211 etiam
473 1170 688 1222 obJectum
723 1170 819 1211 fidei
854 1170 995 1223 quoad
1029 1183 1119 1211 nos.
1162 1171 1271 1222 Apto
1306 1170 1499 1222 exemplo
1531 1170 1712 1211 illustrat
1743 1171 1854 1211 hanc
1887 1171 1948 1210 di-

215 1242 485 1282 stinctionem
519 1241 579 1281 de
611 1241 751 1293 Lugo
779 1242 882 1294 disp.
910 1246 931 1285 1
955 1246 1054 1282 sect.
1081 1245 1133 1286 13
1156 1243 1177 1296 ξ
1201 1246 1226 1285 3
1249 1254 1286 1282 n.
1313 1245 1397 1286 302
1422 1242 1483 1282 iis
1517 1253 1626 1294 quae
1648 1242 1824 1293 legimus
1848 1241 1949 1282 Dan.

217 1315 254 1361 5,
278 1316 345 1357 25.
388 1309 613 1364 Objectum
645 1313 757 1353 enim
789 1312 954 1353 illorum
978 1312 1207 1353 verborum
1229 1311 1368 1360 illane,
1408 1312 1568 1366 leelrel,
1599 1311 1773 1365 leres„
1804 1318 1951 1364 utpote

217 1395 242 1424 a
264 1383 352 1424 Deo
376 1384 622 1431 revelatum,
647 1388 739 1424 erat
753 1383 986 1424 secundum
1009 1395 1054 1424 se
1078 1382 1290 1435 objectum
1314 1382 1420 1431 fidei,
1444 1383 1518 1424 sed
1541 1383 1743 1436 quamdiu
1765 1395 1839 1423 rex
1854 1383 1950 1424 Bal-

216 1454 364 1495 thasar
385 1454 485 1495 illud
505 1454 740 1506 ignorabat,
764 1467 850 1495 non
865 1459 1032 1506 poterat
1046 1455 1185 1506 ipsum
1201 1454 1397 1497 credere:
1415 1454 1505 1506 jam
1522 1454 1751 1495 accedente
1765 1454 1951 1495 Danielis

217 1525 462 1566 authentica
484 1526 832 1578 interpretatione
860 1525 1017 1566 sactum
1049 1530 1113 1565 est
1145 1525 1357 1577 obJ'ectum
1390 1524 1484 1565 fidei
1515 1526 1593 1577 ipsi
1624 1526 1722 1577 regi.
1766 1525 1826 1566 lta
1859 1538 1950 1565 om-

216 1597 299 1645 nia,
321 1608 430 1649 quae
454 1596 596 1637 divina
618 1598 889 1637 continentur
911 1596 1182 1638 revelatione.
1205 1596 1294 1648 jam
1319 1608 1370 1636 ex
1392 1607 1437 1636 se
1460 1601 1558 1636 sunt
1580 1596 1631 1637 de
1653 1596 1755 1636 fide:
1779 1596 1852 1637 sed
1876 1608 1952 1648 per

216 1666 430 1708 Ecclesiae
453 1668 788 1719 propositionem
812 1668 940 1708 etiam
962 1667 1103 1720 quoad
1124 1679 1204 1707 nos
1227 1666 1328 1707 fiunt
1353 1667 1404 1707 de
1428 1666 1519 1709 tide.

266 1795 269 1797 ,
335 1740 376 1784 5.
400 1739 523 1779 Aliud
547 1744 612 1779 est
633 1739 818 1791 aliquam
842 1739 1064 1779 veritatem
1088 1751 1181 1779 esse
1213 1738 1537 1779 credibilem
1570 1750 1645 1779 seu
1677 1750 1786 1791 quae
1818 1739 1952 1790 possit

216 1810 330 1850 credi
352 1809 432 1850 fide
455 1810 615 1855 divina:
651 1809 763 1851 aliud
786 1821 881 1850 eam
905 1822 998 1850 esse
1026 1810 1356 1851 credendam
1390 1822 1466 1851 seu
1497 1822 1607 1862 quae
1639 1810 1793 1850 debeat
1824 1810 1950 1853 credi.

214 1879 280 1921 Ad
302 1881 402 1921 illud
426 1880 588 1930 suflicit,
610 1886 656 1922 ut
679 1882 834 1922 veritas
858 1882 909 1922 sit
931 1881 1120 1922 revelata
1142 1881 1435 1933 habeaturque
1457 1880 1670 1921 sufficiens
1693 1881 1745 1921 de
1769 1880 1859 1932 ejus
1882 1892 1949 1921 re-

215 1951 427 1993 velatione
449 1953 620 2000 notitia;
654 1965 750 1992 cum
783 1953 895 1993 enim
926 1952 1008 1992 hoc
1036 1964 1137 1993 casu
1160 1952 1301 1992 adsint
1323 1952 1535 2004 objectum
1561 1951 1780 1992 materiale
1803 1957 1843 1991 et
1867 1950 1951 1991 for-

215 2022 326 2063 male
349 2027 390 2063 et
412 2022 622 2063 sufficiens
636 2024 856 2076 utriusque
879 2023 1105 2075 applicatio
1129 2034 1205 2063 seu
1228 2023 1372 2063 omnia
1395 2022 1449 2062 ad
1471 2022 1597 2063 fidem
1619 2022 1835 2074 requisita,
1858 2021 1951 2061 elici

215 2094 369 2145 poterit
390 2098 511 2134 actus
535 2093 641 2136 fidei.
674 2094 738 2134 Ad
753 2094 933 2134 alterum
949 2095 1176 2146 requiritur
1191 2094 1320 2135 etiam
1342 2094 1493 2134 notitia
1516 2093 1759 2133 intentionis
1783 2092 1950 2133 divinae

214 2177 294 2205 nos
315 2163 379 2220 {ad
403 2165 661 2205 credendum
686 2165 923 2216 obligantis,
956 2177 1065 2217 quae
1096 2165 1278 2206 habetur
1310 2177 1360 2206 eo
1394 2165 1498 2216 ipse,
1531 2164 1644 2217 quod
1667 2163 1870 2204 revelatio
1894 2162 1948 2203 ad

214 2247 293 2275 nos
316 2236 560 2276 immediate
592 2236 658 2276 vel
690 2236 872 2277 mediate
905 2237 1113 2288 dirigitur:
1149 2236 1337 2289 alioquin
1370 2248 1458 2276 non
1491 2240 1686 2276 tenemur
1720 2234 1948 2286 positivum

214 2304 310 2346 fidei
341 2311 484 2346 actum
516 2306 681 2354 elicere.
714 2308 908 2359 quamvis
939 2319 1157 2360 nunquam
1180 2307 1304 2348 liceat
1327 2306 1426 2347 illud
1457 2317 1671 2358 respuere,
1703 2317 1799 2346 cum
1832 2304 1872 2344 id
1904 2304 1947 2344 in

215 2388 388 2428 gravem
409 2376 484 2417 Dei
507 2377 678 2418 cederet
700 2378 911 2430 injuriam.
1668 2370 1671 2372 ’

336 2458 430 2491 502.
454 2451 604 2495 Quibus
626 2453 851 2500 pra-emissis
875 2453 923 2489 ad
944 2454 1178 2501 quaestiones
1194 2453 1454 2500 particulares
1478 2452 1794 2499 respondeamus.

333 2507 374 2550 l.
410 2510 450 2547 Si
479 2511 684 2558 quaeritur
717 2523 906 2559 quaenam
946 2512 1130 2548 veritates
1171 2510 1415 2548 constituant
1448 2511 1646 2558 objectum
1677 2510 1768 2546 fidei
1800 2512 1947 2546 mate-

213 2568 364 2614 riale,
399 2570 690 2617 respondemus,
722 2570 907 2607 veritates
939 2582 1069 2607 omnes
1099 2570 1314 2607 formaliter
1346 2569 1424 2606 sive
1453 2570 1633 2618 explicite
1655 2570 1735 2606 sive
1757 2568 1949 2616 implicite

213 2628 412 2666 revelatas.
456 2628 651 2672 Quaenam
683 2629 832 2666 censeri
862 2629 1013 2677 possint
1045 2629 1272 2673 forma-liter,
1307 2629 1374 2665 sed
1400 2628 1659 2677 implicite
1680 2629 1862 2672 revelata,
1887 2639 1947 2663 ac-

214 2690 346 2724 curate
368 2691 569 2724 recensent
591 2687 730 2724 fratres
752 2688 1092 2725 Walenburch
1124 2688 1298 2724 examine
1321 2687 1377 2723 ΠΙ
1409 2687 1455 2724 de
1477 2688 1642 2736 princip.
1665 2688 1841 2724 catholic.
1867 2684 1885 2728 ἓ
1912 2692 1946 2725 3.

214 2745 301 2782 Huc
323 2748 500 2795 spectant
520 2746 781 2795 proprietates
802 2747 866 2783 vel
886 2750 1016 2795 partes
1038 2747 1278 2792 essentiales,
1303 2759 1401 2794 quae
1425 2750 1519 2783 sunt
1540 2747 1586 2783 de
1608 2746 1768 2784 notione
1784 2746 1948 2793 alicujus

213 2804 292 2849 rei,
325 2805 532 2842 correlata:
564 2805 619 2842 ita
642 2805 675 2842 si
696 2806 912 2842 revelatum
938 2808 996 2842 est
1018 2805 1060 2842 in
1082 2805 1227 2842 divinis
1249 2818 1333 2843 esse
1354 2805 1510 2851 Filium,
1544 2807 1761 2843 revelatum
1784 2808 1843 2841 est.
1865 2815 1948 2841 esse

215 2866 254 2900 et
275 2864 450 2907 Patrem3
474 2865 629 2913 negatio
652 2876 796 2904 eorum.
831 2877 929 2912 quae
961 2863 1261 2901 contradictorie
1283 2868 1554 2913 opponuntur;
1586 2865 1643 2902 ita
1665 2864 1696 2901 si
1719 2867 1777 2901 est
1800 2863 1947 2900 revela-

213 2924 312 2967 tum,
345 2925 494 2971 septem
525 2935 606 2960 esse
637 2927 888 2967 sacramenta,
920 2923 1136 2960 revelatum
1169 2926 1227 2960 est
1248 2935 1325 2960 non
1348 2935 1429 2960 esse
1453 2924 1529 2961 duo
1551 2926 1708 2960 tantum
1732 2926 1824 2962 etc.:
1856 2934 1946 2970 pro-

214 2981 428 3029 positiones
450 2981 718 3029 particulares,
751 2994 770 3019 θ
793 2982 937 3030 quibus
971 2982 1203 3019 universalis
1226 2982 1423 3019 coalescit-z
1456 2983 1513 3019 ita
1535 2995 1622 3020 cum
1645 2982 1861 3018 revelatum
1883 2980 1946 3026 sit,

214 3041 408 3088 apostolos
431 3052 563 3077 omnes
585 3041 774 3088 accepisse
798 3041 990 3089 Spiritum
1012 3053 1052 3085 s.‚
1074 3041 1291 3078 revelatum
1313 3044 1373 3078 est
1395 3041 1511 3078 etiam
1535 3041 1721 3078 Mathiam
1753 3054 1810 3088 ap.
1833 3040 1946 3077 illum

214 3099 415 3146 accepisse.
460 3098 894 3149 Cf.Denzinge1·H‚
922 3100 1287 3143 511;Mazzella
1309 3101 1343 3137 d.
1371 3105 1391 3138 2
1416 3113 1448 3136 a.
1472 3107 1507 3140 9.
