2175 3382
263 118 342 158 132
645 113 765 146 'si-act.
787 112 827 146 ll.
848 113 899 147 De
917 113 1129 148 traditione.
1149 113 1276 148 Thesis
1295 114 1422 149 XXIII.
1445 116 1604 149 Medium

253 234 411 271 ciui-erit
435 247 491 279 ea,
515 246 612 282 quac
637 234 685 271 ab
709 234 912 273 haereticis
935 236 1151 273 adinventa
1176 239 1280 277 sunt.
1318 237 1473 286 proprio
1497 249 1673 274 sermone
1705 250 1841 275 eorum
1874 237 1992 275 collo-

252 306 384 342 quens,
420 293 552 330 statim
591 293 866 332 concludentes
898 307 1011 332 aures
1044 295 1165 345 longo
1198 296 1355 345 longius
1388 296 1552 345 fugient.
1586 309 1633 333 ne
1665 296 1800 333 audire
1833 295 1990 344 quidem

251 352 489 389 sustinentes
513 352 783 400 blasphemum
807 354 1056 402 colloquium.
1105 355 1166 392 Sic
1203 367 1272 403 per
1295 355 1403 392 illam
1426 360 1597 392 veterem
1620 355 1886 403 apostolorum
1909 357 1990 392 tra-

251 411 450 455 ditionem,
484 424 531 448 ne
554 411 594 448 in
617 412 908 460 conceptionem
941 412 1099 460 quidem
1138 414 1282 451 mentis
1315 414 1529 451 admittunt
1563 414 1824 462 quodcunque
1857 426 1990 451 eorum

251 470 605 518 portentiloquium
629 474 698 507 est.
710 476 727 494 ยน

376 553 467 593 119.
493 550 661 591 Seaetum-
686 556 988 603 aryumentum,
1021 563 1105 603 quo
1128 552 1271 603 priora
1294 552 1526 593 luculenter
1548 551 1866 598 confirmantur,
1900 552 1993 604 ipsa

251 619 427 672 praebet
449 621 900 672 protestantismi
923 621 1110 664 historia.
1142 621 1315 674 Rejecta
1339 624 1449 664 enim
1474 623 1703 675 magisterii
1726 623 1991 670 auctoritate,

256 703 281 731 a
304 691 423 743 cujus
446 703 519 732 ore
544 691 756 743 pendeant
779 691 934 740 fideles,
957 692 1013 732 nil
1038 692 1151 733 aliud
1174 693 1381 746 reliquum
1404 693 1479 735 luit
1493 693 1838 746 protestantibus.
1861 705 1989 746 quam

255 760 480 814 confugere
513 762 567 802 ad
598 763 809 803 internam
845 763 1106 815 singulorum
1129 764 1448 816 inspirationem
1472 770 1513 806 et
1536 764 1826 806 omnimodam
1849 763 1990 817 Scrip-

251 837 440 872 turarum
471 833 827 885 perspicuitatem.
872 833 976 874 Cum
1010 846 1111 875 vero
1152 835 1394 876 tristissima
1425 835 1599 876 dissidia
1631 841 1671 876 et
1703 840 1915 877 sectarum
1948 835 1990 876 in

249 903 338 944 dies
362 902 652 955 multiplicatio
676 904 889 944 internam
912 904 1026 945 illam
1050 906 1372 957 inspirationem
1389 906 1461 962 (ab
1485 907 1729 947 authentico
1745 906 1989 959 magisterio

249 973 624 1029 independentem)
657 979 783 1027 atque
816 973 1058 1027 Scripturae
1090 976 1434 1028 perspicuitatem
1466 976 1711 1028 figmentum
1744 989 1838 1018 esse
1870 988 1989 1017 com-

247 1043 517 1096 probassent,
551 1046 688 1086 coacti
720 1050 819 1086 sunt
849 1047 1085 1088 concedere
1117 1052 1189 1088 aut
1221 1047 1317 1088 fidei
1338 1048 1545 1088 unitatem
1568 1059 1665 1089 esse
1684 1047 1987 1100 impossibilem

250 1115 430 1168 ideoque
452 1128 539 1157 non
561 1117 862 1166 necessariam,
893 1122 964 1158 aut
997 1118 1085 1159 sive
1107 1120 1294 1171 practice
1317 1119 1530 1172 modoque
1554 1118 1716 1171 agendi,
1748 1119 1836 1160 sive
1859 1119 1988 1159 etiam

249 1185 482 1227 theoretice
513 1187 664 1228 iterum
697 1187 936 1240 approbare
969 1194 1096 1242 atque
1129 1190 1308 1238 sancire,
1339 1202 1426 1230 non
1456 1190 1545 1230 sine
1569 1189 1792 1230 manifesta
1815 1193 1988 1230 contra-

248 1256 446 1305 dictione,
468 1257 719 1309 principium
755 1259 1030 1300 auctoritatis.
1074 1258 1167 1310 Qua
1190 1259 1242 1300 de
1265 1272 1310 1301 re
1334 1265 1501 1301 exstant
1523 1260 1889 1312 praeclarissimae
1912 1259 1987 1300 ad-

250 1328 536 1368 versariorum
560 1328 849 1370 confessiones
872 1334 912 1370 et
934 1331 1190 1380 testimonia,
1213 1343 1322 1383 quae
1343 1332 1445 1384 ipsis
1467 1331 1675 1384 expressit
1689 1331 1878 1372 veritatis
1901 1331 1987 1372 evi-

251 1398 393 1439 dentia
417 1403 458 1439 et
479 1398 544 1439 vel
567 1410 717 1440 sensus
739 1400 829 1452 ipse
852 1402 1090 1441 communis
1112 1402 1153 1457 1).

373 1490 463 1524 120.
487 1484 665 1522 Succedit
689 1486 858 1534 denique
890 1493 1159 1536 aryumentum
1189 1490 1403 1537 septimum,
1439 1488 1544 1537 quod
1577 1500 1622 1525 ex
1654 1487 1891 1525 universalis
1913 1487 1985 1525 Ec-

247 1543 382 1581 clesiae
404 1543 622 1592 primorum
645 1545 866 1582 seculorum
898 1546 1159 1596 suffragio
1191 1550 1271 1584 tam
1302 1547 1517 1585 theoretico
1549 1560 1666 1596 quam
1688 1547 1860 1596 practico
1882 1546 1985 1595 peti-

246 1615 342 1642 mus,
387 1602 588 1651 Quidquid
620 1604 723 1641 enim
755 1607 813 1642 est
843 1605 891 1642 de
921 1608 1081 1654 patrum
1112 1606 1358 1654 auctoritate,
1391 1609 1666 1655 protestantes.
1702 1606 1798 1654 quin
1830 1617 1982 1643 omnem

245 1661 477 1698 subvertant
500 1663 777 1700 certitudinem
799 1663 1035 1710 historicam,
1059 1677 1200 1714 negare
1222 1668 1437 1714 nequeunt,
1462 1678 1524 1703 eos
1540 1666 1680 1703 saltem
1695 1668 1815 1703 testes
1829 1677 1986 1702 veraces

245 1733 327 1757 esse
358 1721 467 1757 illius
502 1722 642 1771 agendi
677 1723 949 1772 sentiendique
983 1724 1159 1770 rationis,
1195 1737 1294 1772 quae
1329 1724 1502 1773 ipsorum
1537 1728 1714 1773 tempore
1750 1724 1792 1761 in
1813 1724 1986 1762 Ecclesia

245 1780 385 1829 viguit,
406 1780 507 1817 sicut
528 1793 571 1818 ex
595 1781 800 1827 Ciceronis,
833 1782 933 1819 Livii
955 1783 1201 1831 aliorumque
1223 1784 1458 1833 scriptorum
1479 1794 1730 1821 romanorum
1762 1783 1874 1820 libris
1905 1783 1983 1821 col-

244 1839 365 1888 ligere
388 1851 592 1887 possumus
615 1841 809 1878 sentiendi
828 1842 1066 1890 vivendique
1088 1843 1289 1887 rationem,
1327 1856 1426 1891 quae
1448 1843 1622 1892 ipsorum
1645 1846 1819 1891 tempore
1849 1842 1891 1878 in
1922 1854 1983 1879 re-

244 1898 404 1946 publica
425 1910 584 1935 romana
606 1899 796 1937 obtinuit.
839 1901 894 1937 Ex
917 1902 1113 1938 sentiendi
1134 1914 1225 1939 vero
1248 1902 1468 1951 agendique
1490 1902 1642 1939 ratione
1663 1901 1888 1950 primitivae
1910 1901 1982 1938 Ec-

245 1957 382 1994 clesiae
404 1957 547 1994 merito
565 1958 744 2006 judicare
766 1971 972 2007 possumus
995 1961 1042 1997 de
1065 1961 1270 1998 voluntate
1293 1961 1436 1998 Christi
1470 1961 1596 2009 deque
1627 1973 1744 1998 sensu
1774 1960 1982 1997 verborum

244 2016 381 2064 ipsius.
425 2016 500 2060 Qui
522 2017 624 2054 enim
649 2017 872 2063 affirmaret,
907 2019 1118 2057 Ecclesiam
1139 2020 1203 2056 vix
1225 2023 1358 2057 natam
1391 2024 1430 2058 et
1461 2033 1480 2058 e
1515 2020 1695 2057 manibus
1718 2019 1863 2057 Christi
1892 2031 1981 2067 pro-

244 2075 430 2113 deuntem
453 2075 635 2113 defecisse
657 2077 705 2114 ab
728 2078 949 2115 oeconomia
971 2078 1162 2116 divinitus
1184 2079 1380 2124 instituta,
1414 2091 1458 2117 eo
1480 2079 1564 2128 ipso
1587 2079 1837 2129 significaret,
1871 2077 1979 2115 Chri-

243 2137 349 2171 stum
370 2135 483 2172 illum
507 2147 590 2173 esse
612 2136 880 2182 architectum,
904 2149 1022 2185 quem
1043 2138 1125 2186 ipse
1146 2138 1395 2186 insipientiae
1409 2138 1551 2188 arguit,
1577 2138 1682 2186 quod
1696 2138 1857 2175 domum
1871 2149 1982 2174 suam

243 2206 321 2230 non
352 2207 469 2243 supra
501 2197 664 2242 petram,
699 2196 766 2233 sed
798 2208 915 2245 super
945 2209 1103 2234 arenam
1134 2197 1397 2234 aedificaverit
1429 2195 1585 2249 (Matth.
1611 2204 1647 2242 7,
1674 2195 1756 2246 24).
1801 2197 1982 2234 Ceterum

243 2265 341 2300 quae
364 2257 424 2290 est
444 2253 645 2290 temeritas
666 2255 932 2303 praetendere,
966 2259 1175 2293 novatores
1207 2268 1278 2293 sec.
1301 2256 1399 2295 XVI.
1431 2257 1572 2294 melius
1602 2256 1767 2301 novisse,
1799 2267 1898 2304 quae
1930 2255 1983 2292 sit

242 2311 434 2350 Ecclesiae
456 2313 698 2358 constitut-io,
723 2326 824 2362 quae
846 2315 1118 2364 propagandae
1141 2315 1339 2352 doct-rinae
1362 2315 1505 2353 Christi
1528 2315 1721 2352 divinitus
1735 2315 1857 2352 electa
1870 2326 1974 2352 oeco-

242 2371 382 2416 nomia,
409 2384 529 2419 quam
550 2375 681 2420 patres
703 2373 918 2421 primorum
943 2374 1175 2418 seculorum,
1201 2374 1270 2423 qui
1291 2374 1408 2412 fidem
1431 2375 1683 2412 christianam
1705 2373 1862 2423 scriptis
1884 2373 1979 2410 illu-

242 2430 370 2467 strant
393 2434 430 2467 et
454 2431 646 2480 sanguine
668 2431 896 2481 irrigarunt,
933 2433 1016 2470 sine
1039 2445 1207 2481 quorum
1229 2434 1455 2471 testimonio
1484 2435 1748 2483 protestantes
1781 2444 1852 2470 nec
1875 2431 1977 2469 Scri-

242 2491 397 2535 pturam
421 2490 546 2538 ipsam
567 2503 637 2527 nec
659 2491 848 2528 sinceram
868 2491 948 2528 fere
970 2492 1154 2529 notitiam
1169 2492 1215 2529 de
1231 2493 1381 2530 Christo
1396 2493 1560 2541 ejusque
1574 2492 1748 2530 Ecclesia
1763 2491 1979 2528 haberent?

242 2547 382 2585 Merito
405 2549 527 2598 igitur
561 2552 641 2586 tam
671 2550 893 2587 temerariis
927 2550 1152 2588 doctoribus
1186 2554 1362 2600 repetere
1396 2564 1603 2600 possumus
1638 2551 1756 2588 verba
1777 2550 1980 2596 'Fert-nl-

390 2663 412 2707 ยน)
421 2662 758 2697 Contradictionem
766 2664 878 2697 simili
889 2664 964 2697 fere
976 2664 1015 2697 in
1034 2665 1228 2709 causajam
1241 2665 1464 2699 manichaeis
1483 2664 1679 2708 exprobrat
1695 2662 1955 2708 Augustinu
1965 2674 1981 2695 s

242 2714 286 2748 de
303 2714 466 2749 utilitate
486 2717 579 2750 cred.
600 2728 629 2750 e.
650 2720 693 2750 14
711 2722 847 2761 (opusc.
866 2718 893 2753 t.
912 2716 998 2758 Vm.
1019 2717 1275 2752 Confessiones
1293 2728 1378 2752 vero
1405 2717 1583 2763 ejusmodi
1601 2716 1844 2751 candidorum
1860 2718 1981 2761 prote-

243 2767 433 2809 stantium,
454 2779 547 2811 quae
567 2780 697 2803 causae
715 2769 920 2803 catholicae
937 2781 1044 2804 verus
1062 2772 1149 2804 sunt
1165 2771 1387 2815 triumphus.
1406 2771 1542 2815 passim
1561 2771 1722 2814 reperies
1749 2769 1848 2814 apud
1874 2768 1980 2803 Het-

241 2821 411 2864 tinger
437 2821 544 2865 Apol.
569 2821 630 2855 des
659 2821 884 2856 Chi-istenth.
912 2824 939 2857 t.
958 2827 977 2857 2
995 2825 1093 2867 part.
1113 2827 1132 2857 2
1160 2823 1244 2857 diss.
1268 2827 1327 2863 17อพ
1352 2823 1568 2868 praesertim
1594 2823 1634 2856 in
1661 2825 1787 2857 annot.
1815 2820 1982 2866 subjecta

241 2873 421 2917 legendae
435 2874 523 2907 sunt
537 2874 657 2908 theses
677 2874 704 2907 L
714 2885 756 2908 es
767 2875 868 2920 sing
888 2874 1060 2909 adversus
1075 2875 1185 2910 Gotze
1198 2877 1372 2916 statutae,
1388 2875 1521 2919 quibus
1541 2875 1677 2908 invicte
1691 2873 1981 2919 protestantium

240 2925 423 2959 theoriam
442 2926 486 2960 de
504 2926 725 2960 sufficientia
742 2926 952 2971 Scripturae
969 2928 1172 2966 subvertit:
1192 2928 1212 2962 J
1225 2932 1245 2962 แฝ
1257 2941 1309 2974 rg
1329 2927 1551 2963 Geschichte
1571 2928 1631 2960 des
1651 2927 1978 2961 Protestantismus

240 2978 267 3018 I,
288 2981 355 3013 126
374 2991 436 3015 ss.:
465 2979 723 3025 Beleuchtung
750 2980 813 3014 der
830 2980 1065 3015 Vorurtheile
1092 2981 1206 3015 wider
1230 2982 1288 3016 die
1308 2981 1410 3015 kath.
1429 2980 1562 3014 Kirche
1588 2991 1661 3014 von
1688 2980 1807 3014 einem
1824 2981 1979 3025 protest.

240 3032 355 3066 Laien
381 3032 538 3073 Ziirichsโ
566 3032 707 3066 Luzern
728 3035 818 3068 1843
845 3035 871 3067 t.
894 3038 909 3068 1
929 3046 965 3078 p.
988 3037 1002 3067 1
1023 3045 1058 3078 p.
1079 3035 1123 3068 37
1142 3045 1208 3072 SS.อพ
1237 3034 1366 3077 Deby
1395 3034 1465 3067 Die
1489 3034 1569 3067 eine
1598 3033 1720 3067 wahre
1746 3033 1878 3066 Kirche
1897 3033 1916 3076 ฮพ
1935 3033 1976 3070 6อพ

240 3086 419 3121 Katholik
441 3089 541 3121 1894.
561 3087 587 3126 l,
608 3088 674 3121 295
696 3099 741 3121 SS.
