2175 3382
196 117 280 158 337ss
384 112 502 145 Tract.
523 111 582 145 Ill.
603 112 647 146 ‹le
668 113 839 156 primatu.
859 113 985 147 The-sis
1008 113 1165 148 LXXIV.
1188 114 1368 148 primatus
1388 117 1576 149 confertur
1596 116 1714 149 Petro.

195 232 338 275 larem.
371 230 513 272 Voluit
536 232 622 274 scil.
647 237 692 273 ut
714 233 822 273 inter
844 243 918 273 eos
942 232 1115 285 speciali
1130 233 1257 273 modo
1282 234 1483 285 pascendi
1506 239 1551 275 ut
1572 240 1791 287 pastorum
1814 236 1928 288 prin-

195 314 294 355 ceps
316 303 533 344 emineret.
577 303 751 344 Accedit
783 319 822 347 c.
858 303 1090 356 amplitudo
1125 303 1352 345 verborum
1375 318 1464 346 oves
1484 318 1619 346 meas:
1652 306 1769 358 atqui
1800 306 1928 347 etiam

194 373 376 425 apostoli
398 378 496 414 sunt
518 385 620 415 oves
643 373 809 423 Christi,
839 375 947 415 sicut
980 381 1078 416 sunt
1099 380 1243 427 partes
1266 375 1373 416 illius
1395 375 1620 426 Ecclesiae,
1651 387 1761 429 quae
1782 388 1930 429 super-

194 443 440 485 aedificatur
462 443 588 486 Petro
611 445 756 486 Matth.
776 449 839 490 16.
869 450 933 490 is.
970 445 1076 499 Ergo
1101 451 1142 487 et
1164 447 1243 498 ipsi
1266 446 1498 487 concrediti
1519 451 1618 488 sunt
1640 446 1777 489 Petro.
1809 446 1931 499 Quod

193 515 239 558 d.
263 514 489 557 confirmat
510 516 679 557 collatio
703 529 798 557 cum
823 516 918 557 Luc.
943 521 1010 565 22,
1035 521 1087 561 31
1114 531 1144 560 5.
1190 515 1232 558 Si
1266 518 1377 559 enim
1399 518 1587 570 fratrum
1609 519 1793 565 nomine,
1824 530 1931 571 quos

193 586 510 628 confirmandos
531 588 718 639 suscepit
739 587 900 636 Petrus,
924 587 1096 640 intelligi
1119 588 1276 629 debent
1298 589 1427 630 etiam
1451 589 1645 642 apostoli,
1667 590 1801 629 ovium
1823 601 1931 642 quo-

193 668 274 709 que
306 670 484 700 numero
519 659 646 700 iidem
680 658 1119 711 comprehenduntur:
1155 661 1338 711 pastoris
1370 660 1482 701 enim
1511 661 1694 701 maxime
1716 662 1932 713 proprium

193 732 257 768 est
279 728 534 770 confirmare
557 742 670 771 oves.

312 803 515 841 Praeclare
539 804 656 853 hujus
679 805 753 842 loci
777 805 857 841 vim
881 809 1038 842 enarrat
1062 820 1090 842 5.
1113 805 1411 843 Bernardus
1435 806 1481 842 ad
1505 806 1728 855 Eugenium
1748 806 1816 843 ΠΙ.
1839 806 1934 844 scri-

192 862 288 900 bens
324 862 371 899 de
393 863 542 900 consid.
566 863 616 905 II,
646 871 718 903 15:
753 890 770 907 »
783 863 878 908 Quis
910 866 977 901 es?
1011 864 1195 902 Sacerdos
1226 877 1403 914 magnus,
1438 877 1616 902 summus
1647 865 1833 914 pontifex.
1875 865 1935 903 Tu

191 921 371 970 princeps
393 922 679 971 episcoporum,
703 925 748 960 tu
772 923 883 960 heres
907 923 1196 972 apostolorum3
1218 926 1265 960 tu
1278 924 1451 972 primatu
1466 924 1577 968 Abel,
1601 924 1827 974 gubernatu
1840 924 1934 970 Noe,

191 981 461 1029 patriarchatu
483 982 690 1020 Abraham.
714 982 849 1020 ordine
871 982 1168 1027 Melchisedech,
1193 982 1386 1032 dignitate
1409 985 1551 1028 Aaron,
1576 984 1813 1021 auctoritate
1826 984 1935 1033 Moy·

193 1051 267 1083 ses,
286 1039 467 1088 judicatu
490 1040 659 1086 Samuel,
682 1043 879 1090 potestate
902 1042 1056 1087 Petrus,
1092 1041 1280 1079 unctione
1305 1042 1495 1080 Christus.
1539 1042 1598 1079 Tu
1629 1055 1679 1087 es,
1711 1042 1776 1080 cui
1807 1043 1936 1080 claves

192 1099 372 1148 traditae,
397 1099 460 1137 cui
481 1111 573 1137 oves
597 1100 770 1138 creditae
793 1103 897 1138 sunt.
934 1101 1035 1138 Sunt
1057 1101 1218 1150 quidem
1241 1103 1281 1153 et
1303 1101 1370 1138 alii
1393 1101 1491 1138 coeli
1508 1101 1703 1150 janitores
1718 1104 1758 1139 et
1771 1114 1937 1152 gregum

191 1160 387 1207 pastores:
411 1159 477 1196 sed
498 1161 545 1196 tu
566 1161 677 1197 tanto
699 1160 923 1209 gloriosius,
947 1163 1096 1209 quanto
1119 1163 1158 1198 et
1181 1160 1426 1198 differentius
1447 1163 1664 1208 utrumque
1687 1174 1780 1209 prae
1795 1161 1936 1198 ceteris

192 1229 334 1255 nomen
356 1218 597 1256 hereditasti.
641 1219 798 1256 Habent
821 1219 882 1256 illi
906 1219 1125 1268 assignatos
1159 1232 1309 1269 greges,
1342 1219 1492 1269 singuli
1524 1219 1708 1269 singulos,
1741 1219 1816 1257 tibi
1846 1220 1937 1257 uni-

191 1276 291 1314 versi
314 1277 464 1321 crediti,
486 1278 558 1315 uni
579 1291 693 1316 unus.
737 1279 817 1316 Nec
839 1279 953 1317 modo
978 1279 1120 1322 ovium,
1155 1279 1221 1316 sed
1254 1282 1294 1316 et
1314 1281 1517 1328 pastorum
1547 1282 1594 1316 tu
1626 1291 1729 1316 1111115
1760 1279 1937 1317 omnium

191 1337 338 1383 pastor.
382 1336 491 1374 Unde
514 1336 555 1374 id
577 1338 739 1386 probem
761 1338 942 1387 quaeris‘.>
965 1350 1009 1375 ex
1032 1338 1150 1375 verbo
1173 1338 1354 1381 Domini;
1377 1338 1439 1375 cui
1454 1338 1570 1383 enim,
1593 1350 1673 1376 non
1687 1337 1773 1376 dico
1792 1338 1937 1387 episco-

191 1407 341 1442 porum,
367 1396 432 1433 sed
455 1396 574 1434 etiam
596 1398 862 1445 apostolorum
885 1397 939 1434 sic
961 1397 1139 1435 absolute
1173 1400 1212 1435 et
1233 1397 1446 1434 indiscrete
1467 1399 1575 1435 totae
1597 1397 1824 1435 commissae
1845 1399 1938 1435 sunt

192 1456 309 1492 oves?
331 1457 365 1492 si
386 1467 442 1492 me
464 1468 588 1505 amas,
614 1455 732 1501 Peire,
753 1469 867 1505 pasce
890 1469 971 1494 oves
993 1467 1109 1494 meas.
1155 1455 1291 1501 Quas?
1325 1456 1434 1494 illius
1457 1456 1520 1494 vel
1542 1456 1650 1494 illius
1673 1456 1847 1494 civitatis
1869 1468 1938 1506 po-

191 1513 305 1562 pulos
328 1517 398 1552 aut
419 1515 594 1564 regionis
617 1518 686 1553 aut
717 1516 816 1553 certi
838 1516 980 1565 regni?
1012 1528 1094 1553 oves
1114 1528 1227 1562 meas,
1266 1515 1410 1564 inquit.
1452 1515 1523 1553 Cui
1543 1528 1623 1553 non
1652 1516 1827 1565 planum,
1859 1526 1939 1553 non

192 1576 416 1626 designasse
449 1575 612 1624 aliquas,
651 1575 719 1613 sed
753 1575 972 1625 assignasse
1005 1577 1166 1612 omnes?
1197 1575 1307 1612 Nihil
1339 1574 1545 1623 excipitur,
1576 1575 1646 1612 ubi
1678 1574 1940 1625 distinguitur

191 1635 331 1672 nihil«
373 1635 477 1684 Ergo
501 1634 678 1672 Christus
713 1635 895 1683 princeps
926 1636 1131 1683 pastorum
1157 1635 1242 1683 jam
1273 1646 1502 1671 ascensurus
1533 1634 1574 1671 in
1605 1634 1757 1672 coelum
1777 1634 1938 1671 Petrum

191 1695 254 1732 hic
274 1694 456 1732 instituit
480 1706 596 1732 suum
618 1694 823 1738 vicarium,
847 1694 916 1742 qui
938 1694 1135 1743 primatus
1149 1693 1423 1743 praerogativa
1436 1693 1645 1731 excelleret
1658 1693 1939 1731 inuniversam

191 1754 414 1792 Ecclesiam.
469 1753 581 1798 Quod
615 1753 881 1803 significanter
916 1765 1146 1802 expressum
1177 1753 1349 1802 legimus
1383 1752 1427 1789 in
1461 1752 1637 1802 catalogo
1677 1752 1939 1790 liberiano

193 1812 283 1865 ¹(sec.
308 1812 372 1850 IV.
395 1812 527 1857 medii,
562 1813 595 1849 si
618 1825 696 1850 non
718 1812 811 1850 anni
837 1810 958 1864 234):
995 1813 1243 1860 „imperante
1274 1812 1432 1849 Tiberio
1457 1812 1615 1849 Caesare
1646 1823 1784 1861 passus
1814 1813 1875 1849 est
1894 1811 1940 1851 D.

192 1873 239 1909 N.
261 1872 298 1911 J.
323 1872 504 1910 Christus
528 1872 682 1909 duobus
705 1872 879 1909 Geminis
904 1883 999 1909 coss.
1023 1871 1125 1909 VIII.
1150 1871 1235 1908 Kal.
1259 1872 1351 1919 Apr.
1375 1873 1414 1908 et
1435 1873 1526 1919 post
1549 1883 1754 1908 ascensum
1775 1871 1861 1920 ejus
1874 1870 1941 1908 bb.

192 1932 331 1969 Petrus
354 1931 621 1981 episcopatum
644 1930 855 1979 suscepit<<

316 2020 411 2054 359.
435 2010 679 2055 Scholion.
704 2013 745 2050 Si
767 2016 897 2062 patres
919 2014 1154 2062 quandoque
1187 2013 1279 2051 haec
1312 2013 1431 2050 verba
1462 2012 1509 2050 ad
1540 2013 1713 2061 reliquos
1744 2012 1941 2062 apostolos

192 2076 445 2121 pastoresque
467 2073 698 2118 extendunt,
731 2072 868 2110 inferri
889 2074 1096 2122 propterea
1118 2072 1270 2121 nequit,
1307 2085 1351 2110 ea
1387 2072 1583 2120 pertinere
1617 2072 1664 2109 ad
1697 2072 1788 2109 illos
1823 2083 1942 2109 sensu

194 2131 420 2170 immediato
442 2134 481 2169 et
503 2132 660 2177 literali,
683 2132 748 2169 vel
770 2131 905 2169 eadem
928 2144 1067 2169 sensus
1081 2131 1356 2181 plenitudine:
1381 2130 1576 2180 siquidem
1592 2132 1770 2180 spectant
1783 2130 1832 2168 ad
1845 2131 1942 2168 alios

191 2193 379 2240 pastores,
404 2191 472 2229 sed
495 2203 540 2228 ea
561 2193 719 2229 tantum
740 2191 903 2237 ratione,
928 2204 1046 2239 quam
1069 2203 1188 2239 supra
1210 2190 1415 2228 innuimus
1438 2187 1492 2242 (n.
1511 2188 1625 2242 355),
1649 2192 1845 2239 quatenus
1858 2190 1941 2227 scil.

193 2251 334 2288 Petrus
356 2253 478 2300 typus
501 2252 540 2287 et
561 2253 859 2299 repraesentans
882 2252 941 2287 est
963 2250 1143 2287 omnium
1163 2250 1380 2299 pastorum,
1416 2249 1485 2298 qui
1506 2249 1549 2286 in
1569 2250 1724 2298 partem
1745 2249 1830 2298 ejus
1863 2249 1941 2287 sol-

193 2309 414 2347 licitudinis
436 2313 648 2347 vocantur:
672 2310 817 2347 idcirco
839 2309 945 2346 enim
967 2308 1084 2346 etiam
1106 2309 1189 2346 illis
1213 2309 1464 2357 aliquatenus
1478 2308 1612 2346 eadem
1626 2307 1823 2358 applicare
1837 2308 1941 2346 licet.

193 2369 329 2417 Neque
352 2369 468 2406 etiam
490 2369 626 2406 inferri
647 2371 790 2418 potest,
831 2368 994 2406 eandem
1016 2368 1175 2405 omnino
1208 2380 1291 2405 esse
1312 2367 1423 2405 Petri
1455 2369 1754 2416 ceterorumque
1785 2368 1941 2416 aposto·
1992 2418 1997 2419 .

194 2428 323 2465 lorum
344 2428 409 2465 vel
430 2432 633 2476 pastorum
654 2430 914 2477 potestatem:
938 2427 1006 2465 sed
1026 2429 1186 2465 tantum
1208 2427 1298 2465 illos
1319 2427 1411 2476 plus
1433 2426 1615 2464 minusve
1636 2426 1873 2476 participare
1894 2426 1942 2463 de

194 2486 263 2524 illa
283 2489 488 2535 potestate,
525 2488 638 2535 cujus
660 2487 864 2537 plenitudo
886 2499 1066 2524 concessa
1098 2488 1160 2532 est
1180 2487 1298 2524 Petro
1330 2498 1476 2535 ,quem
1507 2485 1718 2523 constituit
1737 2485 1940 2531 Dominus,

193 2548 240 2582 ut
271 2546 410 2583 scribit
440 2558 467 2586 5
490 2546 791 2584 Bernardus
823 2559 882 2595 ep.
909 2552 989 2586 238
1026 2546 1074 2583 ad
1097 2545 1322 2595 Eugenium
1343 2545 1412 2582 III.
1435 2558 1474 2582 n.
1498 2551 1534 2590 4,
1569 2544 1773 2581 dominum
1803 2543 1942 2582 domus

194 2616 286 2642 suae
319 2608 357 2642 et
391 2605 611 2654 principem
633 2606 760 2642 omnis
791 2605 1052 2654 possessionis
1086 2610 1219 2642 511110.α
1262 2605 1371 2642 Neve
1405 2604 1495 2652 quis
1525 2605 1642 2653 putet
1675 2602 1780 2640 hisce
1809 2603 1940 2641 verbis

194 2664 310 2701 Petro
333 2664 597 2713 apostolatum
626 2665 732 2701 trina
762 2664 972 2714 negatione
1003 2664 1192 2701 amissum
1223 2677 1245 2701 a
1278 2664 1432 2701 Christo
1463 2662 1585 2700 fuisse
1614 2662 1941 2700 restitutum.

194 2723 294 2760 Nam
317 2723 495 2771 quamvis
518 2735 563 2760 ex
585 2723 782 2761 sententia
803 2726 964 2773 patrum
986 2723 1128 2761 idcirco
1150 2723 1314 2760 Petrum
1338 2722 1516 2760 Christus
1537 2724 1599 2758 ter
1613 2721 1660 2759 de
1674 2733 1805 2759 amore
1817 2721 1940 2759 inter-

194 2781 401 2831 rogaverit,
425 2784 472 2819 ut
493 2782 635 2819 trina
658 2782 898 2820 confessione
929 2782 1124 2819 trinam
1154 2783 1354 2831 repararet
1385 2781 1657 2830 negationem:
1687 2782 1821 2818 tamen
1850 2792 1941 2829 pro-

192 2841 278 2878 bari
299 2841 438 2889 nequit
462 2837 502 2880 1.
526 2842 687 2878 Petrum
708 2841 813 2879 trina
835 2841 1042 2891 negatione
1065 2841 1241 2878 amisisse
1255 2840 1540 2890 apostolatum3
1563 2839 1684 2888 hujus
1698 2839 1804 2877 enim
1818 2838 1939 2877 amis-

195 2899 316 2938 sionis
337 2900 496 2937 nullum
517 2902 643 2937 exstat
666 2900 878 2950 vestigium
910 2901 952 2937 in
974 2900 1120 2937 divinis
1142 2900 1283 2937 literis.
1326 2899 1476 2936 Deinde
1497 2896 1541 2938 2.
1565 2899 1655 2936 dato
1687 2897 1806 2936 etiam
1836 2898 1942 2947 quod

195 2960 338 2997 Petrus
360 2959 476 2996 illum
498 2958 682 3003 amiserit,
707 2972 796 2996 eum
813 2960 897 3007 jam
917 2959 1065 2996 iterum
1087 2961 1288 3007 receperat
1310 2958 1352 2995 in
1372 2957 1499 3007 prima
1520 2957 1764 3007 apparitione
1785 2960 1940 3006 aposto-

196 3015 246 3054 lis
268 3018 514 3068 congregatis
534 3018 646 3062 facta,
671 3030 760 3055 cum
781 3018 863 3055 11115
886 3018 1063 3055 Christus
1085 3018 1204 3055 dixit:
1232 3017 1341 3055 Sicut
1365 3017 1466 3054 misit
1490 3029 1547 3054 me
1561 3017 1688 3063 Pater,
1713 3021 1746 3053 et
1759 3028 1822 3066 eqo
1836 3017 1941 3053 mitto

199 3089 269 3114 ros.
314 3079 484 3126 Accipite
506 3077 696 3126 Spiritum.
718 3082 891 3114 sancium
915 3079 986 3114 etc.
1010 3076 1122 3114 Joan.
1150 3083 1216 3122 20,
1246 3082 1311 3116 21.
