2175 3382
0 1341 215 1614 ἓν

0 2318 211 2365 Qssss-ssss

0 2366 209 2411 W

244 109 320 148 1403
457 100 574 133 'frat-t.
598 99 636 132 ll.
658 98 707 132 Dc
727 98 936 133 traditione.
954 98 1081 131 'rhesis
1102 97 1226 131 xxiv.
1247 96 1356 132 XXV.
1381 96 1526 130 Pati-um
1546 106 1743 130 consensus

236 219 406 260 Aeterni
439 217 575 258 Patris
608 221 645 259 4.
679 216 780 268 Aug.
807 220 932 263 1379,
968 217 1073 256 sicut
1111 216 1163 256 ad
1197 215 1409 256 Ecclesiae
1441 214 1729 255 defensionem
1761 217 1970 266 martyres

236 290 497 336 fortissimos,
530 299 709 340 magnae
733 288 902 328 animae
927 287 1140 339 prodigos.
1171 291 1321 326 contra
1354 290 1631 338 tyrannorum
1653 283 1872 325 saevitiam
1896 295 1968 324 ex-

235 360 398 400 citavit:
422 360 478 399 ita
501 358 762 410 philosophis
778 358 868 398 falsi
886 357 1069 397 nominis
1086 362 1157 396 aut
1174 356 1397 396 haereticis
1412 355 1525 395 viros
1539 355 1748 407 sapientia
1760 353 1969 394 maximos

235 431 401 483 objecit,
433 430 502 482 qui
534 429 817 470 revelatarum
852 428 1076 468 veritatum
1110 427 1355 467 thesaurum
1389 426 1517 467 etiam
1549 425 1724 466 rationis
1755 424 1969 464 humanae

234 501 446 553 praesidio
471 505 723 540 tuerentur·
774 498 889 549 Quos
912 502 1139 550 propterea
1162 499 1290 538 etiam
1314 496 1501 537 Ecclesia
1534 496 1575 536 in
1609 496 1696 536 suis
1717 493 1969 535 definitioni-

234 573 313 614 bus
336 571 431 613 fidei
453 571 572 624 sequi
596 569 771 611 solebat.
815 569 942 621 Atqui
973 569 1007 609 si
1040 572 1183 620 patres
1215 568 1296 608 hoc
1330 566 1681 620 quadruplici
1713 565 1842 606 modo
1864 576 1968 606 con-

234 643 486 689 siderantur,
509 641 643 694 quivis
667 640 786 680 facile
810 639 1021 690 intelliget,
1057 638 1224 679 illorum
1247 650 1459 679 consensu
1482 637 1754 678 traditionem
1778 636 1968 677 innotes-

234 725 341 755 cere.
383 711 529 765 Neque
553 723 738 763 unquam
763 710 845 751 alia
877 711 950 750 t'uit
979 710 1198 750 christiani
1220 709 1404 750 nominis
1426 709 1647 761 persuasio
1670 707 1905 748 theoretice
1928 711 1971 748 et

236 784 421 836 practice
444 782 723 823 manifestata.
766 781 815 821 Et
843 782 1054 833 practic
1068 793 1090 822 e
1119 780 1300 833 quidem,
1323 792 1419 821 cum
1441 785 1528 820 tam
1544 779 1722 821 concilia
1743 791 1870 831 quam
1892 778 1970 820 Ec-

235 855 389 896 clesiae
417 854 614 893 doctores
649 852 849 904 dogmata
885 851 977 892 fidei
1014 852 1096 892 hoc
1131 863 1342 892 consensu
1374 851 1618 904 probarent,
1655 850 1968 891 haereticorum

234 938 336 967 vero
361 925 580 977 opiniones
604 923 857 963 damnarent
884 927 1057 974 propter
1088 934 1234 963 earum
1268 934 1294 963 a
1326 926 1493 974 patrum
1525 921 1717 962 unanimi
1747 921 1968 973 conspira-
2014 917 2019 920 ’

236 997 350 1038 tione
373 996 623 1041 dissensum,
646 999 691 1035 ut
712 995 870 1046 passim
893 993 1130 1034 videbimus
1153 993 1220 1048 (cf.
1246 1006 1284 1036 n.
1312 993 1423 1049 116).
1450 993 1778 1034 Theoretice
1800 1004 1846 1033 se
1869 1003 1968 1044 pro-

235 1067 337 1107 didit
359 1067 447 1107 sive
471 1066 745 1107 anathemate
769 1065 882 1106 dicto
905 1066 948 1106 in
975 1077 1062 1115 eOS,
1093 1066 1163 1118 qui
1194 1069 1363 1118 patrum
1386 1065 1686 1106 auctoritatem
1709 1068 1969 1116 spernerent.

233 1138 320 1178 sive
343 1137 501 1178 diserta
523 1136 798 1177 conciliorum
822 1136 1096 1188 professione.
1129 1148 1212 1188 qua
1235 1140 1456 1185 testantur,
1491 1147 1536 1177 se
1564 1136 1606 1176 in
1629 1135 1827 1176 omnibus
1850 1135 1970 1188 sequi

232 1212 399 1260 patrum
423 1207 671 1250 doctrinam,

283 1296 313 1336 Ι(
352 1306 432 1343 Hoc
445 1305 654 1354 profitetur
668 1305 874 1342 concilium
897 1305 1201 1356 ephesinum
1223 1303 1279 1357 (n.
1300 1311 1373 1345 121
1388 1303 1444 1357 ⁴);
1469 1305 1637 1354 episcopi
1653 1306 1695 1341 in
1710 1316 1814 1342 conc.
1837 1304 1968 1341 chal-

232 1378 278 1403 ce
290 1365 511 1403 [lonensi
534 1364 801 1401 definitionem
824 1364 945 1401 edunt
969 1361 1143 1415 (Mansi
1165 1364 1248 1410 VII,
1279 1372 1291 1405 ]
1311 1361 1376 1416 16)
1400 1367 1608 1413 sequentes
1641 1376 1691 1402 ss.
1724 1366 1857 1412 patres
1879 1375 1968 1412 per-

233 1437 390 1462 suasum
413 1424 612 1467 habentes,
638 1435 790 1471 semper
813 1449 830 1466 »
842 1423 957 1460 licere
972 1423 1230 1472 ambiguitate
1246 1424 1489 1472 quaestionis
1505 1426 1648 1469 exorta,
1672 1426 1826 1472 patrum
1842 1423 1967 1460 inter-

230 1483 515 1532 pretationibus
529 1489 702 1519 nostram
719 1482 1005 1520 accommodare
1021 1482 1314 1528 confessionem,
1336 1495 1380 1520 ac
1396 1482 1544 1528 docere,
1568 1482 1674 1532 quod
1695 1482 1737 1519 in
1750 1482 1862 1519 nullo
1889 1481 1968 1519 dis·

231 1543 383 1580 cordem
404 1541 689 1590 intelligentiae
712 1554 847 1579 eorum
871 1541 1129 1579 detulerimus
1152 1541 1337 1586 animum,
1370 1542 1436 1579 sed
1457 1542 1516 1579 his
1539 1546 1699 1579 utamur
1718 1541 1890 1579 testibus
1921 1541 1967 1578 ad

230 1604 386 1639 nostrae
408 1601 498 1638 fidei
522 1600 894 1645 confir-mationem‚<³
930 1613 1098 1649 eumque
1134 1602 1229 1649 „qui
1252 1604 1410 1650 patrum
1432 1601 1620 1650 depravat
1649 1600 1966 1650 intelligentiam,

228 1660 576 1709 praevaricationis
600 1659 784 1696 exsistere
806 1672 917 1696 reum
943 1658 1011 1711 (ib.
1032 1674 1070 1709 p,
1095 1657 1238 1712 464).<K
1282 1660 1391 1698 Cone.
1414 1661 1684 1698 lateranen
1698 1672 1747 1697 se
1768 1659 1841 1697 sub
1863 1659 1966 1697 Mar-

228 1720 313 1757 tino
337 1720 366 1756 I.
387 1717 434 1771 (a.
461 1716 562 1769 649)
586 1731 667 1757 can.
695 1726 742 1758 17
769 1719 931 1756 statuit:
965 1719 1034 1762 „Si
1055 1719 1145 1768 quis
1168 1719 1382 1756 secundum
1415 1732 1463 1758 ss.
1485 1722 1618 1768 patres
1649 1732 1729 1757 non
1759 1718 1969 1756 confitetur

228 1779 383 1828 proprie
407 1782 446 1815 et
469 1778 684 1815 secundum
706 1778 913 1815 veritatem
935 1778 1076 1821 omnia,
1100 1791 1199 1827 quae
1222 1779 1367 1815 tradita
1388 1781 1481 1815 sunt
1503 1782 1543 1816 et
1563 1778 1784 1827 praedicata
1812 1780 1968 1815 sanctae

231 1837 439 1875 catholicae
463 1840 502 1874 et
524 1837 756 1885 apostolicae
780 1837 848 1873 Dei
872 1837 1078 1881 Ecclesiae,
1102 1837 1346 1886 perindeque
1368 1851 1389 1874 a
1413 1850 1463 1875 ss.
1485 1838 1665 1886 patribus
1680 1840 1721 1875 et
1733 1836 1966 1875 venerandis

230 1896 518 1934 universalibus
540 1896 715 1944 quinque
738 1895 911 1933 conciliis
932 1909 1058 1943 usque
1080 1896 1127 1933 ad
1150 1909 1274 1934 unum
1306 1897 1455 1945 apicem
1484 1897 1601 1934 verbo
1632 1900 1672 1934 et
1701 1898 1844 1941 mente,
1875 1908 1967 1933 con-

231 1955 438 1992 demnatus
462 1955 552 1992 sit«
598 1952 1145 2006 SfflmfflQQt
1167 1956 1336 2004 legimus
1359 1958 1432 1995 act.
1457 1962 1493 2000 4,
1518 1934 1891 2000 dixitQDivinitus
1906 1967 1967 1992 so-

230 2014 412 2051 nantium
435 2016 590 2062 patrum
615 2014 812 2051 doctrinae
834 2026 902 2050 nos
925 2017 1175 2051 correxerunt
1211 2011 1360 2063 (plures
1383 2015 1487 2051 enim
1509 2015 1680 2063 episcopi
1708 2014 1821 2063 prius
1851 2016 1967 2063 puta-

230 2075 369 2110 verant
390 2085 436 2110 ss.
459 2072 651 2121 imagines
683 2085 767 2109 esse
797 2070 1099 2124 1·eprobandas)!
1133 2073 1187 2110 Ex
1219 2074 1316 2121 ipsis
1349 2074 1574 2111 haurientes
1605 2074 1811 2111 veritatem
1841 2072 1969 2121 potati

233 2134 390 2169 sumus!
415 2131 489 2168 Eos
513 2133 722 2179 sequentes
744 2131 990 2169 mendacium
1014 2133 1209 2180 persecuti
1231 2135 1388 2169 sumus!
1412 2133 1472 2169 Ab
1496 2133 1551 2169 eis
1575 2132 1702 2170 edocti
1725 2132 1968 2170 venerabiles

232 2191 419 2240 imagines
441 2190 666 2228 salutamus.
710 2191 845 2227 Patres
868 2191 1102 2239 praedicant.
1136 2190 1210 2228 filii
1240 2191 1487 2228 obedientiae
1520 2204 1657 2229 sumus
1690 2193 1729 2229 et
1760 2193 1969 2240 congratu-

231 2250 358 2287 lamur
379 2250 421 2286 in
443 2249 538 2286 facie
560 2249 698 2286 matris
719 2249 932 2287 traditione
954 2250 1147 2287 Ecclesiae
1163 2242 1384 2287 catholicae.
1449 2251 1561 2288 Conc.
1584 2263 1605 2288 o
1619 2250 1970 2288 ecumenicum

232 2309 334 2346 VIII.
358 2309 499 2346 statuit
520 2313 590 2346 act.
618 2316 667 2349 10
694 2321 774 2346 can.
803 2316 818 2348 1
837 2322 844 2345 :
870 2309 948 2352 „Ut
970 2312 1113 2346 rectam
1136 2309 1364 2358 regiamque
1387 2309 1542 2346 divinae
1559 2310 1739 2357 justitiae
1760 2310 1864 2346 viam
1888 2309 1970 2346 sine

231 2368 374 2405 erroris
397 2367 543 2404 offensa
565 2373 779 2412 teneamus,
804 2380 852 2404 ss.
874 2370 1032 2416 patrum
1055 2368 1210 2405 decreta
1231 2369 1341 2405 velut
1364 2368 1625 2406 inexstinctae
1656 2368 1844 2417 quaedam
1868 2380 1969 2405 sem-

230 2439 380 2475 perque
403 2427 579 2463 lucentes
602 2426 703 2463 faces
727 2427 925 2475 sequenda
947 2430 1050 2466 sunt.
1094 2427 1339 2476 Quapropter
1371 2427 1592 2465 sanctiones
1614 2428 1807 2465 Ecclesiae
1837 2427 1969 2465 catho-

232 2486 327 2522 licae
350 2489 390 2522 et
411 2485 645 2533 apostolicae
678 2498 745 2533 per
775 2485 1029 2523 traditionem
1060 2489 1147 2522 tum
1178 2499 1199 2523 a
1231 2498 1281 2523 ss.
1314 2487 1514 2536 apostolis,
1547 2490 1633 2524 tum
1667 2487 1714 2524 ab
1745 2486 1970 2524 orthodoxis

231 2544 564 2592 oecumenicisque
588 2546 625 2580 et
649 2544 952 2592 particularibus
974 2545 1148 2582 conciliis
1170 2548 1238 2582 aut
1253 2559 1274 2582 a
1288 2546 1427 2594 quovis
1441 2546 1621 2594 deiloquo
1635 2548 1746 2594 pat-re
1760 2548 1800 2582 et
1813 2545 1970 2582 doctore

230 2603 425 2640 Ecclesiae
462 2606 637 2651 acceptas
674 2603 882 2640 servandas
918 2604 1270 2652 custodiendasque
1305 2604 1546 2653 profitemur.
1590 2605 1835 2642 Traditiones
1867 2604 1971 2642 enim

232 2662 311 2699 sive
331 2674 402 2711 per
423 2673 638 2699 sermonem
662 2662 740 2699 sive
764 2675 832 2710 per
854 2663 1040 2711 epistolas
1063 2664 1252 2712 majorum
1276 2666 1512 2708 nostrorum,
1547 2664 1616 2712 qui
1638 2664 1741 2700 vitae
1763 2663 1971 2701 sanctitate

233 2721 347 2758 nobis
368 2721 661 2769 praeluxerunt,
685 2725 860 2769 acceptas
883 2722 1028 2759 diserte
1051 2734 1216 2772 magnus
1239 2723 1438 2771 apostolus
1459 2723 1608 2760 Paulus
1633 2720 1673 2774 (2
1692 2722 1824 2760 Thess.
1843 2728 1878 2765 2,
1900 2720 1969 2774 14)

231 2780 419 2817 tenendas
442 2782 614 2819 monet«

350 2874 673 2911 Luculentissime
696 2887 785 2911 vero
821 2874 867 2911 de
902 2875 971 2911 hoc
1007 2878 1239 2925 argumento
1271 2876 1448 2924 disputat
1468 2877 1541 2912 Au
1552 2875 1814 2924 gustinus.
1858 2876 1970 2914 Post-

237 2946 353 2981 quam
390 2932 496 2970 enim
527 2933 713 2970 adversus
735 2933 940 2970 Julianum
971 2947 1040 2982 pro
1071 2938 1230 2983 peccato
1260 2934 1444 2983 originali
1465 2935 1628 2971 Patrum
1659 2934 1874 2991 doctrinam
1903 2934 1970 2972 ad-

232 2992 356 3038 duxit,
390 2992 447 3029 ita
480 2991 692 3029 eorundem
725 2992 1000 3029 auctoritatem
1032 2994 1185 3030 extollit
1206 2994 1257 3038 II,
1289 3000 1335 3033 10
1359 3006 1395 3032 n.
1422 3000 1495 3033 37:
1530 2993 1630 3037 „Isti
1661 2994 1834 3042 episcopi
1865 2996 1970 3039 sunt,

233 3051 348 3096 docti,
371 3063 520 3100 graves,
546 3051 681 3095 sancti,
706 3051 883 3088 veritatis
907 3052 1084 3088 acerrimi
1107 3052 1326 3090 defensores
1350 3053 1535 3089 adversus
1567 3053 1745 3102 garrulas
1767 3052 1969 3097 vanitates,
