2175 3382
873 128 1073 162 Jacobeum
1095 129 1180 163 Gon.
1200 132 1255 171 49,
1280 134 1331 166 10.
1909 138 1961 178 51

236 256 250 288 1
280 246 344 301 (cf.
367 249 468 286 infra
489 261 526 287 11.
551 246 635 300 48).
658 249 746 285 Non
759 249 903 287 desunt
913 252 1046 286 tamen
1060 250 1129 298 qui
1143 251 1393 297 contendant,
1415 253 1624 301 genuinam
1650 254 1856 292 lectionem
1877 267 1962 292 esse

229 308 369 345 schelo.
394 307 568 355 Denique
582 304 630 347 ll.
647 307 751 355 quod
773 308 1140 357 attinetjiqqehath‚
1156 322 1272 357 quam
1289 322 1420 347 vocem
1435 311 1565 347 reddit
1580 313 1763 361 vulgatus
1774 313 1963 363 interpres

229 367 464 415 exspectatio,
476 366 734 416 Septuaginta
743 366 973 418 προδδοκία,
986 368 1130 416 poterit
1142 381 1185 404 ea
1196 369 1319 417 magis
1330 369 1438 405 reddi
1448 370 1494 406 ad
1506 371 1667 407 verbum
1679 372 1885 409 obedientia
1895 385 1963 410 seu

229 426 457 475 obsequ-ium,
481 425 574 462 adeo
596 427 643 462 ut
666 426 715 462 sit
739 437 897 462 sensus:
931 426 981 463 Et
1013 428 1045 463 ei
1067 427 1271 464 obedientia
1292 429 1521 476 populorum
1544 441 1606 465 seu
1623 435 1653 466 ec
1677 431 1709 466 ei
1730 431 1962 479 obtempera-

228 485 319 521 bunt
333 485 482 533 populi.

347 539 390 583 4.
414 543 466 580 Ut
487 555 578 592 ergo
599 542 734 591 paucis
758 544 1071 592 complectamur,
1095 557 1194 593 quae
1216 545 1286 582 hoc
1302 545 1486 582 vaticinio
1503 546 1784 594 significantur,
1798 548 1962 586 dicimus

230 615 273 639 eo
296 603 368 639 sub
396 602 566 651 imagine
598 602 742 650 sceptri
765 612 803 639 et
825 603 955 640 baculi
977 603 1218 651 imperatorii
1242 617 1263 640 a
1285 604 1428 641 Jacobo
1451 605 1668 652 patriarcha
1690 605 1881 643 divinitus
1904 608 1962 644 111-

229 660 349 698 citato
372 661 498 698 Judae
522 660 763 709 promitti-et
785 661 974 699 vindicari
995 663 1305 710 praerogativam
1328 663 1522 711 quandam
1545 677 1636 712 prae
1659 665 1855 710 fratribus,
1887 678 1964 703 non

231 732 313 757 esse
336 720 417 757 scil.
440 719 698 757 auferendum
721 724 916 769 sceptrum
941 721 987 758 de
1010 721 1115 758 ‚Iuda
1138 721 1172 758 h.
1197 734 1228 758 e.
1253 722 1529 770 principatum,
1553 722 1761 770 imperium
1788 724 1833 760 de
1856 724 1964 761 tribu

229 778 345 824 ζ111110,
368 791 496 827 neque
518 779 735 827 principem
759 780 805 816 de
827 780 994 828 posteris
1018 781 1102 828 ejus
1126 780 1151 816 i.
1175 793 1205 818 e.
1230 793 1348 829 super
1372 783 1546 829 posteros
1571 782 1653 829 ejus
1680 795 1797 819 unam
1821 783 1962 819 consti-

229 840 388 875 tuentes
409 838 560 875 tribum
583 838 853 875 cohaerentem
877 836 954 890 (vel
977 840 1046 887 qui
1069 839 1121 876 sit
1135 839 1182 877 de
1197 840 1281 888 ejus
1296 840 1417 889 stirpe
1438 840 1643 888 oriundus)
1665 841 1727 877 vel
1750 841 1963 878 secundum

230 897 348 936 alios:
384 909 462 934 non
493 909 575 934 esse
598 897 847 934 auferendam
871 898 1071 946 politicam
1094 899 1253 936 formam
1278 899 1405 936 tribus
1433 902 1549 946 atque
1572 899 1834 936 autonomiam
1856 903 1964 948 pote-

231 958 451 1005 statemque
474 956 640 1005 propriis
664 968 704 993 se
726 957 879 1005 legibus
901 957 1063 1007 regendi
1085 971 1106 995 a
1126 958 1292 1006 posteris
1306 958 1420 1002 Juda,
1445 958 1565 995 donec
1588 958 1787 995 advenerit
1803 959 1965 996 Messias

230 1018 270 1052 et
291 1015 383 1053 huic
405 1015 637 1064 obsequium
652 1018 850 1064 praestare
864 1016 1064 1065 coeperint
1087 1020 1234 1066 gentes.
1263 1017 1450 1066 Regimen
1472 1029 1564 1066 ergo
1587 1017 1609 1053 J
1614 1017 1711 1054 udae
1735 1018 1808 1054 erit
1829 1031 1965 1066 perpe-

230 1076 358 1121 tuum,
382 1075 502 1112 donec
524 1075 679 1111 culmen
701 1076 741 1111 et
762 1074 966 1125 fastigium
990 1076 1161 1125 attingat
1182 1076 1223 1112 in
1245 1075 1387 1113 Messia
1408 1080 1573 1113 venturo
1595 1076 1636 1112 in
1658 1080 1815 1114 aeterna
1837 1077 1966 1113 secula

232 1133 480 1171 duraturum.
492 1134 683 1171 Historice
695 1133 854 1182 quidem
868 1134 1049 1171 coincidit
1063 1147 1150 1172 cum
1163 1135 1335 1172 adventu
1343 1135 1504 1172 Messiae
1513 1135 1639 1171 tristis
1650 1148 1779 1172 rerum
1789 1136 1965 1184 politica-

231 1206 317 1230 rum
333 1195 460 1230 status
472 1194 510 1230 et
522 1193 666 1230 ablatio
677 1193 883 1242 regiminis
897 1194 1062 1242 politici,
1079 1194 1394 1242 quodhucusque
1411 1194 1516 1231 vario
1528 1194 1642 1230 modo
1654 1194 1778 1231 Judas
1792 1195 1965 1231 retinue-

230 1255 310 1289 rat:
343 1254 516 1289 attamen
537 1252 721 1289 vaticinio
742 1252 859 1289 istam
890 1253 1124 1289 ablationem
1149 1253 1293 1290 directe
1316 1253 1526 1302 significari
1554 1253 1774 1290 verosimile
1796 1266 1873 1290 non
1895 1256 1973 1293 est:

350 1335 418 1375 44.
440 1330 514 1372 His
535 1332 781 1383 praemissis
809 1343 861 1372 en
885 1336 1201 1384 argumentum:
1233 1332 1599 1373 Evidentissimum
1623 1337 1697 1380 est,
1730 1331 1966 1384 quomodo-

232 1414 398 1455 cunque
419 1402 706 1455 intelliguntur
727 1407 931 1456 sceptrum
954 1407 995 1444 et
1017 1403 1117 1455 dur,
1141 1415 1267 1444 omne
1289 1407 1502 1455 sceptrum
1525 1403 1745 1455 omnisque
1769 1402 1886 1443 ducis
1902 1402 1967 1443 vel

233 1474 507 1515 autonomi-ue
529 1473 727 1514 umbram
751 1486 776 1514 a
795 1473 1029 1514 tribuJuda
1044 1473 1275 1515 secundum
1290 1473 1455 1515 literam
1470 1478 1642 1525 accepta
1670 1485 1761 1514 esse
1785 1473 1965 1514 sublata.

232 1545 485 1586 nominatim
508 1556 558 1586 ex
582 1557 664 1598 quo
689 1546 837 1586 civitas
861 1551 901 1587 et
920 1546 1122 1598 templum
1145 1546 1567 1600 hierosolymitanum
1583 1545 1766 1586 funditus
1782 1545 1964 1586 deletum

233 1615 308 1657 fuit
329 1615 409 1656 sub
424 1616 516 1657 Tito
540 1616 846 1669 universusque
869 1617 1048 1669 populus
1072 1617 1287 1669 dispersus
1301 1628 1376 1669 per
1391 1616 1549 1658 orbem.
1573 1615 1680 1668 Ergo
1692 1616 1782 1668 J'am
1798 1615 1968 1656 advenit

233 1686 421 1736 Messias,
443 1687 485 1727 in
509 1699 634 1740 quem
656 1687 757 1728 illud
779 1687 1014 1728 sublimiori
1036 1689 1201 1728 ratione
1219 1688 1309 1740 jam
1332 1687 1556 1730 transierit.
1582 1686 1705 1739 Atqui
1714 1686 1859 1738 judaei
1873 1686 1967 1726 nul-

232 1757 317 1799 lum
350 1758 568 1810 assignare
599 1762 777 1810 possunt
799 1770 882 1811 quo
919 1758 1169 1799 adveniente
1192 1759 1299 1798 haec
1322 1758 1591 1810 contigerint:
1624 1757 1842 1797 christiani
1864 1766 1965 1796 vero

230 1829 380 1870 merito
404 1833 642 1881 provocant
665 1829 719 1869 ad
735 1827 960 1873 Christum.
984 1829 1079 1881 Ipso
1103 1829 1215 1870 enim
1237 1834 1440 1870 nascente
1462 1827 1702 1880 respublica
1720 1827 1892 1880 judaica
1915 1826 1968 1867 ad

231 1900 445 1941 interitum
478 1899 694 1952 vergebat,
721 1900 811 1952 ι10111
843 1899 1036 1952 subiecta
1059 1899 1233 1941 Caesari
1254 1900 1456 1952 Augusto,
1489 1899 1623 1939 divisa
1654 1898 1827 1950 regione
1861 1897 1969 1937 inter

229 1970 372 2011 varios
394 1970 632 2011 tetrarchas
645 1970 823 2024 ipsoque
844 1975 1020 2012 nutante
1036 1983 1204 2012 summo
1220 1970 1460 2011 sacerdotio
1475 1970 1571 2010 Luc.
1589 1974 1625 2017 3,
1645 1973 1677 2012 1.
1693 1972 1741 2015 2;
1763 1972 1853 2009 tota
1868 1979 1967 2008 vero

230 2052 382 2082 eversa
404 2045 468 2082 est
490 2053 566 2093 per
579 2041 732 2091 Titum,
755 2053 852 2082 cum
876 2042 978 2082 satis
989 2041 1079 2094 jam
1098 2041 1409 2094 promulgatum
1425 2044 1516 2082 erat
1531 2039 1683 2080 Christi
1699 2038 1967 2090 Evangelium

231 2124 306 2164 per
337 2112 498 2162 orbem,
529 2112 571 2152 vi
602 2112 722 2164 cujus
753 2124 912 2153 novum
945 2116 984 2153 et
1016 2112 1234 2165 spirituale
1257 2111 1567 2164 promulgatum
1592 2114 1634 2151 et
1656 2109 1872 2151 conditum
1897 2108 1967 2148 [uit

233 2196 428 2236 regnum3
461 2183 646 2236 undique
669 2184 879 2224 innumeri
902 2183 1152 2236 obsequium
1175 2184 1328 2224 mentis
1352 2187 1393 2223 et
1414 2182 1553 2223 cordis
1576 2180 1742 2222 Christo
1766 2178 1967 2220 exhibue-

231 2258 329 2295 rant
349 2265 480 2307 seque
504 2254 594 2306 ejus
616 2259 784 2307 sceptro
808 2255 1090 2307 subiecerunt.
1113 2254 1158 2294 In
1180 2253 1346 2295 Christo
1371 2253 1453 2294 alia
1475 2253 1603 2293 etiam
1627 2249 1854 2302 adimpleta
1877 2260 1969 2289 esse

233 2325 433 2366 vaticinia
455 2325 718 2366 ostendimus
740 2326 849 2366 thesi
871 2325 1152 2378 praecedenti.
1197 2324 1337 2376 Quare
1361 2325 1440 2365 nisi
1463 2323 1602 2364 dicere
1625 2321 1814 2368 velimus,
1836 2318 1969 2361 Deum

233 2397 347 2437 circa
360 2395 540 2437 Messiae
564 2397 792 2438 adventum
815 2397 966 2439 falsum
988 2397 1261 2450 praedixisse,
1285 2396 1398 2449 quod
1416 2395 1561 2448 judaei
1581 2395 1730 2435 saltem
1751 2405 1967 2446 nunquam

233 2467 488 2509 concedent:
512 2467 775 2509 inferendum
802 2473 875 2517 est,
900 2473 939 2509 et
954 2468 1152 2510 Messiam
1170 2468 1261 2520 Jam
1283 2467 1517 2515 advenisse,
1541 2470 1581 2507 et
1603 2466 1715 2506 hunc
1737 2477 1823 2505 non
1839 2464 1968 2505 alium

234 2549 327 2579 esse
352 2542 479 2591 atque
503 2538 717 2580 Christum
739 2539 896 2583 Jesum.

354 2619 422 2653 45.
446 2613 671 2662 Exceptioni
700 2615 848 2661 satisfit.
872 2636 929 2641 —-
950 2614 1086 2662 Neque
1109 2613 1335 2661 excipiatur,
1367 2613 1448 2661 jam
1481 2613 1570 2648 ante
1593 2609 1735 2647 Christi
1757 2608 1964 2645 adventum

235 2671 425 2709 defecisse
447 2675 645 2721 sceptrum
668 2675 705 2710 et
728 2673 866 2710 ducem
889 2673 931 2710 in
944 2673 1053 2710 tribu
1067 2672 1182 2716 Juda,
1205 2676 1379 2720 tempore
1392 2670 1576 2707 nimirum
1592 2667 1831 2717 captivitatis
1847 2666 1967 2713 haby-

234 2730 396 2775 ῙΟΠῘΘᾶΘ,
420 2731 586 2780 ideoque
608 2732 709 2769 illud
730 2732 960 2769 vaticinium
985 2732 1133 2769 censeri
1154 2743 1232 2768 non
1254 2743 1364 2778 posse
1378 2729 1628 2770 messianum,
1652 2727 1714 2763 vel
1729 2726 1865 2763 saltem
1880 2724 1968 2760 inde

236 2801 315 2827 non
338 2789 506 2838 probari,
538 2790 673 2828 Jesum
704 2791 831 2828 filium
861 2791 1004 2828 Mariae
1039 2803 1121 2827 esse
1152 2790 1346 2827 Messiam.
1388 2789 1584 2837 Negamus
1619 2786 1721 2823 enim
1756 2783 1967 2821 totalem

236 2848 382 2896 sceptri
403 2848 593 2897 ducisque
615 2850 852 2888 ablationem
875 2862 919 2887 eo
941 2858 1116 2898 tempore
1138 2848 1361 2898 contigisse,
1385 2860 1471 2884 cum
1494 2845 1636 2894 sceptri
1659 2843 1844 2890 ducisque
1858 2852 1965 2889 prae-

235 2906 413 2956 rogativa
433 2910 531 2946 tunc
553 2909 680 2946 solum
700 2909 820 2946 fuerit
841 2909 1164 2956 interpolata
1186 2920 1255 2945 seu
1269 2906 1401 2943 verius
1416 2908 1572 2942 tantum
1595 2906 1853 2941 attenuta:
1877 2910 1965 2935 nam

236 2966 355 3002 etiam
375 2966 418 3003 in
440 2968 667 3015 captivitate
688 2968 921 3017 babylonica
941 2967 1071 3005 tribus
1103 2967 1207 3004 Juda
1237 2965 1404 3003 retinuit
1434 2964 1596 3001 formam
1629 2960 1966 3003 conditionemque

235 3024 435 3070 tsibUlssffl,
458 3027 505 3062 ut
524 3029 636 3075 patet
656 3027 719 3065 vel
741 3039 786 3064 ex
807 3016 938 3064 reditu
959 3027 1077 3075 hujus
1097 3026 1247 3068 tribus;
1279 3025 1357 3061 imo
1389 3022 1555 3060 retinuit
1578 3019 1769 3068 quandam
1803 3019 1963 3080 0111011οῗ

236 3083 364 3129 miam,
388 3086 435 3121 ut
457 3097 501 3121 ex
518 3085 667 3133 judicio
690 3086 731 3122 in
754 3086 953 3123 Susannae
975 3097 1090 3122 causa
1110 3085 1190 3122 lato
1212 3085 1306 3121 Dan.
1329 3095 1358 3120 0.
1387 3088 1434 3122 13
1460 3079 1622 3117 eruitur.
1656 3077 1799 3114 Verum
1814 3077 1965 3111 etiamsi

1709 3145 1754 3175 4.
