2175 3382
182 154 267 193 2ffl)
449 144 568 177 'Fi-act.
588 142 649 176 111.
670 141 721 176 De
745 139 916 174 lim-lesia.
938 137 1266 173 Inditl'erentismus
1286 137 1339 169 est
1360 133 1626 178 reprobandus.

180 277 304 307 versa
335 274 462 304 verae
495 261 686 315 ejusdem
718 259 974 301 christianae
1007 256 1219 309 religionis
1252 255 1400 302 forma,
1435 255 1476 295 in
1508 267 1592 308 qua
1624 267 1760 309 aeque
1791 269 1842 298 ac
1874 258 1915 298 in

181 335 367 377 Ecclesia
394 332 605 375 catholica
627 331 715 373 Deo
747 330 915 383 placere
947 328 1093 369 datum
1125 331 1200 368 est.
1237 329 1313 370 77:
1349 325 1500 366 Aetate
1535 325 1615 366 hac
1650 331 1797 368 nostra
1830 340 1916 369 non

180 406 361 459 amplius
392 403 572 456 expedit,
604 402 850 455 religionem
881 399 1136 441 catholicam
1168 397 1318 438 haberi
1347 401 1564 449 tamquam
1587 398 1759 438 unicam
1780 402 1916 439 status

179 477 438 529 religionem,
473 474 624 516 ceteris
659 472 981 526 quibuscunque
1017 469 1198 511 cultibus
1233 467 1425 510 exclusis.
1463 470 1538 514 7s3
1582 471 1659 512 79:
1694 467 1916 510 Enimvero

180 548 331 589 falsum
354 551 428 594 est,
452 545 614 587 civilem
639 544 843 596 cujusque
865 541 1001 582 cultus
1023 540 1264 581 libertatem
1279 539 1464 590 itemque
1480 538 1648 590 plenam
1664 543 1918 591 potestatem

181 618 380 660 omnibus
415 615 662 658 attributam
697 612 907 667 quaslibet
949 612 1171 664 opiniones
1206 610 1569 662 cogitationesque
1603 609 1748 662 palam
1781 609 1918 663 publi-

179 701 312 742 ceque
334 686 633 729 manifestandi
655 684 894 726 conducere
927 682 982 724 ad
1012 681 1265 735 populorum
1298 692 1440 721 mores
1472 680 1723 733 animosque
1755 679 1918 722 facilius

181 759 518 812 corrumpendos
541 769 592 798 ac
614 754 948 798 indill'erentismi
970 757 1133 806 pestem
1156 751 1512 805 propagandam.“

301 844 344 886 3.
361 840 560 894 Sequitur
574 837 815 892 quemlibet,
837 837 967 889 quise
983 840 1103 877 extra
1118 846 1264 876 veram
1281 834 1512 876 Ecclesiam
1526 836 1803 876 constitutum
1817 846 1919 886 cog-

182 914 359 962 noverit,
382 911 528 960 teneri,
550 922 645 952 eam
669 909 880 962 inquirere
903 911 944 948 et
966 906 1139 958 ingredi,
1161 906 1242 947 nisi
1264 905 1410 946 salutis
1426 906 1639 958 jacturam
1654 904 1795 946 facere
1809 904 1917 946 velit.

179 1031 426 1076 expositione:
446 1042 475 1063 s÷
487 1027 510 1061 d
528 1028 726 1061 damnatur
744 1025 809 1059 illa
827 1024 1012 1059 sentiendi
1030 1024 1136 1058 ratio.
1164 1034 1236 1067 qua
1263 1021 1310 1057 ad
1339 1023 1495 1056 salutem
1514 1022 1727 1057 indifferens
1745 1023 1920 1062 censetur,

181 1084 285 1129 cujus
303 1083 385 1126 quis
403 1080 515 1123 fuerit
533 1077 772 1113 confessionis
790 1076 996 1121 religiosae,
1027 1086 1089 1109 seu
1107 1086 1179 1119 qua
1196 1076 1351 1120 putatur
1369 1074 1574 1109 deliberata
1591 1073 1774 1119 separatio
1793 1075 1840 1108 ab
1859 1074 1921 1108 Ec-

181 1137 292 1171 clesia
310 1134 495 1169 catholica
512 1144 586 1167 non
605 1141 682 1167 esse
699 1130 930 1165 obstaculum
956 1130 1001 1163 ad
1030 1128 1323 1172 consequendam
1350 1127 1517 1162 salutem.
1546 1127 1604 1161 vel
1631 1137 1701 1169 eos,
1729 1128 1792 1171 qui
1820 1129 1922 1162 extra

180 1189 383 1224 Ecclesiam
400 1192 604 1228 versantur,
623 1185 768 1229 aequali
787 1183 969 1218 facilitate
997 1194 1039 1217 ac
1057 1182 1225 1216 membra
1243 1181 1423 1216 Ecclesiae
1441 1192 1548 1226 posse
1566 1181 1739 1225 consequi
1755 1179 1922 1214 salutem.

179 1244 249 1277 Pro
268 1242 375 1287 praxi
393 1241 465 1276 duo
483 1241 576 1275 bene
595 1240 790 1274 notentur:
810 1239 846 1274 1.
865 1249 947 1272 cum
966 1238 1133 1271 nostrum
1152 1247 1226 1270 non
1244 1235 1293 1269 sit.
1307 1246 1530 1279 quemquam
1549 1233 1766 1280 dijudicare,
1784 1233 1922 1268 miseri-

181 1296 306 1331 cordia
324 1305 407 1330 vero
426 1293 495 1328 Dei
514 1294 563 1328 sit
580 1293 738 1332 infinita,
758 1303 833 1326 non
851 1291 941 1325 licet
959 1290 1003 1324 de
1020 1290 1096 1324 ullo
1114 1290 1263 1325 homine
1291 1289 1329 1322 in
1358 1290 1525 1323 concreto
1552 1288 1801 1333 peremptorie
1828 1286 1922 1322 affir-

178 1360 290 1389 mare,
308 1359 392 1383 eum
411 1358 488 1382 esse
507 1348 736 1381 damnatum.
756 1346 823 1380 etsi
843 1347 949 1378 extra
967 1343 1153 1378 Ecclesiae
1180 1353 1311 1387 corpus
1338 1342 1395 1376 vel
1425 1353 1509 1376 mox
1536 1343 1622 1386 post
1648 1346 1773 1376 actum
1800 1351 1924 1386 pecca-

180 1403 363 1437 minosum
382 1400 549 1436 moritur.
583 1400 621 1436 2.
641 1398 731 1433 Cum
748 1397 890 1443 judicia
909 1397 975 1431 Dei
991 1397 1068 1431 sint
1081 1396 1349 1437 inscrutabilia,
1365 1406 1427 1430 cor
1441 1398 1564 1429 autem
1581 1395 1742 1428 hominis
1755 1405 1922 1440 pravum,

178 1456 277 1500 quod
295 1455 444 1499 saepius
461 1453 601 1488 resistit
619 1453 686 1487 Dei
705 1452 849 1496 gratiae
877 1461 987 1494 quam
1016 1450 1189 1494 putatur-2
1219 1459 1292 1483 non
1320 1450 1446 1482 statim
1476 1448 1716 1482 canonizandi
1745 1451 1832 1482 sunt
1858 1448 1922 1491 qui

179 1511 281 1544 extra
299 1507 500 1542 Ecclesiam
518 1507 565 1540 ad
583 1506 741 1551 speciem
760 1505 945 1539 duxerunt
962 1503 1156 1537 honestam
1174 1503 1290 1536 vitam
1309 1504 1346 1537 et
1364 1504 1467 1536 extra
1485 1501 1589 1535 illam
1609 1501 1838 1536 moriuntur:
1859 1501 1921 1535 sed

178 1562 406 1597 tutissimum
424 1563 479 1595 est
495 1563 618 1595 totum
636 1559 844 1603 relinquere
863 1557 928 1592 Dei
941 1557 1095 1602 judicio,
1112 1557 1210 1600 quod
1225 1558 1322 1591 certe
1331 1556 1580 1599 justissimum
1595 1558 1661 1592 est.
1697 1559 1817 1590 Aurea
1837 1558 1923 1590 sunt

180 1627 245 1651 nec
264 1616 454 1650 ullatenus
471 1613 806 1658 praetermittenda
824 1613 937 1646 verba
955 1611 1080 1655 magni
1099 1610 1173 1644 Pii
1190 1609 1250 1644 IX.
1280 1610 1472 1644 occasione
1489 1609 1600 1654 hujus
1617 1608 1884 1653 propositionis
1901 1620 1923 1643 a

180 1681 216 1704 se
235 1669 431 1703 damnatae
449 1667 595 1713 prolata
613 1668 650 1700 in
669 1667 776 1701 alloc.
795 1668 828 1700 9.
847 1665 932 1699 Dec.
956 1667 1063 1699 1854:
1102 1664 1292 1703 ,Errorem
1323 1663 1491 1703 alterum,
1522 1663 1574 1696 ita
1602 1661 1678 1704 ille,
1708 1672 1773 1696 nec
1800 1662 1920 1696 minus

181 1724 378 1758 exitiosum
397 1722 541 1766 aliquas
561 1721 734 1755 catholici
753 1719 851 1754 orbis
870 1721 994 1764 partes
1014 1728 1210 1762 occupasse
1228 1729 1302 1752 non
1317 1717 1395 1751 sine
1412 1726 1575 1751 moerore
1589 1716 1758 1751 novimus
1771 1716 1920 1751 animis·

184 1787 256 1822 que
273 1776 452 1811 insedisse
470 1777 690 1820 plerumque
708 1774 987 1813 catholicorum,
1005 1772 1068 1816 qui
1087 1773 1179 1805 bene
1198 1770 1420 1815 sperandum
1447 1770 1492 1804 de
1510 1772 1660 1803 aeterna
1677 1769 1828 1804 illorum
1847 1779 1922 1803 om-

179 1834 282 1866 nium
301 1831 422 1866 salute
438 1831 585 1875 putant,
607 1828 671 1873 qui
688 1828 727 1862 in
745 1838 830 1862 vera
848 1826 987 1862 Christi
1005 1826 1169 1860 Ecclesia
1193 1835 1427 1868 nequaquam
1445 1826 1650 1859 versantur.
1684 1822 1825 1857 Idcirco
1842 1833 1923 1867 per-

181 1884 325 1919 contari
342 1892 605 1929 saepenumero
627 1881 756 1921 solent,
776 1890 957 1924 quaenam
976 1880 1102 1913 futura
1120 1880 1205 1924 post
1224 1878 1367 1912 obitum
1385 1877 1434 1911 sit
1452 1888 1580 1911 eorum
1599 1885 1676 1910 sors
1695 1878 1732 1910 et
1748 1875 1923 1917 conditio,

179 1938 244 1982 qui
262 1938 468 1972 catholicae
485 1936 570 1971 fidei
591 1934 742 1969 minime
761 1933 902 1968 addicti
921 1935 1016 1971 sunt,
1035 1932 1320 1974 vanissimisque
1346 1929 1517 1964 adductis
1543 1929 1751 1964 rationibus
1777 1938 1924 1973 respon·

186 2003 268 2025 sum
286 1990 570 2035 praestolantur,
589 1988 689 2032 quod
708 1996 843 2031 pravae
860 1985 947 2019 huic
964 1986 1170 2019 sententiae
1188 1983 1420 2028 suffragetur.
1448 1982 1567 2022 Absit,
1585 1979 1826 2016 Venerabiles
1846 1980 1871 2014 F
1872 1992 1927 2015 ra-

179 2051 267 2084 treS‚
285 2045 327 2077 ut
344 2043 617 2077 misericordiae
636 2041 792 2084 divinae,
812 2050 906 2084 quae
925 2039 1072 2073 infinita
1090 2040 1156 2080 est,
1172 2039 1350 2071 terminos
1364 2036 1566 2071 audeamus
1590 2046 1795 2080 apponere:
1813 2035 1922 2077 absit,

180 2099 222 2131 ut
239 2097 465 2141 perscrutari
482 2095 638 2130 velimus
657 2105 787 2128 arcana
805 2092 960 2127 consilia
978 2094 1014 2126 et
1026 2091 1169 2136 judicia
1186 2090 1264 2130 Dei,
1292 2100 1387 2133 quae
1415 2092 1501 2124 sunt
1529 2090 1682 2133 abyssus
1709 2089 1839 2129 multa,
1859 2098 1926 2122 nec

180 2152 344 2185 humana
361 2152 502 2194 queunt
520 2149 750 2194 cogitatione
769 2145 955 2191 penetrari
973 2173 980 2180 .
1001 2173 1008 2179 .
1030 2172 1036 2178 .
1066 2145 1281 2179 Tenendum
1309 2143 1448 2188 quippe
1475 2153 1518 2176 ex
1536 2142 1607 2177 fide
1626 2143 1693 2184 est,
1721 2144 1824 2176 extra
1840 2152 1924 2187 apo-

183 2204 351 2239 stolicam
368 2213 560 2238 romanam
579 2200 779 2236 Ecclesiam
798 2200 940 2233 salvum
958 2198 1037 2232 fieri
1055 2199 1241 2232 neminem
1270 2207 1387 2241 posse,
1407 2222 1414 2230 .
1435 2225 1442 2233 .
1463 2223 1469 2229 .
1490 2195 1554 2230 sed
1579 2196 1706 2230 tamen
1731 2206 1799 2239 pro
1826 2197 1924 2230 certo

183 2258 322 2302 pariter
339 2256 552 2291 habendum
570 2258 636 2296 est,
655 2255 718 2298 qui
738 2264 844 2288 verae
862 2251 1054 2297 religionis
1072 2250 1287 2295 ignorantia
1304 2248 1484 2289 laborent,
1513 2249 1542 2283 si
1561 2260 1603 2283 ea
1621 2249 1669 2282 sit
1687 2248 1926 2288 invincibilis,

181 2309 284 2344 nulla
301 2311 401 2354 ipsos
422 2309 602 2354 obstringi
622 2308 776 2352 hujusce
793 2306 847 2341 rei
865 2304 976 2349 culpa
1003 2306 1090 2338 ante
1109 2302 1232 2337 oculos
1249 2302 1411 2336 Domini.
1446 2302 1554 2336 Nunc
1574 2312 1658 2335 vero
1677 2300 1760 2345 quis
1778 2306 1925 2335 tantum

182 2363 252 2397 sibi
271 2364 428 2408 arroget,
446 2364 489 2396 ut
507 2361 719 2406 hujusmodi
743 2360 980 2405 ignorantiae
1000 2358 1193 2403 designare
1211 2356 1349 2390 limites
1367 2356 1480 2400 queat
1498 2355 1606 2400 juxta
1618 2354 1853 2399 populorum,
1872 2365 1924 2389 re-

182 2416 346 2461 gionum,
361 2415 593 2460 ingeniorum
611 2415 841 2457 aliarumque
860 2423 980 2447 rerum
990 2414 1067 2446 tam
1080 2411 1282 2446 multarum
1297 2411 1482 2444 rationem
1496 2412 1533 2443 et
1546 2409 1763 2443 varietatem
1775 2413 1789 2442 Ρ
1806 2407 1927 2442 Enim-

184 2480 270 2503 vero
289 2480 371 2502 cum
390 2467 503 2502 soluti
521 2467 704 2512 corporeis
721 2466 824 2500 hisce
843 2464 1003 2500 vinculis
1022 2465 1229 2498 videbimus
1241 2464 1359 2498 Deum
1373 2462 1483 2496 sicuti
1499 2463 1565 2503 est,
1582 2460 1835 2506 intelligemus
1847 2471 1928 2505 pro-

180 2522 289 2561 fecto,
308 2533 419 2566 quam
438 2522 538 2554 arcto
557 2519 785 2565 pulchroque
802 2530 899 2553 nexu
917 2518 1105 2552 miseratio
1124 2529 1166 2552 ac
1178 2517 1325 2563 justitia
1345 2516 1473 2550 divina
1491 2515 1731 2560 copulentur;
1750 2514 1928 2558 quamdiu

183 2585 266 2609 vero
285 2574 324 2608 in
341 2573 449 2608 terris
465 2584 654 2608 versamur
672 2573 822 2607 mortali
840 2573 908 2606 hac
929 2571 1072 2616 gravati
1091 2571 1198 2611 mole,
1227 2581 1321 2614 quae
1339 2570 1494 2604 hebetat
1521 2568 1695 2608 animam,
1722 2567 1928 2602 firmissime

182 2630 372 2662 teneamus
391 2637 433 2661 ex
453 2627 639 2661 catholica
657 2626 827 2661 doctrina
844 2636 959 2659 unum
979 2624 1098 2658 Deum
1116 2634 1201 2664 esse,
1221 2634 1330 2657 unam
1351 2621 1471 2662 fidem,
1498 2633 1613 2655 unum
1640 2621 1845 2665 baptisma:
1873 2620 1929 2654 ul-

181 2681 295 2715 terius
321 2679 542 2723 i1.quirendo
570 2679 744 2724 progredi
773 2678 877 2713 nefas
904 2681 969 2712 est.
1006 2677 1175 2711 Ceterum
1199 2677 1312 2722 prout
1339 2675 1507 2710 caritatis
1525 2675 1621 2708 ratio
1639 2674 1815 2718 postulat,
1843 2673 1927 2708 assi·

182 2736 271 2768 duas
289 2733 486 2767 fundamus
499 2743 637 2777 preces,
650 2735 692 2767 ut
704 2742 829 2767 omnes
840 2742 1116 2776 quaquaversus
1127 2732 1257 2775 gentes
1277 2730 1323 2763 ad
1338 2729 1527 2763 Christum
1547 2730 1819 2769 convertantur,
1834 2738 1928 2761 com-

183 2788 361 2831 munique
379 2786 572 2821 hominum
592 2786 704 2820 saluti
721 2797 789 2830 pro
807 2785 950 2819 viribus
967 2785 1221 2824 inserviamus,
1239 2793 1360 2827 neque
1379 2782 1477 2817 enim
1491 2781 1708 2816 abbreviata
1723 2782 1780 2815 est
1792 2785 1922 2814 manus

182 2840 343 2880 Domini,
362 2840 577 2884 gratiaeque
596 2839 765 2873 coelestis
784 2838 881 2872 dona
899 2848 1133 2881 nequaquam
1160 2837 1236 2871 illis
1263 2836 1436 2870 defutura
1455 2836 1555 2873 sunt,
1582 2834 1648 2878 qui
1674 2835 1742 2868 hac
1767 2834 1848 2868 luce
1876 2843 1929 2867 re·

183 2894 297 2928 creari
317 2893 461 2927 sincero
480 2903 604 2927 annno
622 2891 740 2926 velint
758 2894 795 2926 et.
811 2891 1013 2936 postulent.
1048 2889 1268 2935 Hujusmodi
1296 2889 1472 2923 veritates
1501 2887 1722 2933 defigendae
1749 2886 1928 2922 altissime

183 2949 268 2982 sunt
285 2946 450 2980 fidelium
467 2945 665 2985 mentibus,
684 2956 730 2979 ne
749 2944 853 2979 falsis
872 2944 1057 2988 corrumpi
1075 2944 1215 2987 queant
1232 2942 1408 2976 doctrinis
1435 2952 1477 2976 eo
1506 2941 1774 2986 spectantibus,
1804 2942 1845 2974 ut
1875 2949 1931 2973 re-

183 2999 334 3045 ligionis
351 2999 505 3033 foveant
521 2997 820 3034 indifferentiam,
841 3008 953 3042 quam
972 2998 1019 3031 ad
1037 2997 1192 3030 exrtium
1219 2995 1426 3029 animarum
1453 3005 1598 3039 serpere
1625 2993 1738 3028 latius
1764 2992 1930 3028 videmus

184 3064 224 3088 ac
241 3052 442 3087 roborari.‘
463 3051 516 3087 Cf.
535 3054 664 3086 contra
681 3050 1031 3085 indifferentismum
1049 3050 1211 3095 ejusdem
1230 3060 1286 3094 ep.
1307 3048 1446 3093 encycl.
1482 3048 1641 3090 ,Quanta
1658 3052 1758 3081 cura‘
1781 3050 1815 3082 8.
1839 3046 1923 3080 Dec.

186 3108 276 3141 1864
295 3107 331 3140 et
351 3105 508 3149 Grego
521 3105 585 3138 rii
603 3103 698 3138 XVI.
727 3115 782 3148 ep.
811 3104 949 3148 encycl,
982 3108 1034 3138 15.
1055 3105 1148 3147 Aug.
1170 3105 1260 3138 1832
1279 3103 1394 3146 (apud
1413 3101 1620 3146 Denzinger
1636 3112 1671 3135 n.
1694 3101 1794 3136 1473.
1814 3100 1929 3143 1540)-
