2175 3382
217 153 270 191 ῖς
423 146 540 180 Τι-ιιςῒ.
563 145 585 178 Ι.
607 144 785 189 Apologia·
808 144 995 188 roligionis
1015 144 1248 178 christianae.
1267 144 1393 178 'l'hesis
1413 145 1488 179 XV.
1509 145 1737 180 Prii-:stantia

216 264 432 306 conciliari
456 264 601 316 nequit
623 264 707 304 ulla
724 264 858 311 fraus3
882 263 1062 315 ideoque
1077 264 1208 315 sign-s,
1230 275 1339 316 quae
1354 262 1546 304 Christus
1560 265 1602 304 in
1617 264 1837 306 doctrinae
1850 277 1954 306 suae

216 335 584 376 contis-mationem
608 334 748 377 edidit.
783 347 868 375 non
891 340 989 375 sunt
1013 334 1244 381 mendacia,
1276 334 1349 375 sed
1375 335 1543 375 veracia
1567 335 1588 378 i.
1613 347 1647 378 e.
1670 347 1769 376 vere
1791 335 1954 382 divina;

214 407 421 447 ‹lm-trina
454 418 582 458 quam
616 406 704 457 ipse
728 404 865 445 Patris
897 405 1068 445 nomine
1100 405 1331 457 proposuit,
1364 417 1449 446 non
1476 411 1540 446 est
1561 405 1778 446 inventum
1800 406 1952 447 huma-

216 490 316 517 num
349 476 423 517 sed
457 476 651 516 doctrina
683 476 890 523 coelestis,
924 487 1020 515 cum
1044 476 1174 515 vitam
1207 475 1414 527 ejusmodi
1437 477 1471 516 is
1493 481 1658 517 tantum
1680 488 1806 530 agere
1829 481 1952 530 potu·

215 548 305 595 erit,
337 547 407 599 qui
439 552 552 588 esset
574 547 639 588 vel
663 546 773 587 Deus
798 546 862 587 vel
885 545 972 587 Deo
1005 558 1131 599 quam
1157 547 1536 599 propinquissimus
1560 548 1828 600 maximeque
1851 559 1952 589 con·

209 619 393 670 junctus.

334 692 401 733 68.
425 690 787 733 Demonstratio
810 702 854 743 p.
882 689 947 731 ΙΙ.
985 688 1038 729 Ut
1061 688 1250 729 Christus
1273 688 1434 741 legatus
1457 688 1655 729 divinitus
1679 690 1832 730 missus
1853 701 1954 730 cen-

215 761 297 801 seri
320 761 465 812 possit,
488 761 637 801 merito
662 760 850 811 exigitur,
874 758 1020 800 utDeo
1044 759 1213 810 dignam
1237 759 1423 800 attulerit
1437 758 1687 800 doctrinam.
1709 759 1952 812 Atquidoc-

213 833 336 879 trina,
361 844 488 884 quam
512 831 683 871 nomine
707 830 781 871 Dei
804 830 1099 882 promulgavit,
1121 830 1209 871 Deo
1234 835 1297 871 est
1319 841 1446 882 quam
1470 829 1726 882 dignissima.

336 903 375 945 1.
400 902 459 943 De
483 902 587 942 Deo
623 902 733 942 enim
768 901 893 942 docet
925 900 1133 950 sublimia,
1165 902 1204 942 in
1239 913 1419 954 quorum
1452 901 1609 942 lumine
1637 901 1767 942 homo
1789 901 1870 943 sibi
1892 902 1953 942 vi-

212 974 344 1022 lescit,
376 985 426 1013 ac
458 973 590 1014 Deum
624 973 888 1025 principium,
921 972 1047 1013 finem
1079 977 1121 1013 et
1152 977 1344 1013 centrum
1376 973 1488 1014 vitae
1519 984 1623 1014 suae
1655 973 1869 1024 agnoscit;
1900 973 1953 1014 de

214 1057 333 1084 mun
348 1044 432 1091 do,
455 1055 563 1096 quae
587 1043 677 1085 sola
700 1056 806 1084 sana
828 1044 937 1084 ratio
960 1043 1144 1096 probare
1160 1044 1312 1096 possit3
1335 1043 1387 1084 de
1410 1043 1626 1084 homine
1648 1055 1711 1091 ea,
1735 1055 1786 1084 ex
1801 1043 1953 1096 quibus

213 1127 381 1156 summa
402 1115 558 1156 utilitas
581 1116 623 1155 in
647 1126 818 1155 omnem
852 1114 1059 1155 redundet
1081 1114 1283 1155 socialem
1307 1114 1511 1155 ordinem.
1553 1113 1661 1156 Prae
1684 1115 1817 1156 oculis
1839 1115 1951 1156 enim

213 1186 452 1227 habeantur
484 1190 647 1227 tantum
683 1197 792 1238 quae
815 1197 877 1226 ex.
901 1198 948 1238 gr
981 1186 1106 1227 docet
1129 1185 1180 1226 de
1203 1186 1386 1237 imagine
1407 1185 1484 1227 Dei
1505 1187 1547 1226 in
1569 1186 1755 1234 homine,
1787 1185 1840 1227 de
1862 1185 1953 1238 ejus

212 1257 495 1298 destinatione
519 1258 561 1297 in
584 1256 712 1297 filium
729 1256 802 1298 Dei
826 1257 1072 1309 adoptivum
1096 1262 1137 1298 et
1158 1257 1359 1298 heredem
1382 1256 1654 1297 beatitudinis
1670 1257 1877 1307 coelestis,
1899 1257 1951 1298 de

214 1332 442 1380 praecepto
475 1327 712 1368 dilectionis
744 1332 834 1376 etc,
867 1332 907 1369 et
938 1328 1048 1369 illico
1081 1333 1258 1380 apparet
1279 1333 1544 1369 momentum
1566 1328 1806 1380 praesentis
1827 1329 1952 1376 vitae,

211 1401 392 1452 pretium
416 1411 564 1440 verum
587 1399 799 1440 bonorum
822 1399 946 1452 hujus
968 1400 1094 1447 vitae,
1117 1404 1409 1441 creaturarum
1431 1412 1534 1440 usus
1557 1399 1788 1451 faciendus,
1812 1399 1951 1440 homi-

211 1471 309 1511 cidii
331 1471 527 1522 gravitas,
551 1470 787 1511 excluditur
809 1471 1002 1518 servitus,
1028 1476 1235 1524 aequatur
1256 1483 1364 1511 uxor
1377 1471 1480 1519 viro,
1504 1470 1685 1512 filiorum
1701 1471 1952 1512 institutioni

213 1541 468 1594 providetur,
491 1541 674 1582 familiae
697 1541 811 1583 bono
838 1542 1082 1591 consulitur,
1106 1542 1321 1594 mitigatur
1335 1542 1537 1595 tyrannis,
1559 1547 1834 1594 promovetur
1849 1554 1951 1594 ope-

213 1625 311 1654 rosa
335 1611 614 1653 beneficentia
638 1617 679 1653 et
700 1612 943 1654 liberalitas.

330 1685 373 1727 ⁴3.
399 1681 675 1724 Sanctissima
706 1683 834 1724 tradit
857 1688 1085 1736 praecepta
1113 1689 1153 1725 et
1175 1684 1346 1737 quidem
1368 1697 1408 1728 a.
1431 1696 1508 1736 pro
1532 1685 1648 1725 omni
1669 1695 1951 1736 personarum

212 1755 468 1803 conditione,
498 1765 641 1795 rerum
674 1759 998 1807 temporumque
1021 1754 1243 1807 adjunctis,
1274 1759 1318 1796 ut
1340 1755 1479 1796 nullus
1502 1755 1555 1796 sit
1575 1755 1706 1796 homo
1729 1754 1965 1808 nullusque.

212 1827 324 1867 vitae
347 1830 481 1866 status
496 1825 562 1866 xel
584 1838 720 1874 casus,
743 1827 810 1867 cui
832 1838 919 1867 non
942 1826 995 1867 sit
1009 1826 1270 1868 consultum:
1293 1831 1533 1879 praecepta.
1557 1838 1666 1881 quae
1681 1831 1818 1868 totum
1833 1839 1952 1868 com-

212 1897 450 1950 plectuntur
472 1881 701 1945 hominem,
722 1897 919 1938 vitiorum
943 1897 1110 1938 radices
1132 1898 1353 1951 attinount,
1376 1898 1419 1938 in
1441 1899 1532 1950 ipsa
1554 1897 1790 1950 penetralia
1812 1897 1952 1939 cordis

212 1968 486 2014 descendunt,
510 1967 653 2008 omnia
675 1967 947 2009 reformando
971 1968 1305 2021 altissimamque
1327 1969 1564 2009 sanctitatis
1578 1968 1720 2010 ideam
1734 1968 1790 2009 ob
1804 1968 1951 2010 oculos

212 2039 423 2091 ponendo.
466 2037 661 2079 Efficacia
684 2038 809 2079 simul
831 2040 875 2082 b.
899 2039 1139 2091 suppeditat
1162 2040 1321 2080 motiva
1343 2039 1541 2080 servandi
1562 2044 1811 2092 praecepta:
1843 2040 1952 2081 inter

211 2120 323 2162 quae
346 2109 505 2149 motiva
528 2109 686 2150 eminet
708 2110 801 2162 ipsa
822 2109 1072 2162 legislatoris
1088 2115 1174 2150 vita
1197 2114 1252 2160 (n.
1276 2110 1361 2166 67),
1383 2111 1426 2150 in
1448 2123 1531 2163 qua
1554 2111 1699 2151 omnia
1722 2110 1952 2163 adimpleta

212 2185 463 2228 cernuntur3
481 2179 634 2232 judicis
649 2180 1022 2232 omnipraesentia,
1037 2192 1272 2232 poenarum
1286 2181 1660 2234 praemiorumque
1675 2193 1752 2233 pro
1768 2181 1951 2222 minimis

212 2251 341 2291 etiam
365 2250 486 2291 bonis
510 2250 711 2303 operibus
741 2251 991 2299 aeternitas;
1023 2251 1179 2292 auxilia
1202 2263 1370 2304 quoque
1393 2264 1431 2295 c.
1455 2252 1698 2293 necessaria
1720 2256 1762 2293 et
1782 2252 1952 2302 invicta,

212 2321 364 2373 quibus
386 2321 517 2362 innixi
540 2322 685 2362 omnia
706 2323 882 2374 possint,
905 2323 1132 2374 promittit3
1161 2323 1356 2363 homines
1378 2322 1443 2363 vel
1465 2322 1674 2375 pessimos
1697 2328 1739 2364 et
1759 2322 1951 2376 relapsos

212 2393 255 2433 in
277 2404 396 2444 spem
420 2392 560 2444 erigit:
583 2398 755 2434 sanctos
776 2405 830 2434 ne
851 2406 1040 2446 unquam
1064 2394 1106 2434 in
1120 2394 1189 2434 via
1203 2393 1473 2446 perfectionis
1488 2394 1735 2443 consistant,
1758 2395 1812 2435 ad
1826 2395 1950 2436 altio-

212 2475 301 2504 rem
325 2475 493 2515 semper
515 2464 753 2504 sanctitatis
775 2464 951 2516 gradum
976 2464 1138 2520 (Matth.
1162 2468 1201 2514 ξ),
1223 2465 1297 2520 48)
1321 2469 1442 2517 urget
1463 2469 1505 2505 et
1526 2470 1773 2517 promovet;
1798 2478 1853 2508 ne
1875 2477 1948 2507 ex-

212 2533 415 2575 tollantur
437 2545 566 2586 seque
590 2534 681 2575 aliis
704 2534 956 2587 praeferant,
979 2539 1111 2578 cavet.
1141 2535 1345 2588 Proponit
1367 2536 1411 2580 d.
1434 2548 1648 2576 summum
1671 2536 1836 2577 virtutis
1857 2537 1949 2589 api-

212 2617 308 2645 cem
339 2609 378 2644 et
413 2604 552 2645 ideam
577 2617 768 2661 &QYI
791 2605 866 2646 Dei
888 2617 1022 2659 usque
1045 2605 1100 2646 ad
1122 2606 1267 2647 odium
1289 2606 1365 2654 sui,
1398 2617 1589 2647 amorem
1612 2607 1794 2659 proximi
1814 2619 1949 2660 usque

212 2675 267 2716 ad
289 2675 556 2716 dilectionem
580 2676 748 2725 inimici,
771 2675 1079 2732 sublectionem
1101 2676 1179 2717 sub
1193 2676 1411 2717 voluntate
1426 2676 1502 2717 Dei
1523 2688 1658 2729 usque
1681 2677 1735 2718 ad
1756 2689 1949 2719 amorem

211 2746 518 2798 persecutionis
540 2751 713 2799 propter
729 2747 949 2799 justitiam,
971 2752 1262 2799 contemptum
1283 2747 1523 2788 divitiarum
1539 2759 1673 2800 usque
1687 2747 1742 2789 ad
1756 2759 1948 2789 amorem

212 2817 484 2868 paupertatis,
507 2816 647 2868 fugam
670 2817 916 2858 deliciarum
937 2830 1072 2871 usque
1095 2818 1150 2859 ad
1171 2818 1356 2859 studium
1374 2818 1485 2871 jugis
1500 2817 1848 2868 mortificationis,
1871 2819 1948 2860 ab-

212 2888 481 2939 negationem
508 2888 706 2940 propriae
729 2889 958 2929 voluntatis
978 2901 1113 2942 usque
1136 2889 1191 2930 ad
1213 2901 1406 2931 amorem
1428 2889 1736 2942 dependentiae
1758 2889 1948 2942 ejusdem

211 2957 267 2998 ab
290 2958 461 2999 alterius
483 2958 711 3002 voluntate.
753 2957 912 2999 Eadem
935 2959 1129 3000 doctrina

331 3029 373 3072 3.
397 3027 584 3070 defectus
616 3034 658 3070 et
687 3029 864 3070 lacunas
894 3030 1108 3083 religionis
1139 3031 1345 3072 naturalis
1377 3043 1439 3074 eX.
1461 3044 1519 3083 gr.
1543 3031 1656 3072 circa
1677 3030 1852 3072 modum
1874 3042 1948 3071 co-

211 3099 325 3140 lendi
346 3099 492 3150 Deum,
525 3099 743 3141 obtinendi
764 3105 1039 3153 peccatorum
1061 3102 1231 3142 veniam
1252 3107 1341 3152 eto,
1364 3101 1532 3143 abunde
1555 3100 1713 3154 explet3
1744 3105 1807 3142 tot
1827 3106 1947 3142 tene-

1050 3207 1072 3264 }ss
1087 3210 1137 3234 ''J-*⁴
1144 3213 1169 3237 ι’,
1179 3216 1265 3239 ...μ’γ,
