2175 3382
840 123 896 156 est
914 123 1068 156 societas
1086 114 1260 166 perfecta.
1832 127 1915 169 241

186 241 339 294 positio
354 242 492 282 minor
514 254 552 284 a.
577 251 628 282 ex
650 240 799 281 divinis
813 240 954 290 literis,
978 252 1029 281 ex
1052 241 1203 293 quibus
1219 245 1397 290 constat,
1422 240 1634 283 Christum
1649 243 1918 284 constituisse

186 312 229 352 in
257 311 446 352 Ecclesia
478 312 749 362 magistratus
783 311 978 363 proprios
1009 311 1155 364 eisque
1187 311 1353 352 dedisse
1385 316 1639 363 potestatem
1674 313 1842 365 plenam
1878 318 1920 355 et

185 381 417 435 perfectam
438 381 579 423 verbis
595 393 840 434 expressam
856 381 1127 433 amplissimis
1140 381 1285 422 Matth.
1305 385 1371 431 16,
1390 384 1463 426 19:
1487 382 1541 422 Et
1564 383 1639 423 tibi
1660 384 1766 424 (labo
1789 384 1919 425 claves

187 455 302 508 requi
323 453 547 494 coeloram:
579 456 615 493 et
645 452 911 507 quodcunque
941 452 1134 506 Ziyccverc's
1165 457 1482 506 superterram,
1514 454 1591 493 erit
1623 455 1795 507 Ziqatum
1818 459 1852 496 et
1874 456 1919 494 in

186 524 328 565 coelis:
359 528 395 564 et
425 523 691 578 quodcunque
711 523 879 564 solveris
900 536 1024 576 super
1046 530 1199 564 terram
1225 524 1304 564 erit
1325 525 1502 564 solutum
1525 527 1559 564 et
1593 525 1635 563 ι’)ι
1661 526 1803 566 coelis:
1835 537 1918 577 quo

185 595 229 635 in
244 598 361 635 textu
374 593 515 635 verbis
529 594 793 648 quodcunque
807 597 884 634 etc.
899 592 1158 644 significatur
1170 597 1361 646 potestas
1384 593 1557 634 omnino
1581 606 1607 634 a
1618 607 1659 634 m
1671 594 1774 646 plis
1786 596 1882 635 sim
1894 608 1920 636 a

187 665 414 717 omniaque
436 664 576 705 media
599 664 652 704 ad
674 664 800 705 finem
824 664 1172 716 consequendum
1195 664 1438 705 necessaria
1461 665 1760 717 complectens,
1786 665 1918 707 altero

187 740 329 777 autem
350 735 482 776 inciso
505 738 695 787 potestas
717 734 841 787 plane
868 735 993 775 inde
1008 734 1251 787 pendens
1284 747 1309 775 a
1331 747 1583 787 quacunque
1607 735 1689 776 alia
1711 740 1920 788 potestate

186 806 402 847 mundana
434 810 475 847 et
506 805 664 855 sociali,
698 817 807 858 quae
839 816 936 846 eam
967 805 1098 858 ligare
1129 806 1195 846 vel
1228 806 1432 858 impedire
1466 818 1542 847 seu
1564 806 1654 858 ejus
1678 807 1921 847 sanctiones

185 878 353 919 irritare
374 880 528 929 posset.
572 875 713 928 Quare
735 875 923 918 Ecclesia
947 880 1011 917 est
1031 877 1215 917 societas
1240 880 1475 918 autonoma
1498 881 1539 918 et
1560 877 1672 918 intra
1695 877 1921 930 sphaeram

187 960 290 989 suae
321 947 549 988 activitatis
582 959 608 987 a
639 947 844 988 societate
875 947 984 987 civili
1016 960 1192 1000 prorsus
1223 947 1525 1000 independens.
1568 947 1691 999 Quod
1723 950 1850 989 etiam
1873 949 1920 991 b.

187 1019 368 1072 apostoli
390 1022 636 1059 constanter
657 1030 735 1058 sua
758 1017 908 1070 agendi
930 1018 1097 1059 ratione
1119 1018 1368 1070 probarunt,
1400 1017 1575 1060 ferendo
1605 1018 1717 1070 leges
1740 1019 1829 1060 Act.
1858 1021 1922 1068 15,

188 1093 254 1134 28.
276 1093 353 1137 41;
389 1093 422 1133 1.
455 1087 548 1130 Cor.
583 1092 619 1137 7,
644 1092 665 1130 1
691 1101 756 1138 ss.,
782 1088 1014 1141 judicando
1047 1093 1088 1129 et
1119 1101 1281 1141 poenas
1312 1088 1531 1130 inferendo
1564 1088 1616 1132 ib.
1649 1093 1688 1139 5,
1724 1088 1821 1134 iss.
1845 1095 1922 1132 etc,

186 1164 396 1212 potestate
418 1160 543 1212 plane
564 1159 875 1212 independenti.
919 1159 1078 1201 Eadem
1111 1161 1269 1200 veritas
1301 1173 1343 1203 c.
1377 1159 1653 1201 confirmatur
1684 1161 1922 1202 traditionis

187 1230 384 1283 suffragio
407 1230 643 1272 theoretico
667 1235 709 1271 et
732 1231 934 1283 practico,
976 1230 1026 1271 Et
1047 1243 1151 1272 sane
1173 1231 1325 1272 saltem
1348 1232 1494 1283 primis
1516 1231 1650 1272 tribus
1673 1244 1754 1272 sec.
1777 1231 1921 1272 Eccle-

187 1302 250 1342 sia
263 1302 388 1354 plane
403 1301 692 1354 independens
707 1306 798 1352 erat
820 1301 874 1342 ab
899 1302 1152 1342 auctoritate
1175 1301 1283 1342 civili
1306 1314 1435 1354 seque
1450 1303 1587 1354 ipsam
1602 1303 1786 1354 regebat.
1810 1301 1922 1343 Con-

186 1372 378 1413 firmatur
408 1374 454 1416 d.
486 1372 598 1422 inde,
631 1359 968 1425 quodpotestas
989 1372 1203 1413 Ecclesiae
1226 1384 1363 1425 neque
1387 1373 1598 1414 directe
1621 1373 1776 1425 pendet
1798 1385 1824 1414 a
1845 1385 1922 1426 po-

186 1448 340 1485 testate
362 1444 483 1493 civili,
505 1447 725 1496 tamquam
746 1443 872 1496 hujus
894 1443 1100 1484 derivatio
1125 1443 1336 1496 quaedam
1360 1447 1401 1484 et
1423 1444 1702 1496 participatio,
1724 1449 1788 1485 est
1809 1444 1920 1484 enim

187 1515 533 1567 supernaturalis,
555 1519 745 1567 potestas
761 1519 904 1556 autem
920 1516 1052 1556 civilis
1066 1515 1295 1565 naturalis;
1319 1527 1457 1568 neque
1480 1516 1530 1556 in
1543 1516 1567 1556 d
1580 1516 1658 1557 ire
1670 1521 1774 1566 cte,
1797 1520 1842 1557 ut
1860 1528 1922 1557 eX.

186 1598 243 1638 gr,
265 1590 454 1639 potestas
476 1586 627 1638 patria,
651 1598 760 1638 quae
785 1587 863 1627 etsi
886 1586 1130 1627 immediate
1154 1591 1217 1627 est
1239 1599 1265 1627 a
1286 1586 1387 1636 Deo,
1419 1586 1691 1627 nihilominus
1714 1591 1858 1628 tamen
1880 1587 1923 1627 in

186 1657 329 1697 multis
352 1655 538 1698 obnoxia
561 1661 625 1697 est
646 1657 847 1709 potestati
870 1656 989 1697 civili.
1033 1656 1158 1697 Ratio
1191 1658 1304 1697 enim
1336 1657 1461 1709 hujus
1484 1657 1792 1709 dependentiae
1814 1657 1923 1697 indi-

186 1732 330 1769 rectae
353 1731 427 1776 est,
449 1727 563 1780 quod
588 1727 679 1768 finis
702 1739 828 1779 quem
852 1727 1032 1768 intendit
1053 1732 1243 1779 potestas
1265 1728 1415 1780 patria,
1451 1728 1523 1768 fini
1544 1728 1768 1780 potestatis
1792 1728 1923 1768 civilis

185 1798 496 1839 subordinatur.
533 1797 661 1850 Atqui
675 1797 767 1838 finis
782 1797 997 1839 Ecclesiae
1020 1810 1107 1838 non
1122 1798 1424 1839 subordinatur
1446 1798 1518 1839 tini
1541 1799 1756 1840 societatis
1779 1798 1922 1839 civilis.

181 1858 303 1922 Ergo
324 1881 461 1921 neque
485 1868 768 1920 dependentia
789 1869 1015 1920 potestatis
1038 1868 1252 1909 Ecclesiae
1274 1869 1481 1910 indirecta
1513 1881 1538 1909 a
1570 1873 1782 1922 potestate
1814 1869 1923 1910 civili

183 1940 349 1980 admitti
372 1943 524 1992 potest.
567 1939 633 1980 Ad
654 1939 762 1980 haec
795 1952 835 1982 e.
860 1939 1073 1980 Ecclesiae
1096 1944 1286 1991 potestas
1309 1940 1515 1992 penderet
1537 1953 1562 1981 a
1584 1941 1822 1993 principum
1844 1953 1922 1993 po-

181 2015 335 2052 testate
357 2010 424 2051 vel
445 2011 544 2063 quia
569 2014 667 2050 sunt
688 2010 992 2062 principes,
1023 2009 1089 2051 vel
1112 2011 1212 2063 quia
1234 2015 1332 2051 sunt
1354 2011 1663 2055 christiani.
1706 2011 1802 2053 Non
1824 2013 1923 2065 quia

182 2085 279 2122 sunt
301 2081 529 2133 principes,
560 2093 659 2121 nam
692 2085 794 2121 tunc
817 2081 1022 2133 penderet
1044 2081 1173 2122 etiam
1197 2094 1222 2121 a
1243 2086 1455 2134 potestate
1478 2083 1715 2135 principum
1737 2083 1922 2124 haereti-

182 2164 342 2200 corum,
365 2156 703 2204 persecutorum,
726 2150 958 2193 infidelium
982 2156 1071 2201 etc,
1096 2152 1209 2204 quod
1233 2152 1465 2193 absurdum
1489 2157 1572 2201 est3
1594 2166 1682 2194 non
1705 2155 1803 2207 quia
1825 2158 1925 2195 sunt

182 2223 412 2272 christiani,
434 2234 536 2263 nam
561 2235 646 2275 qua
668 2222 787 2272 tales,
810 2227 907 2264 sunt
930 2235 1045 2272 oves,
1068 2223 1260 2275 discipuli
1281 2223 1508 2264 Ecclesiae.
1551 2224 1742 2278 Denique
1765 2225 1800 2268 f.
1826 2237 1922 2266 cum

182 2299 371 2347 potestas
403 2295 505 2335 data
537 2294 589 2335 sit
618 2294 833 2335 Ecclesiae
872 2294 926 2335 ad
959 2293 1225 2335 efficiendam
1257 2294 1441 2336 fidelium
1472 2295 1691 2346 unitatem,
1734 2295 1923 2337 Ecclesia

183 2377 283 2406 vero
299 2364 453 2406 Christi
475 2364 626 2406 diffusa
648 2365 701 2406 sit
722 2377 798 2418 per
819 2366 1022 2418 plurimas
1038 2366 1266 2406 societates
1289 2365 1367 2406 sibi
1390 2378 1519 2418 saepe
1541 2366 1746 2416 inimicas,
1770 2378 1920 2419 seque-

182 2440 299 2477 retur
321 2436 537 2477 Ecclesiae
560 2440 815 2488 potestatem
838 2436 1024 2488 pendere
1058 2448 1083 2476 a
1113 2436 1374 2488 principibus
1401 2437 1555 2487 multis,
1587 2437 1665 2477 sibi
1698 2438 1921 2478 contrariis

185 2511 226 2548 et
247 2518 376 2559 saepe
397 2507 507 2547 inter
529 2518 574 2547 se
597 2506 872 2549 discordibus.
916 2506 1008 2557 Quo
1031 2507 1074 2546 in
1103 2519 1206 2547 casu
1228 2507 1445 2559 provisum
1467 2520 1554 2548 non
1577 2512 1688 2549 esset
1709 2508 1921 2549 Ecclesiae

182 2577 344 2626 unitati,
366 2577 441 2618 sed
463 2578 605 2629 potius
628 2577 758 2630 ipsius
781 2577 976 2618 divisioni
1000 2582 1041 2618 et
1062 2580 1223 2620 ruinae.
1253 2577 1394 2629 Quare
1418 2579 1591 2620 omnino
1606 2579 1835 2619 tenendum
1858 2584 1921 2620 est

182 2647 395 2688 Ecclesiae
417 2652 676 2700 potestatem
698 2648 824 2700 plane
847 2648 1203 2700 independentem
1226 2660 1320 2690 esse
1353 2661 1378 2690 a
1405 2653 1616 2701 potestate
1639 2650 1758 2690 civili.
1800 2649 1919 2690 Ideo-

185 2729 265 2771 que
287 2718 475 2759 Ecclesia
503 2718 710 2769 „societas
733 2723 797 2760 est
818 2730 972 2770 genere
996 2724 1036 2759 et
1053 2719 1148 2771 jure
1170 2718 1368 2771 perfecta,
1392 2732 1487 2760 cum
1511 2719 1756 2772 adjumenta
1778 2720 1832 2760 ad
1854 2720 1917 2760 in-

185 2788 474 2829 columitatem
498 2789 795 2841 actionemque
828 2802 949 2830 suam
983 2790 1226 2830 necessaria
1257 2790 1475 2830 voluntate
1502 2790 1792 2843 beneficioque
1816 2802 1917 2830 con-

185 2859 331 2899 ditoris
354 2859 430 2907 sui,
464 2859 610 2900 omnia
640 2860 684 2900 in
715 2871 760 2900 se
791 2865 832 2900 et
862 2871 937 2912 per
959 2871 1004 2900 se
1026 2860 1119 2912 ipsa
1141 2861 1391 2912 possideat.“
1440 2861 1501 2901 Ita
1532 2861 1634 2901 Leo
1658 2861 1756 2901 XIII.
1789 2861 1830 2900 in
1861 2860 1916 2900 lit.

185 2929 343 2982 encycl.
368 2931 403 2972 1.
426 2928 531 2970 Nov.
557 2933 690 2978 18853
719 2935 760 2970 et
781 2929 890 2971 infra
911 2930 1081 2982 repetit:
1120 2930 1316 2984 „Intelligi
1349 2931 1485 2980 debet,
1518 2931 1749 2972 Ecclesiam
1781 2931 1915 2970 socie-

185 3005 316 3041 tatem
351 3011 443 3040 esse
477 3012 564 3040 non
599 3002 736 3041 minus
772 3014 899 3053 quam
934 3001 1070 3053 ipsam
1105 2988 1318 3043 civitatem
1353 3014 1505 3053 genere
1547 3006 1587 3042 et
1622 3002 1716 3053 jure
1758 2999 1913 3052 perfec-

185 3076 308 3112 tam.“

327 3153 488 3184 fluiter,
511 3152 659 3184 Compend.
681 3153 833 3186 theologiae
856 3154 876 3178 I.
902 3153 941 3179 lO.
965 3154 1007 3178 cd.
1663 3142 1702 3172 1⁴³⁵
