2175 3382
745 129 983 165 difficultates
1003 132 1133 165 contra
1150 132 1362 175 primatum.
1838 137 1921 178 407

191 251 338 292 ordine
359 250 630 292 revelationis
651 250 744 302 ipsa
764 250 954 290 veritatis
977 250 1192 290 revelatae
1207 250 1479 301 intelligentia
1502 263 1553 292 ac
1575 252 1809 303 generatim
1831 252 1923 304 ipsa

189 321 377 362 Ecclesia
398 320 527 362 habet
548 333 626 362 sua
647 321 786 361 stadia
808 320 1101 372 explicationis
1124 324 1166 360 et
1188 321 1588 368 consummationis;
1621 322 1678 362 ita
1701 326 1743 362 et
1764 322 1923 374 prima-

188 396 257 433 tus
277 392 514 433 institutum
537 396 778 443 temporum
799 391 922 443 lapsu
945 390 1080 442 magis
1103 390 1321 442 magisque
1344 402 1511 442 semper
1533 392 1734 444 explicari
1757 393 1922 444 poterit.

188 461 261 503 Est
282 463 394 503 enim
409 462 556 504 similis
570 462 813 515 evangelico
829 473 961 514 grano
977 461 1148 513 sinapis,
1172 460 1286 513 quod
1309 461 1440 501 crevit
1462 462 1504 501 in
1527 462 1725 503 arborem
1740 463 1923 504 validam

189 532 350 587 (Matth.
370 535 434 580 13,
458 536 512 577 31
537 534 598 588 s.).
620 532 761 584 Quare
785 534 940 573 mirum
963 543 1058 573 esse
1079 544 1168 573 non
1189 531 1327 579 debet,
1351 531 1463 584 quod
1487 546 1526 575 a.
1550 533 1695 584 primis
1710 533 1923 574 Ecclesiae

188 603 451 656 temporibus
465 615 551 644 non
565 603 673 644 adeo
688 602 909 655 splendida
924 602 1132 654 primatus
1148 606 1399 653 argumenta
1413 603 1680 654 reperiantur
1694 607 1739 643 ut
1753 608 1921 655 postea:

188 674 302 727 quod
323 676 370 718 b.
393 675 598 727 primatus
621 673 822 726 splendor
843 673 1050 725 temporis
1073 684 1275 713 successu
1297 672 1487 722 creverit,
1512 673 1620 713 sicut
1642 674 1775 714 crevit
1796 674 1923 714 etiam

187 745 376 785 veritatis
402 744 616 785 revelatae
646 743 848 796 splendor
885 748 927 783 et
956 743 1253 795 intelligentia,
1286 743 1399 795 quod
1433 755 1474 786 c.
1507 744 1675 784 romani
1706 744 1923 796 pontifices

187 820 428 868 temporum
458 827 586 856 cursu
607 814 812 856 nonnulla
838 814 1105 855 exercuerint
1132 814 1230 866 jura
1262 813 1468 866 explicite,
1502 825 1611 866 quae
1643 814 1843 866 implicite
1875 827 1924 855 ac

187 886 314 927 veluti
337 886 381 927 in
403 886 563 927 semine
584 885 785 927 latuerint
809 886 852 926 in
874 886 1080 938 primatu3
1108 886 1168 925 ita
1190 885 1303 926 enim
1327 884 1525 926 divinitus
1547 889 1612 926 est
1631 886 1857 936 institutus,
1880 892 1926 926 ut

187 957 385 998 omnibus
407 956 681 1009 temporibus,
704 955 1022 997 difficultatibus
1043 957 1324 1008 negotiorum,
1346 955 1672 1008 tempestatibus
1695 967 1925 1007 exsurgen-

186 1026 309 1077 tibus,
342 1027 598 1080 populorum
629 1027 819 1068 culturae
853 1039 898 1067 se
930 1027 1039 1067 mira
1068 1026 1202 1079 possit
1234 1025 1484 1067 elasticitate
1507 1026 1838 1067 accommodare
1860 1027 1924 1067 vel

187 1110 431 1140 occurrere:
455 1099 563 1140 sicut
584 1099 714 1140 etiarn
737 1099 781 1139 in
801 1098 975 1139 homine
997 1109 1127 1150 saepe
1149 1097 1282 1138 latent
1303 1097 1426 1146 vires,
1449 1097 1627 1138 subinde
1647 1097 1792 1146 mirae,
1815 1109 1924 1150 quae

186 1169 356 1210 nonnisi
370 1171 495 1210 certis
517 1170 560 1210 in
582 1169 806 1222 adjunctis,
827 1173 1005 1222 urgente
1019 1169 1274 1209 necessitate
1290 1168 1603 1209 exsuscitantur
1625 1173 1667 1208 et
1688 1172 1925 1217 actuantur,

186 1245 229 1281 et
249 1240 304 1281 ad
325 1242 438 1281 vitae
460 1241 843 1288 conservationem,
871 1243 1159 1292 augmentum,
1191 1238 1495 1291 perfectionem
1517 1242 1615 1279 sunt
1636 1238 1703 1279 vel
1725 1250 1925 1280 necessa-

186 1311 275 1352 riae
298 1311 364 1352 vel
386 1316 728 1364 peropportunae
747 1311 794 1366 1).
818 1309 959 1361 Quare
981 1311 1125 1362 inepta
1148 1314 1211 1350 est
1233 1309 1445 1350 distinctio
1469 1309 1925 1350 febronianorum

186 1382 452 1434 aliorumque
469 1383 676 1435 primatus
697 1382 898 1431 hostium,
920 1381 990 1434 qui
1013 1381 1104 1433 ejus
1122 1381 1222 1433 jura
1243 1380 1505 1432 distinguunt
1526 1380 1569 1420 in
1592 1380 1924 1421 essentialia

187 1457 229 1495 et
250 1465 379 1495 acce
392 1454 595 1503 ssoria,
617 1456 658 1494 et
679 1452 758 1493 illis
781 1452 836 1493 ad
858 1452 1055 1493 umbram
1070 1451 1267 1501 redactis,
1288 1451 1353 1491 his
1368 1450 1454 1492 fere
1470 1451 1616 1491 omnia
1630 1451 1924 1500 adnumerant,

187 1537 270 1578 quo
293 1524 456 1565 facilius
487 1524 598 1565 sedis
630 1523 892 1576 apostolicae
928 1524 1250 1575 praerogativas
1272 1521 1456 1574 prodant
1488 1526 1530 1562 et
1560 1522 1639 1574 ipsi
1671 1521 1922 1574 abjudicent.

304 1609 348 1650 2.
373 1605 489 1648 Sicut
519 1619 641 1659 reges
672 1607 894 1659 potestatis
916 1605 1221 1658 plenitudinem
1253 1617 1340 1645 non
1372 1609 1573 1645 exserunt
1603 1604 1718 1646 nulla
1747 1609 1922 1656 urgente

186 1678 451 1726 necessitate,
475 1677 672 1718 omnibus
697 1676 890 1718 ordinate
923 1680 965 1717 et
995 1676 1105 1717 bene
1132 1676 1399 1728 compositis:
1432 1676 1490 1715 ita
1521 1687 1698 1716 necesse
1730 1687 1817 1716 non
1848 1680 1923 1724 est,

186 1752 233 1789 ut
252 1748 420 1789 romani
442 1748 629 1800 episcopi
651 1747 706 1788 ad
727 1760 850 1788 suum
874 1746 1183 1788 ostendendum
1199 1747 1427 1799 primatum
1451 1746 1635 1798 cujusvis
1658 1747 1787 1787 seculi
1811 1758 1923 1787 anno

186 1818 253 1859 vel
274 1819 375 1860 anni
396 1830 543 1860 mense
568 1819 717 1872 quovis
740 1819 783 1859 in
815 1818 931 1859 orbis
955 1818 1108 1870 angulo
1132 1817 1241 1858 illius
1264 1821 1464 1858 exserant
1486 1817 1798 1858 auctoritatem.
1840 1816 1923 1856 Im-

185 1890 336 1930 merito
379 1901 478 1941 ergo
520 1889 758 1942 postulatur
806 1893 895 1929 tam
942 1889 1189 1929 continuum
1230 1888 1453 1940 potestatis
1495 1888 1753 1931 exercitium.
1807 1886 1923 1928 Sicut

186 1965 329 2001 autem
351 1961 466 2012 regia
497 1960 700 2013 majestas
733 1964 775 2000 et
804 1959 1103 2012 praerogativa
1134 1959 1177 1999 in
1209 1959 1350 1999 causis
1373 1959 1636 2011 negotiisque
1659 1957 1923 2010 gravioribus

185 2042 231 2072 se
253 2031 405 2083 prodit,
438 2031 497 2071 ita
527 2031 657 2072 etiam
678 2030 850 2071 romani
874 2030 1061 2082 episcopi
1084 2030 1312 2082 primatum
1335 2028 1527 2069 videmus
1550 2030 1594 2069 in
1616 2029 1756 2069 causis
1779 2027 1922 2069 Eccle-

185 2102 273 2142 siae
295 2114 375 2143 ma
381 2101 600 2154 Joribus
622 2101 809 2142 maxime
835 2100 1051 2142 effulsisse.

304 2185 347 2228 3.
371 2182 491 2225 Sicut
513 2185 729 2226 temerarii
751 2188 861 2235 sunt,
885 2184 955 2236 qui
977 2195 1097 2236 reges
1121 2184 1318 2236 antiquos
1333 2183 1449 2235 regia
1464 2183 1653 2223 caruisse
1667 2183 1922 2223 auctoritate

184 2259 379 2296 asserant
412 2255 468 2296 ob
502 2255 765 2308 antiquitatis
799 2255 851 2296 de
890 2266 942 2296 ea
976 2253 1186 2295 silentium
1211 2254 1383 2309 (idcirco
1418 2253 1530 2294 enim
1555 2253 1784 2306 antiquitas
1816 2252 1922 2301 silet,

184 2325 283 2378 quia
304 2325 369 2367 vel
391 2337 443 2366 ea
465 2338 540 2379 per
561 2337 608 2367 se
631 2325 884 2377 intelligitur,
920 2324 987 2366 vel
1019 2325 1118 2377 quia
1138 2328 1428 2372 monumenta,
1462 2323 1614 2376 quibus
1636 2336 1782 2376 regum
1805 2328 1923 2376 gesta

183 2396 432 2449 consignata
455 2395 589 2447 fuere,
613 2396 866 2452 perierunt):
888 2396 947 2436 ita
969 2396 1181 2436 immerito
1205 2396 1376 2447 exigunt
1398 2395 1643 2444 adversarii,
1665 2387 1712 2435 ut
1733 2395 1922 2435 omnium

184 2471 376 2508 veterum
406 2467 653 2519 pontificum
689 2471 807 2519 gesta
827 2468 870 2507 in
892 2467 1079 2507 medium
1100 2466 1380 2518 proferantur.
1432 2465 1492 2506 Ex
1513 2466 1795 2519 legitimorum
1827 2478 1924 2506 suc-

332 2609 357 2649 ¹)
375 2608 453 2642 Hoc
465 2608 602 2653 passim
614 2608 804 2643 inculcant
817 2607 983 2652 theologi
998 2607 1170 2641 catholici
1185 2610 1225 2641 ut
1241 2617 1309 2642 em.
1323 2608 1419 2641 card.
1434 2608 1467 2641 H
1479 2619 1497 2642 e
1508 2620 1525 2641 r
1536 2619 1561 2653 g
1573 2618 1591 2641 e
1603 2620 1627 2641 n
1637 2619 1654 2640 1·
1666 2611 1685 2641 ὂ
1696 2607 1714 2640 t
1723 2608 1747 2640 h
1760 2617 1779 2640 e
1789 2618 1807 2640 1·
1819 2607 1921 2639 Anti-

179 2661 290 2705 janus
307 2662 324 2699 ἓ
342 2663 364 2697 7
382 2674 418 2706 p.
436 2662 482 2696 70
500 2674 565 2700 ss:
594 2662 802 2696 Andries
821 2662 929 2696 Petra
946 2671 1099 2695 romana
1117 2673 1152 2706 p.
1172 2665 1191 2695 2
1211 2660 1335 2706 diagn.
1354 2665 1393 2697 2:
1421 2661 1640 2705 Phillips
1659 2660 1921 2694 Kirchenrecht

182 2713 215 2747 V
234 2715 254 2759 ἓ
273 2716 337 2750 201
361 2726 399 2754 S„
419 2716 530 2749 etiam
548 2715 580 2749 D
593 2720 613 2750 ὃ
629 2715 687 2750 lli
702 2729 721 2749 n
733 2728 757 2760 g
769 2725 788 2749 e
800 2727 816 2748 r
833 2727 882 2759 qu
894 2715 1027 2749 ondam
1046 2713 1248 2748 catholicus
1267 2714 1398 2748 Kirche
1424 2715 1500 2749 und
1515 2714 1675 2748 Kirehen
1693 2726 1720 2747 s.
1739 2715 1781 2747 31
1802 2724 1846 2746 ss.
1865 2713 1921 2746 Ad

182 2778 261 2802 rem
278 2768 324 2801 de
342 2768 379 2802 M
390 2779 411 2802 a
424 2769 464 2802 is
474 2771 491 2802 i:
501 2780 519 2802 1·
531 2779 550 2803 e
567 2771 604 2803 in
623 2768 648 2802 l.
670 2769 790 2809 Espri‘t
804 2769 1038 2813 generateur:
1061 2792 1074 2807 ‚
1084 2768 1179 2801 C’est
1192 2779 1265 2802 une
1278 2768 1372 2812 pitie
1386 2767 1432 2801 de
1447 2768 1525 2802 voit
1539 2767 1776 2802 d'excellents
1790 2767 1920 2809 esprits

185 2832 221 2855 se
237 2822 321 2855 tuer
338 2822 360 2855 a
377 2832 533 2865 prouver
551 2833 618 2866 par
634 2822 812 2857 l'enfance
831 2830 903 2865 que
921 2821 957 2854 la
974 2821 1112 2854 virilite
1130 2822 1185 2854 est
1203 2833 1252 2855 un
1270 2821 1372 2865 abus,
1389 2821 1525 2861 tandis,
1551 2822 1686 2864 qu'une
1708 2818 1921 2853 institution

183 2873 425 2917 quelconque,
443 2874 568 2909 adulte
587 2886 632 2909 en
650 2877 815 2909 naissant
834 2876 890 2908 est
907 2884 979 2907 une
997 2874 1186 2908 absurdite
1207 2885 1253 2908 au
1270 2874 1428 2918 premier
1446 2874 1540 2914 chef,
1557 2884 1628 2907 une
1643 2871 1822 2907 vei-itable
1839 2882 1920 2905 con-

182 2926 385 2960 tradiction
405 2927 563 2971 logique.
596 2927 632 2962 Si
651 2928 703 2961 les
722 2927 886 2961 ennemis
914 2926 1064 2961 eclaires
1092 2928 1130 2961 et
1155 2927 1336 2971 generenx
1363 2927 1407 2962 de
1437 2928 1534 2961 cette
1553 2927 1746 2970 puissance
1764 2924 1920 2969 (romani

182 2979 385 3023 pontificis)
404 2980 616 3014 examinent,
635 2980 671 3014 la
687 2980 857 3024 question
877 2989 959 3013 sous
978 2989 1017 3013 ce
1035 2980 1143 3024 point
1160 2980 1205 3014 de
1223 2991 1302 3020 vue,
1326 2980 1365 3025 je
1391 2991 1437 3014 ne
1456 2981 1567 3014 doute
1584 2980 1691 3024 point
1709 2988 1780 3021 que
1799 2978 1919 3010 tontes

183 3032 236 3066 les
253 3031 455 3077 objections
469 3033 579 3067 tirees
593 3033 637 3067 de
654 3034 863 3077 l'antiquite
878 3044 924 3067 ne
938 3033 1202 3077 disparaissent
1216 3034 1237 3067 a
1251 3033 1349 3067 leurs
1362 3044 1457 3077 yeux
1482 3043 1623 3067 comme
1638 3044 1686 3065 un
1701 3031 1800 3075 leger
1813 3031 1919 3063 brou-

183 3084 304 3119 illard.
