2175 3382
227 162 316 201 4th
447 154 565 188 Truct.
587 154 645 188 111.
664 154 708 188 de
726 155 901 198 primatu.
921 153 1188 199 Opportunitas
1207 154 1432 189 definitionis
1451 154 1742 189 infallibilitatis.

228 274 328 314 dam
354 274 621 315 traditionem
646 273 880 325 potestatis,
909 273 1128 326 reliquisse
1150 277 1293 314 autem
1315 272 1528 314 Ecclesiae
1551 273 1738 324 arbitrio,
1770 278 1817 316 ut
1837 275 1964 316 ritum

230 345 472 385 accuratius
526 345 789 388 determinet.
852 343 980 397 Atqui
1033 344 1266 386 secundum
1317 344 1429 385 hanc
1470 344 1738 397 hypothesim
1779 344 1968 387 Ecclesia

230 416 375 468 primis
390 416 543 456 seculis
566 428 643 457 usa
666 420 730 456 est
752 427 955 457 manuum
979 415 1248 468 impositione
1271 414 1324 456 ad
1348 414 1629 456 conferendos
1650 415 1820 457 ordines
1841 427 1966 468 supe-

230 487 377 533 riores,
412 487 652 528 seculorum
685 491 828 527 autem
852 486 972 539 lapsu
995 499 1071 539 pro
1094 490 1304 539 potestate
1337 485 1416 526 sibi
1449 485 1560 526 facta
1591 486 1717 526 ritum
1750 486 1969 539 ampliavit

229 558 431 610 auxitque
455 557 623 610 adjecta
645 558 1023 598 instrumentorum
1046 557 1283 603 traditione,
1316 557 1393 604 vel.
1426 557 1461 597 si
1483 557 1556 605 vis,
1590 558 1771 598 mutavit
1792 558 1835 598 in
1855 557 1968 599 hanc

234 628 528 675 traditionem·,
562 641 693 681 quare
725 641 803 669 mo
818 628 881 668 do
916 629 958 668 in
980 627 1169 669 Ecclesia
1192 628 1368 668 latina
1391 628 1458 668 hic
1481 628 1585 669 ritus
1608 628 1687 669 erit
1710 628 1968 670 essentialis:

230 699 342 740 unde
365 699 436 740 illa
458 699 682 740 corollaria
700 699 790 752 jam
813 704 962 740 carent
983 698 1270 740 fundamento.
1313 698 1524 750 Quocirca

351 771 397 815 d.
422 770 607 822 theologi
628 770 761 822 probe
776 770 974 810 catholici
989 770 1117 811 etiam
1140 776 1236 822 post
1257 770 1369 811 hanc
1391 770 1728 820 instructionem,
1750 782 1968 823 nunquam

233 841 493 882 reclamante
528 853 707 882 romano
743 839 954 892 pontifice,
990 840 1241 882 dissentiunt
1272 840 1323 881 de
1358 842 1539 882 materia
1573 841 1789 882 essentiali
1823 853 1970 883 sacra·

237 913 367 953 menti
390 912 560 954 ordinis.
583 911 696 965 quod
719 923 815 952 cum
840 910 1085 952 definitione
1109 923 1130 952 e
1154 911 1357 952 cathedra
1381 911 1599 952 conciliari
1621 912 1777 965 nequit.

350 1016 445 1050 442.
469 1011 587 1048 Plura
609 1010 815 1048 brevitatis
837 1010 963 1059 gratia
984 1010 1345 1058 praetermittimus,
1368 1021 1439 1057 pro
1462 1020 1632 1058 quorum
1655 1009 1851 1047 solutione

350 1068 391 1110 1.
416 1072 588 1114 notetur,
613 1082 690 1107 non
714 1069 911 1118 quidquid
933 1069 1083 1106 romani
1104 1068 1310 1118 pontifices
1333 1068 1558 1114 laudarunt,
1581 1069 1858 1115 instituerunt,
1881 1081 1970 1118 ege·

229 1135 336 1173 runt,
360 1132 656 1177 promoverunt,
675 1129 917 1177 judicarunt,
941 1128 1230 1177 responderunt
1252 1127 1295 1164 in
1317 1128 1397 1165 suis
1420 1128 1610 1176 epistolis,
1637 1128 1879 1177 scripserunt
1900 1129 1971 1168 etc.

230 1201 300 1237 pro
324 1188 551 1225 definitione
574 1200 593 1224 e
616 1188 800 1225 cathedra
822 1187 1042 1224 habendum
1067 1199 1167 1232 esse;
1203 1187 1281 1224 imo
1302 1198 1373 1223 nec
1395 1187 1535 1232 omnia,
1569 1200 1668 1235 quae
1690 1187 1732 1224 in
1753 1187 1875 1224 bullis
1906 1187 1969 1225 vel

230 1248 397 1284 maxime
420 1247 651 1296 dogmaticis
674 1247 873 1296 leguntur,
907 1247 1104 1295 objectum
1135 1259 1217 1283 esse
1248 1245 1491 1283 definitionis
1524 1246 1785 1296 dogmaticam
1816 1246 1972 1284 eaedem

230 1307 335 1343 enim
357 1307 516 1356 regulae
539 1306 581 1343 in
604 1305 899 1343 determinando
922 1306 994 1343 hoc
1016 1305 1166 1354 objecto
1189 1305 1334 1343 servari
1356 1305 1512 1350 debent,
1537 1318 1633 1354 quas
1655 1305 1873 1354 sequendas
1887 1317 1972 1343 esse

229 1366 270 1402 in
294 1365 503 1403 statuendo
527 1365 679 1402 ambitu
701 1365 941 1403 definitionis
963 1365 1230 1409 conciliorum,
1253 1365 1355 1401 inira
1376 1377 1414 1401 n.
1439 1371 1521 1404 504
1546 1364 1810 1403 ostendemus.

350 1422 393 1465 ⁸2.
417 1425 539 1461 Plura
559 1424 790 1473 pontificum
813 1424 979 1469 decreta,
1004 1436 1104 1472 quae
1125 1423 1323 1469 falsitatis,
1347 1424 1616 1472 usurpationis
1638 1427 1710 1463 etc.
1725 1425 1971 1468 accusantur,

225 1485 308 1533 jam
330 1496 351 1520 a
374 1483 517 1521 seculis
540 1483 659 1520 tacito
682 1484 744 1521 vel
766 1495 949 1533 expresso
972 1483 1162 1520 Ecclesiae
1184 1495 1379 1520 consensu
1401 1486 1555 1531 recepta
1577 1485 1690 1520 sunt:
1724 1496 1844 1532 quare
1867 1483 1972 1532 ejus-

231 1543 337 1580 modi
360 1542 653 1580 criminationes
676 1546 819 1591 petunt
842 1540 928 1594 (pro
951 1540 1074 1594 more)
1098 1542 1226 1590 ipsam
1247 1541 1442 1579 Ecclesiae
1463 1541 1800 1579 infallibilitatem.
1961 1591 1965 1602 ι

350 1600 392 1642 3.
419 1602 565 1639 Damna
576 1604 616 1639 et
626 1602 879 1644 incommoda,
894 1614 992 1649 quae
1004 1601 1337 1650 nonnullipuerili
1350 1601 1490 1638 timore
1507 1601 1683 1638 societati
1698 1601 1804 1639 civili
1817 1601 1973 1647 timent,

234 1664 330 1698 sunt
351 1662 466 1709 plane
488 1660 636 1705 fictitia,
659 1671 738 1697 non
760 1661 891 1698 minus
915 1673 1037 1709 quam
1058 1660 1127 1697 illa
1149 1660 1301 1705 damna,
1325 1672 1426 1708 quae
1449 1672 1494 1697 ex
1515 1660 1754 1698 revelatione
1777 1662 1817 1697 et
1837 1660 1913 1697 fide
1934 1660 1976 1698 in

231 1720 434 1758 scientiam
455 1720 676 1757 redundare
697 1720 893 1757 increduli
914 1719 1123 1769 pueriliter
1144 1725 1185 1756 et
1205 1719 1346 1756 inscite
1364 1720 1524 1767 jactant.

351 1776 395 1819 4.
419 1779 525 1824 Quae
547 1779 730 1816 nonnulli
751 1779 947 1816 blaterant
970 1779 1052 1816 sive
1085 1778 1133 1816 de
1154 1778 1299 1827 spuriis
1322 1778 1578 1823 documentis,
1612 1778 1759 1826 quibus
1790 1778 1882 1816 haec
1912 1778 1974 1816 in-

234 1839 388 1876 nitatur
410 1838 598 1881 doctrina,
632 1838 712 1875 sive
736 1838 781 1875 de
803 1838 844 1876 vi
865 1850 908 1875 ac
928 1837 1149 1887 tyrannide,
1185 1850 1262 1886 qua
1293 1837 1426 1875 eadem
1448 1837 1570 1875 fuerit
1590 1837 1752 1875 inducta
1773 1839 1814 1875 et
1833 1849 1975 1887 propa-

234 1904 336 1947 gata,
360 1898 439 1935 sive
462 1897 508 1934 de
522 1897 643 1934 dubio
658 1897 877 1935 charactere
891 1897 1061 1942 illorum,
1085 1897 1152 1945 qui
1167 1897 1329 1934 eandem
1343 1896 1644 1946 propugnarint‚
1669 1896 1775 1934 inter
1787 1896 1976 1946 figmenta

235 1959 276 1994 et
297 1956 512 1994 calumnias
535 1956 778 1994 amandanda
800 1960 906 2002 sunt,
929 1956 1095 2004 ideoque
1117 1968 1244 2005 neque
1268 1955 1388 2005 digna
1408 1967 1609 2004 responso.

353 2052 452 2092 443.
482 2047 749 2101 Definitionis
771 2049 1070 2103 opportunitas.
1092 2073 1149 2078 ——
1171 2047 1327 2098 Quaeri
1357 2047 1530 2088 tandem
1564 2051 1716 2100 potest,
1747 2058 1879 2100 quare
1910 2047 1975 2088 iu-

238 2118 496 2159 fallibilitatis
520 2119 829 2171 praerogativa,
860 2131 970 2172 quae
992 2119 1099 2159 tanti
1121 2124 1185 2160 est
1207 2118 1412 2159 momenti
1434 2130 1510 2170 pro
1533 2117 1748 2159 Ecclesiae
1771 2117 1974 2171 regimine

236 2195 280 2231 et
300 2190 431 2243 praxi,
455 2195 544 2231 tam
566 2202 692 2231 sero
715 2190 887 2231 definita
909 2189 1044 2232 fuerit.
1087 2189 1412 2242 Respondemus

357 2261 398 2303 1.
423 2261 551 2301 etiam
574 2261 678 2302 alias
693 2261 893 2301 veritates
907 2260 1064 2301 summi
1078 2261 1295 2309 momenti,
1317 2272 1343 2300 a
1365 2259 1518 2313 quibus
1541 2259 1625 2300 alia
1648 2246 1850 2312 dogmata
1870 2271 1973 2312 pen-

236 2331 351 2374 dent.
386 2343 494 2379 sero,
515 2332 614 2387 [imo
637 2331 745 2372 forte
767 2331 958 2372 nondum
981 2331 1035 2371 ab
1058 2330 1247 2372 Ecclesia
1270 2331 1426 2372 diserte
1448 2330 1576 2371 fuisse
1598 2329 1804 2379 definitas,
1834 2335 1881 2370 ut
1911 2341 1975 2372 ex,

238 2415 295 2454 gr.
318 2402 602 2443 visibilitatem
635 2407 676 2443 et
706 2402 1046 2443 infallibilitatem
1067 2401 1295 2452 Ecclesiae,
1326 2401 1665 2443 infallibilitatem
1696 2401 1975 2442 conciliorum

237 2461 625 2522 oecumefii'ffi'fum,
647 2485 776 2526 quam
800 2473 908 2515 adeo
931 2479 1082 2525 urgent
1103 2474 1348 2515 adversarii.

357 2545 398 2587 2.
421 2543 518 2584 Ideo
542 2551 686 2585 autem
708 2556 796 2585 non
817 2544 987 2586 fuerunt
1009 2543 1208 2586 definitae
1231 2544 1442 2597 ejusmodi
1462 2545 1676 2592 veritates,
1707 2544 1820 2597 quod
1849 2555 1975 2596 prac-

236 2615 321 2655 tice
346 2614 691 2656 admittebantur.
735 2615 795 2655 Ita
829 2627 880 2656 eo
906 2616 999 2667 ipso
1023 2615 1137 2668 quod
1160 2615 1360 2668 loquente
1382 2627 1501 2656 conc.
1524 2615 1800 2656 oecumenico
1824 2626 1974 2656 cense-

239 2685 366 2726 batur
408 2686 701 2726 controversia
742 2697 802 2738 pe
816 2690 1029 2739 rempto
1043 2687 1120 2727 rie
1164 2685 1356 2734 definita,
1398 2685 1636 2727 refractarii
1673 2684 1976 2738 judicabantur

239 2755 537 2804 haeretici,
569 2757 756 2807 practice
779 2756 1034 2798 credebatur
1055 2756 1156 2798 illud
1178 2756 1403 2798 infallibile.
1446 2756 1507 2798 Ita
1538 2769 1635 2797 cum
1666 2756 1846 2798 docente
1867 2768 1974 2808 pon-

240 2826 352 2868 tifice
375 2839 506 2867 causa
529 2832 773 2867 censeretur
795 2827 923 2876 finita,
947 2833 1224 2869 contumaces
1238 2827 1499 2868 haberentur
1520 2827 1746 2868 haeretici:
1768 2831 1974 2880 quantum

238 2898 344 2938 satis
366 2902 431 2938 est
454 2896 507 2937 ad
530 2897 736 2938 unitatem
758 2897 983 2947 Ecclesiae,
1007 2898 1320 2950 agnoscebatur
1341 2897 1531 2950 ejusdem
1554 2896 1838 2940 infallibilitaS.

360 2969 402 3012 3.
427 2966 533 3009 Cum
564 2979 666 3008 vero
699 2973 825 3008 aucta
856 2969 898 3008 in
932 2968 1020 3009 dies
1055 2969 1347 3010 controversia
1378 2973 1421 3009 et
1442 2967 1706 3009 dubitatione
1726 2980 1815 3009 non
1836 2968 1973 3009 solum

242 3039 477 3080 theoretica
500 3037 555 3079 ob
579 3038 681 3079 cleri
703 3038 898 3089 gallicani
921 3039 1268 3090 declarationem,
1300 3039 1375 3080 sed
1402 3040 1531 3080 etiam
1553 3039 1753 3091 practica,
1786 3051 1812 3079 a
1828 3039 1974 3091 Janse-

243 3110 393 3160 manis,
424 3108 684 3150 febronianis
716 3108 891 3162 aliisque
922 3110 1161 3161 neotericis,
1191 3110 1442 3163 praesertim
1473 3114 1622 3151 nostra
1643 3115 1795 3160 aetate,
1828 3109 1975 3151 omnia
