2175 3382
276 124 355 162 124¹,
654 114 772 151 'ri-atet,
796 114 836 147 ll.
858 113 909 147 De
930 114 1144 148 traditione.
1166 113 1294 147 'rhesis
1314 112 1440 148 XXIII,
1463 111 1621 146 Medium

279 240 508 276 svrutantes
530 234 789 287 Scripturas,
820 234 855 273 si·
886 233 986 273 haec
1020 234 1077 273 ica
1100 247 1140 272 se
1161 232 1369 282 haberent,
1393 243 1501 284 quate
1527 231 1698 271 minime
1729 235 1827 271 sunt
1859 235 2011 271 eontra

273 310 462 347 nostram
496 305 799 351 assertionem;
834 316 932 344 num
966 304 1007 343 hi
1035 303 1179 355 judaei
1216 315 1301 343 non
1333 301 1633 342 scrutabuntur
1667 301 1796 342 libros
1818 300 1864 345 N.
1887 301 1944 350 T.,
1966 306 2012 342 ut

272 377 368 418 inde
403 381 599 417 eruerent
630 376 866 417 doctrinam
891 376 1065 416 Christi:
1099 374 1173 415 sed
1207 373 1394 426 profecto
1430 372 1560 413 libros
1583 372 1630 413 V.
1653 372 1708 421 T.,
1739 377 1785 413 ut
1815 371 2011 413 omnibus

273 449 351 488 rito
376 447 570 499 expensis
593 446 796 495 viderent,
820 458 920 486 num
944 456 1093 485 revera
1115 445 1156 484 in
1180 443 1345 485 Christo
1361 443 1591 496 adimpleta
1612 443 1694 483 sint
1708 443 2011 495 prophetarum

272 519 473 559 vaticinia
505 517 683 570 ideoque
717 518 806 569 ipse
829 517 881 557 sit
908 516 1083 556 Messias
1118 515 1242 555 toties
1277 514 1475 555 divinitus
1508 514 1760 566 praedictus,
1793 517 1834 554 et
1865 517 2013 554 auctor

274 601 411 629 novae
444 590 735 637 oeconomiae,
767 592 891 639 prout
925 600 949 626 a
983 585 1115 627 Paulo
1149 584 1498 632 annunciabutur,
1531 589 1576 625 ut
1621 585 1677 625 ita,
1720 584 1773 624 ad
1805 583 1929 625 fidem
1970 584 2013 625 in

274 661 412 712 ipsum
436 660 746 700 inducerentur.
769 658 864 699 Jaim
891 669 992 698 vero
1016 656 1129 698 nullo
1164 656 1291 697 modo
1315 656 1497 708 probare
1520 660 1697 708 possunt
1718 660 2013 708 protestantes,

274 732 384 772 hanc
407 732 703 772 oeconomiam
727 733 823 781 post
845 728 1136 780 apostolorum
1159 731 1339 767 mortem
1363 739 1531 768 cessare
1546 726 1754 775 debuisse,
1777 727 2013 780 horumque

276 802 519 853 magisterio
554 801 650 841 vivo
678 799 1018 841 substituendum
1046 799 1173 839 fuisse
1196 799 1484 851 magisterium
1522 798 1652 839 solius
1686 812 1716 842 s,
1751 797 2014 851 Scripturae3

282 874 363 913 imo
401 872 543 913 omnia
579 871 769 920 suadent,
806 870 956 911 eudem
990 870 1156 910 ratione
1191 868 1344 910 Christi
1375 868 1611 909 doctrinam
1643 869 1768 910 etiam
1802 869 1844 909 in
1874 873 2015 922 poste-

278 956 372 984 rum
404 942 530 983 fuisse
562 941 927 994 promulgandam,
971 953 1054 994 qua
1085 940 1203 981 initio
1238 939 1361 981 fuerit
1394 940 1623 992 proposita,
1657 952 1754 981 cum
1787 941 1932 981 intime
1963 940 2017 981 sit

279 1017 478 1054 conserta
501 1025 598 1053 cum
621 1024 671 1053 ea
693 1011 906 1052 Ecclesiae
931 1011 1242 1060 constitutione,
1275 1022 1401 1063 quam
1437 1014 1525 1050 tam
1548 1010 1660 1051 clare
1683 1010 1776 1051 libri
1798 1009 1845 1052 N.
1868 1010 2015 1052 Testa-

277 1084 407 1125 menti
433 1083 487 1124 ob
511 1083 657 1124 oculos
680 1086 855 1135 ponunt,
877 1082 1090 1134 ipsiusque
1115 1083 1301 1122 auctoris
1323 1080 1536 1122 Ecclesiae
1559 1081 1753 1133 exemplo
1775 1082 1952 1125 sancita.

404 1158 497 1199 115.
513 1154 746 1196 Secundum
764 1157 1051 1207 argynmentum
1066 1151 1463 1204 praebentverba
1485 1150 1693 1192 Christi
1716 1151 1885 1201 diserta,
1907 1164 2016 1205 quae

276 1228 367 1279 ejus
389 1226 469 1267 hac
491 1226 534 1266 in
556 1236 602 1266 re
623 1224 889 1265 voluntatem
913 1227 1057 1276 aperte
1081 1222 1364 1264 manifestant.
1396 1221 1576 1263 Notetur
1597 1223 1710 1263 enim
1734 1236 1776 1267 a.
1802 1221 2017 1264 Christum

278 1309 496 1350 nunquam
529 1295 732 1348 apostolis
762 1294 1045 1347 praecepisse,
1080 1298 1125 1334 ut
1149 1294 1304 1346 aliquid
1327 1293 1575 1342 scriberent,
1597 1293 1672 1335 sed
1694 1305 1863 1346 semper
1883 1293 2017 1335 incul-

277 1380 410 1416 casse,
432 1372 479 1408 ut
510 1367 797 1415 docerent,
830 1365 1246 1418 praedicarent,
1278 1369 1451 1406 testes
1484 1368 1645 1405 essent:
1678 1375 1814 1417 neque
1837 1364 2019 1417 apostoli

278 1509 561 1563 praedicandi.
615 1507 697 1549 Vae
719 1509 825 1549 enim
849 1507 949 1548 mihi
971 1511 1039 1556 est,
1064 1507 1198 1560 inquit
1221 1506 1375 1547 Paulus
1403 1510 1423 1550 1
1449 1504 1545 1550 Cor.
1570 1509 1607 1558 9,
1637 1510 1701 1555 16,
1734 1507 1770 1547 εἰ
1791 1519 1873 1547 non
1894 1520 2018 1548 evan-

277 1582 517 1636 qelizavero.
560 1580 688 1634 Atqui
724 1580 923 1621 credibile
946 1592 1033 1620 non
1057 1583 1132 1628 est,
1157 1578 1369 1620 Christum
1393 1579 1585 1619 omisisse
1609 1578 1826 1630 apostolos
1847 1590 2022 1619 monere

279 1653 331 1694 de
354 1653 436 1701 illo,
459 1651 571 1704 quod
594 1664 645 1692 ex
669 1652 759 1704 ejus
781 1651 1015 1692 intentione
1038 1650 1313 1702 praecipuum
1337 1649 1510 1690 deberet
1532 1660 1625 1690 esse
1648 1649 1834 1689 medium
1849 1649 1903 1690 ad
1918 1649 2020 1690 doc-'

283 1725 435 1765 trinam
457 1735 580 1763 suam
603 1722 921 1763 diffundendam
945 1726 986 1762 et
1008 1721 1342 1774 propagandam,
1375 1719 1503 1772 Cujus
1526 1720 1681 1761 silentii
1702 1721 1749 1763 b.
1772 1720 1836 1760 vis
1858 1720 2020 1770 crescit,

278 1794 392 1848 quod
422 1793 655 1834 secundum
689 1797 976 1846 protestantes
1008 1791 1110 1833 nihil
1148 1791 1302 1832 debeat
1333 1791 1506 1839 admitti,
1538 1791 1621 1831 nisi
1653 1790 1766 1843 quod
1798 1802 1849 1831 ex
1871 1790 2021 1832 divinis

278 1865 481 1918 probetur
501 1865 643 1914 literis,
666 1864 817 1917 quibus
841 1863 940 1904 solis
962 1875 1008 1904 se
1031 1868 1144 1904 stare
1179 1863 1303 1904 toties
1340 1866 1597 1903 asseverant.
1639 1861 1826 1902 Probent
1847 1873 1947 1914 ergo
1969 1874 2021 1903 ex

279 1936 506 1989 Scripturis
529 1936 610 1976 hoc
633 1933 788 1976 Christi
811 1935 1047 1985 consilium,
1079 1935 1131 1976 de
1165 1946 1248 1987 quo
1281 1934 1512 1986 praecipua
1545 1937 1587 1973 et
1608 1932 1935 1974 fundamentalis
1957 1937 2022 1974 est

277 2007 571 2049 controversia
603 2007 712 2046 inter
743 2017 823 2046 nos
855 2009 896 2046 et
926 2005 1052 2057 ipsos.
1096 2002 1385 2045 Confirmatur
1416 2002 1606 2055 ejusdem
1638 2003 1792 2043 silentii
1812 2002 2021 2055 probandi

280 2079 342 2120 vis
365 2091 406 2122 c.
430 2077 542 2118 facta
565 2077 790 2118 collatione
813 2076 923 2117 inter
945 2075 1248 2117 oeconomiam
1271 2078 1485 2115 servatam
1508 2086 1534 2114 a
1556 2073 1644 2114 Deo
1667 2073 1709 2114 in
1724 2085 1942 2126 synagoga
1954 2073 2020 2114 in-

284 2149 497 2191 stituenda
520 2152 561 2190 et
583 2147 736 2189 Christi
759 2147 1056 2189 oeconomiam
1088 2146 1131 2186 in
1166 2145 1388 2186 condenda
1410 2144 1607 2188 Ecclesia.
1651 2144 1884 2197 Postquam
1907 2145 2021 2185 enim

280 2221 392 2262 Deus
414 2220 677 2261 voluntatem
700 2231 822 2259 suam
844 2217 981 2270 Moysi
1003 2217 1178 2270 aperuit,
1203 2215 1381 2257 subinde
1407 2228 1502 2257 eum
1513 2216 1638 2268 jussit
1651 2214 1858 2256 scribere:
1881 2214 2022 2256 Scribe

281 2292 355 2332 tibi
375 2291 498 2333 verba
529 2291 641 2344 haec,
673 2289 820 2344 quibus
851 2297 884 2330 et
918 2293 1046 2329 tecum
1079 2292 1115 2328 et
1147 2301 1238 2328 cum
1262 2286 1409 2328 Israel'
1422 2287 1566 2341 pepiyi
1594 2287 1741 2339 foedus
1763 2285 1850 2342 (Ex.
1874 2288 1941 2335 34,
1965 2289 2018 2330 27

284 2363 361 2405 col.
387 2366 453 2412 17,
470 2362 564 2417 14);
588 2365 630 2403 et
652 2372 780 2413 saepe
803 2359 993 2409 refertur,
1008 2359 1154 2400 sedulo
1170 2358 1347 2412 Moysen
1360 2357 1435 2399 Dei
1457 2358 1589 2398 verba
1603 2357 1878 2409 consignasse
1891 2356 2021 2397 literis

284 2433 368 2487 (Ex.
395 2436 462 2482 24,
485 2436 534 2480 43
556 2431 674 2473 Deut.
699 2435 768 2480 31,
791 2435 828 2474 9.
852 2434 909 2475 24
924 2430 1033 2486 ete),
1055 2430 1140 2471 imo
1165 2431 1254 2482 ipse
1276 2429 1387 2470 Deus
1409 2427 1654 2480 perhibetur
1675 2427 1746 2471 Ex.
1761 2431 1829 2477 24,
1856 2429 1929 2475 123
1953 2430 2020 2476 31,

289 2508 364 2553 1&
395 2504 512 2547 Deut.
535 2506 574 2552 5,
598 2505 653 2545 22
676 2501 896 2553 scripsisse
918 2501 1068 2553 legem.
1111 2500 1177 2542 Ad
1207 2512 1298 2541 rem
1333 2498 1763 2552 Chrysostomus
1793 2498 1905 2539 horn.
1932 2501 1954 2541 1
1978 2497 2022 2538 in

285 2574 429 2616 Matth.
452 2587 490 2614 n.
517 2577 562 2617 1:
591 2572 709 2626 „Non
733 2573 845 2613 enim
869 2572 1052 2624 apostoli
1073 2572 1124 2613 de
1147 2576 1292 2612 monte
1314 2570 1623 2612 descenderunt
1644 2568 1811 2610 tabulas
1832 2568 2022 2621 lapideas

284 2648 327 2686 in
348 2645 544 2685 manibus
566 2647 784 2697 portantes
807 2643 914 2684 sicut
935 2642 1114 2696 Moyses,
1137 2642 1212 2683 sed
1233 2642 1424 2694 spiritum
1446 2641 1489 2681 in
1512 2644 1653 2682 mente
1675 2638 2020 2680 circumferentes

287 2721 330 2758 et
350 2717 596 2757 thesaurum
619 2714 831 2767 quendam
854 2726 904 2754 ac
926 2713 1085 2755 fontem
1108 2713 1354 2765 dogmatum
1369 2717 1410 2753 et
1424 2712 1731 2753 charismatum
1746 2709 2020 2759 effundentes,

286 2788 345 2828 ita
365 2786 521 2838 ubique
544 2785 779 2826 circuibant
801 2784 894 2825 libri
917 2789 958 2825 et
979 2780 1122 2836 legum
1140 2784 1307 2825 codices
1330 2783 1413 2824 vivi
1435 2795 1511 2835 per
1532 2782 1711 2834 gratiam
1738 2781 1907 2822 effecti.“
1934 2780 2020 2822 Eti-

287 2857 394 2898 amsi
415 2868 517 2897 vero
549 2857 592 2900 d.
626 2859 914 2908 protestantes
945 2856 1198 2913 evincerent,
1231 2859 1272 2896 et
1294 2854 1505 2895 Christum
1528 2852 1796 2906 praecepisse
1819 2852 2022 2904 apostolis

286 2933 332 2969 ut
353 2927 598 2976 scriberent,
622 2930 663 2967 et
686 2926 903 2978 apostolos
926 2926 1156 2978 scripsisse,
1190 2937 1277 2966 non
1299 2929 1525 2978 propterea
1547 2935 1670 2965 suum
1693 2927 1930 2964 statuerent
1951 2935 2020 2975 sy-

289 3004 436 3040 stema.
478 2997 599 3047 Nam,
620 3009 707 3038 non
731 2996 927 3038 obstante
948 2997 1039 3049 lege
1062 2997 1218 3050 Moysis
1250 2996 1418 3048 scripta,
1451 2998 1543 3036 erat
1573 2994 1616 3034 in
1650 3005 1867 3047 synagoga
1887 2992 2020 3044 magi-

289 3070 466 3111 sterium
488 3070 629 3109 vivum
653 3067 913 3109 ordinarium
946 3067 1217 3109 sacerdotum
1240 3071 1281 3108 et
1303 3064 1684 3106 extraordinarium
1707 3063 2021 3115 prophetarum,
