2175 3382
159 122 242 163 2523
444 116 565 150 'Pi-act.
587 115 646 150 111.
666 116 709 150 de
728 116 901 151 Ecclesia.
920 116 1046 151 Thesis
1064 117 1153 152 LXI.
1173 117 1473 162 Apostolicitatis
1492 118 1605 153 notio.

159 238 325 287 quando,
349 237 416 274 sed
438 238 556 285 quia
578 240 668 276 actu
691 240 769 276 est
790 238 945 284 diffusa,
969 239 1072 288 quod
1095 240 1165 277 hac
1187 240 1229 277 in
1252 240 1459 289 hypothesi
1483 253 1618 278 verum
1634 241 1804 290 amplius
1819 252 1898 278 non

158 300 227 335 est.
270 296 415 334 Deinde
438 293 485 336 b.
509 309 555 334 ea
576 309 758 335 concessa
781 298 968 343 eluditur,
1004 299 1107 347 quod
1130 299 1231 337 thesi
1254 299 1499 338 antecedenti
1534 299 1796 348 probavimus,
1827 311 1898 338 no-

159 369 246 394 men
270 355 353 393 scil.
376 355 446 393 hoc
468 367 551 393 esse
574 357 775 405 proprium
799 369 910 394 verae
933 357 1136 402 Ecclesiae,
1169 370 1247 406 quo
1271 371 1292 396 a
1313 358 1455 407 quovis
1487 361 1601 396 coetu
1623 358 1816 396 haeretico
1837 357 1898 396 di-

158 415 404 464 stinguatur;
437 416 483 452 ut
504 415 609 452 enim
632 429 653 452 a
675 415 814 464 quovis
837 419 951 454 coetu
984 417 1177 454 haeretico
1210 417 1280 455 hoc
1311 418 1467 455 nomine
1498 430 1588 455 vere
1619 417 1899 468 distinguatur,

158 486 241 511 eam
263 473 544 522 proprietatem
566 477 656 512 actu
678 474 877 523 possidere
899 475 1026 521 debet,
1059 488 1158 524 quae
1181 477 1266 525 ipso
1298 476 1457 514 nomine
1488 476 1740 525 exprimitur3
1772 488 1899 525 neque

159 533 262 570 enim
286 545 437 570 merum
460 545 602 570 nomen
623 535 682 571 est
704 533 837 582 aliqua
872 535 1157 584 praerogativa.
1202 544 1244 575 ο.
1268 535 1450 573 Admissa.
1472 535 1542 573 hac
1564 535 1774 585 hypothesi
1796 535 1899 572 mul-

157 594 243 629 tum
265 591 416 629 roboris
439 592 639 630 amitteret
660 594 953 642 argumentatio
975 596 1132 642 patrum
1158 594 1348 632 adversus
1372 594 1600 639 donatistas,
1635 607 1723 632 cum
1755 594 1899 632 idcireo

158 651 321 688 maxime
343 650 524 695 inferant,
548 651 762 689 donatistas
785 664 866 689 esse
888 655 997 690 extra
1019 652 1242 698 Ecclesiam,
1277 653 1382 702 quod
1405 666 1484 691 una
1504 653 1707 703 provincia
1727 653 1899 691 latitent.

158 710 363 747 Praeterea
398 707 443 751 d.
468 710 673 754 sententia,
709 723 827 759 quam
858 711 1149 761 impugnamus.
1184 712 1379 749 Ecclesiae
1411 712 1679 750 visibilitatem
1710 715 1752 751 et
1780 712 1900 761 maje-

159 772 300 806 statem
322 769 363 806 in
385 769 596 806 discrimen
619 773 728 806 vocat
749 766 789 810 ¹).

805 885 1125 928 Articulus
1159 885 1239 929 lv.

599 967 666 1008 De
699 967 985 1008 Ecclesiae
1019 968 1448 1020 apostolicitate

277 1053 373 1094 313·
396 1050 564 1092 TllssSlS
589 1050 714 1093 LXI·
767 1065 976 1100 Succedit
1006 1066 1276 1107 proprietas
1312 1075 1405 1109 qua
1430 1066 1634 1101 Ecclesia
1661 1069 1726 1100 est
1751 1066 1901 1100 credi-

158 1127 327 1165 turque
364 1123 616 1166 apostolica
651 1124 681 1156 i.
708 1133 744 1157 e.
771 1123 1013 1165 ejusmodi,
1050 1134 1166 1167 quae
1201 1125 1258 1158 ab
1293 1125 1514 1166 apostolis
1548 1126 1760 1168 profecta
1795 1134 1897 1160 cum

158 1184 323 1218 iisdem
340 1182 734 1225 apostoliapastor
737 1191 813 1216 um
828 1185 1110 1218 successione
1124 1194 1365 1227 nunquam
1382 1186 1536 1219 interr
1540 1188 1652 1227 upta
1661 1185 1901 1228 §unaucur-

276 1251 822 1295 Declarati0.lc(le51am
844 1263 938 1292 esse
962 1257 1004 1293 et
1026 1264 1120 1293 esse
1143 1253 1298 1294 dehere
1322 1253 1695 1306 apostolicam
1717 1257 1807 1294 tum
1829 1264 1900 1294 ra-

160 1323 274 1363 tione
308 1322 564 1380 οΓίσίῃὶε.
597 1305 807 1375 qu‘fft‘eiius
829 1323 1025 1364 videlicet
1047 1336 1071 1365 a
1095 1322 1261 1365 Christo
1286 1337 1360 1377 per
1383 1325 1603 1377 apostolos
1627 1329 1692 1366 est
1714 1323 1901 1373 fundata,

160 1398 248 1433 tum
272 1393 438 1434 ratione
471 1392 496 1433 d
511 1394 694 1442 octtin
707 1405 788 1442 ae,
821 1406 950 1446 quam
982 1394 1036 1435 ab
1070 1395 1274 1447 apostolis
1298 1400 1519 1449 acceptam
1537 1396 1698 1448 jugiter
1719 1394 1903 1436 custodit

163 1475 213 1504 ac
244 1463 477 1516 profitetur,
498 1467 646 1518 *neque
670 1465 747 1516 ipsi
770 1469 1057 1516 protestantes
1080 1454 1340 1507 infitiantur]
1373 1465 1456 1508 Sed
1479 1467 1653 1519 insuper
1674 1466 1903 1520 requiritur

159 1538 205 1574 ut
230 1533 413 1574 Ecclesia
435 1534 489 1574 sit
511 1535 748 1587 apostolica
769 1536 936 1582 ratione
959 1549 1000 1576 m
1037 1518 1456 1580 nim
1469 1520 1589 1579 {iiim
1596 1510 1802 1590 aiiss'sl‘iiii‘s‘
1825 1547 1899 1589 per

161 1616 378 1656 nunquam
393 1605 672 1657 interruptam
688 1610 909 1658 pastorum
923 1607 1078 1648 seriem
1095 1607 1341 1659 jungatur„
1348 1608 1407 1649 ita
1430 1620 1505 1661 per
1527 1608 1821 1650 successiones
1843 1606 1897 1648 ab

159 1675 276 1716 initio
292 1675 598 1722 decurrentem
622 1681 668 1717 ut
689 1676 850 1729 primus
871 1677 940 1718 ille
955 1678 1180 1731 episcopus
1195 1678 1378 1731 aliquem
1403 1691 1454 1721 ex
1477 1679 1682 1733 apostolis
1703 1678 1771 1719 vel
1793 1689 1899 1731 apo-

303 1792 401 1834 1)Ad
413 1804 488 1827 rem
507 1795 537 1826 A
550 1805 572 1825 u
584 1805 609 1837 g
619 1794 721 1827 usti
732 1806 756 1827 n
768 1806 791 1827 u
804 1805 818 1827 s
838 1794 882 1828 de
899 1795 991 1828 uuit.
1007 1794 1106 1829 Eccl.
1122 1807 1148 1829 C.
1168 1799 1211 1832 16
1225 1808 1259 1830 n.
1274 1799 1339 1832 40:
1363 1798 1586 1840 ,Nonputest
1598 1799 1722 1831 civitas
1734 1796 1904 1830 abscondi

159 1864 265 1896 supet
298 1857 445 1887 montem
474 1854 669 1888 constitut(
709 1853 777 1886 Sed
796 1853 995 1888 donatistis
1012 1853 1114 1889 velut
1133 1857 1260 1900 opeita
1278 1857 1344 1891 est.
1374 1856 1437 1900 qui
1456 1855 1613 1890 audiunt
1629 1856 1706 1890 tam
1723 1854 1850 1889 lucida
1867 1856 1905 1888 et

159 1906 357 1939 manifesta
374 1905 600 1946 testimonia,
620 1916 714 1948 quae
733 1905 838 1940 illam
857 1910 937 1941 toto
957 1908 1044 1941 orbe
1071 1907 1245 1942 diffusam
1264 1909 1529 1950 demonstrant,
1548 1910 1586 1943 et
1604 1908 1749 1942 malunt
1767 1907 1904 1941 clausis

160 1958 277 1992 oculis
295 1958 476 1992 offendere
492 1959 531 1992 in
546 1962 722 2000 montem,
743 1970 853 2002 quam
869 1960 908 1994 in
923 1971 1006 1994 eum
1021 1962 1237 2001 ascendere;
1258 1963 1321 2006 qui
1340 1972 1420 1996 cum
1438 1963 1535 1996 esset
1548 1961 1644 2006 lapis
1656 1960 1845 2006 praecisus
1860 1959 1905 1994 de

160 2014 284 2046 monte
303 2012 379 2046 sine
401 2012 571 2045 manibus
589 2011 694 2052 (Dan.
715 2016 746 2052 2,
765 2015 834 2052 35·‚
853 2013 966 2047 crevit
985 2015 1021 2048 et
1039 2013 1158 2048 factus
1178 2017 1233 2049 est
1252 2026 1360 2049 mons
1374 2016 1505 2061 ingens
1520 2015 1557 2049 et
1571 2013 1745 2059 implevit
1758 2013 1901 2048 univer-

159 2076 236 2098 sam
254 2067 423 2098 terram:
446 2064 498 2100 Cf.
521 2065 628 2097 tract.
652 2067 667 2097 1
687 2065 724 2097 in
750 2069 776 2098 l.
796 2075 852 2108 ep.
871 2065 977 2099 Joan.
997 2078 1032 2100 n.
1054 2069 1114 2104 132
1137 2078 1256 2102 enarr.
1276 2071 1296 2102 2
1315 2069 1355 2102 in
1379 2068 1488 2105 Ps.21
1507 2080 1542 2102 n.
1567 2069 1717 2107 23—30,
1736 2076 1905 2111 praeser-

159 2119 228 2152 tim
247 2128 329 2152 vero
348 2128 392 2161 ep
428 2120 491 2153 129
512 2129 544 2151 n.
565 2121 597 2158 2,
615 2117 679 2151 ubi
698 2118 793 2152 belle
811 2119 865 2152 ita.
883 2119 1029 2154 scribit:
1050 2120 1175 2159 ,Sicut
1200 2131 1275 2155 non
1299 2121 1469 2156 audimus
1483 2122 1613 2154 contra
1627 2119 1817 2155 Christum
1831 2128 1906 2158 eos,

160 2172 223 2216 qui
243 2171 372 2205 dicunt
391 2181 521 2216 corpus
541 2173 617 2215 ejus
636 2171 680 2205 de
699 2172 864 2215 sepulcro
883 2173 1047 2207 furatum
1066 2185 1087 2208 a
1105 2174 1314 2219 discipulis;
1335 2175 1385 2209 sic
1398 2185 1471 2208 non
1486 2174 1662 2208 debemus
1676 2172 1804 2207 audire
1820 2182 1905 2207 con-

159 2230 217 2260 tra
237 2226 313 2270 ejus
329 2225 527 2259 Ecclesiam
547 2236 620 2265 eos,
642 2226 707 2269 qui
727 2226 857 2260 dicunt
875 2236 949 2260 non
968 2237 1049 2261 eam
1068 2238 1144 2262 esse
1171 2229 1243 2262 nisi
1260 2229 1300 2262 in
1318 2229 1406 2263 solis
1425 2228 1512 2262 afris
1531 2230 1567 2262 et
1586 2227 1747 2262 afrorum
1761 2226 1905 2272 paucis-

160 2279 262 2314 simis
282 2279 400 2314 sociis.
420 2279 617 2324 Apostolus
637 2279 774 2324 quippe
794 2280 896 2321 dicit,
913 2281 1089 2324 quoniam
1106 2291 1254 2316 veraces
1270 2281 1464 2316 christiani
1479 2282 1645 2327 membra
1668 2281 1754 2315 sunt
1767 2279 1907 2314 christi

161 2333 266 2377 (Eph.
286 2338 318 2369 4.
339 2335 415 2377 25):
436 2334 530 2367 sicut
549 2344 636 2378 ergo
656 2344 729 2368 non
748 2334 929 2369 credimus
948 2336 1045 2369 furto
1066 2336 1283 2380 cujusquam
1301 2336 1454 2381 periisse
1486 2346 1634 2370 carnem
1650 2334 1786 2370 Christi
1813 2345 1906 2369 mor-

161 2392 266 2420 tuam
285 2388 329 2421 de
349 2387 527 2431 sepulcrm
548 2388 597 2421 sic
616 2388 761 2422 credere
789 2398 861 2422 non
891 2388 1065 2423 debemus
1095 2391 1247 2434 peccato
1278 2390 1496 2435 cujusquam
1525 2390 1611 2424 viva
1638 2389 1715 2434 ejus
1742 2388 1907 2424 membra

160 2440 314 2483 periisse
333 2439 377 2473 de
396 2440 543 2474 mundo.
563 2440 645 2474 Non
664 2445 717 2474 est
736 2441 863 2485 itaque
882 2441 1043 2483 difficile,
1065 2443 1242 2486 quoniam
1261 2444 1372 2487 caput
1385 2444 1443 2477 est
1456 2441 1625 2477 Christus
1648 2446 1685 2476 et
1699 2451 1830 2486 corpus
1844 2440 1907 2475 Ec-

162 2491 283 2526 clesia.
298 2492 407 2525 simul
421 2492 460 2526 in
476 2492 676 2538 Evangelio
692 2495 989 2529 commendatum
1004 2495 1128 2530 videre
1143 2497 1179 2530 et
1195 2498 1307 2541 caput
1319 2498 1446 2530 contra
1459 2494 1906 2540 calumniasjudaeorum,

163 2548 198 2579 et
218 2555 349 2590 corpus
368 2547 495 2580 contra
514 2546 792 2581 criminationes
809 2548 1091 2586 haereticorum.
1109 2549 1205 2584 Nam
1225 2550 1324 2594 quod
1341 2549 1498 2594 legitur:
1520 2550 1705 2593 Oportebat
1724 2550 1903 2584 Christum

156 2600 240 2642 pati
255 2603 286 2632 et
303 2610 487 2642 resuryere
505 2611 527 2633 a
546 2601 696 2634 mortuis
713 2604 814 2634 tertio
833 2603 900 2646 die,
920 2603 1049 2636 contra
1067 2612 1126 2636 eos
1147 2604 1213 2645 est,
1239 2602 1303 2647 qui
1328 2602 1455 2636 dicunt
1473 2605 1660 2636 mortuum
1678 2601 1723 2636 de
1740 2601 1907 2646 sepulcro

164 2661 240 2685 esse
259 2650 467 2686 sublatum:
487 2652 586 2695 quod
605 2654 730 2686 autem
751 2654 927 2697 sequitur,
957 2661 987 2689 et
1006 2658 1219 2699 praedicari
1235 2658 1272 2690 in
1290 2659 1431 2690 nomine
1448 2657 1521 2698 ejus
1532 2656 1783 2699 poenitentiam
1805 2658 1836 2688 et
1851 2665 1905 2688 re-

162 2707 365 2739 missionem
376 2711 601 2748 peccatorum
614 2717 684 2749 pe]-
702 2718 815 2741 omnes
829 2713 944 2751 yentes
970 2710 1215 2753 incipientibus
1232 2721 1255 2744 α
1271 2710 1470 2743 Jerusalem
1488 2708 1587 2755 (Luc.
1606 2711 1661 2749 24,
1679 2709 1749 2753 46),
1778 2708 1905 2742 contra

161 2769 224 2792 eos
241 2760 307 2799 est,
325 2759 390 2802 qui
408 2758 535 2792 dicunt
553 2768 627 2792 non
646 2770 722 2794 esse
743 2759 942 2794 Ecclesiam
971 2762 1010 2795 in
1038 2761 1125 2796 orbe
1143 2764 1334 2803 terrarum,
1362 2764 1406 2796 ut
1422 2773 1496 2796 uno
1514 2761 1615 2796 brevi
1635 2760 1800 2806 capitulo
1817 2771 1906 2805 pau-

163 2811 288 2855 cisque
304 2811 426 2846 verbis
445 2814 481 2846 et
499 2812 672 2846 inimicus
692 2813 824 2857 capitis
843 2815 879 2847 et
896 2813 1068 2849 inimicus
1097 2815 1258 2861 corporis
1275 2815 1479 2860 repellatur
1497 2819 1546 2859 et,
1565 2815 1595 2849 si
1612 2814 1773 2849 fideliter
1789 2814 1907 2848 atten-

162 2865 267 2904 derit,
287 2865 528 2909 configatur:
564 2865 660 2899 Hinc
688 2867 801 2900 etiam
828 2867 959 2901 merito
988 2867 1044 2901 Hi
1059 2879 1251 2913 eronym
1265 2880 1316 2902 us
1343 2867 1428 2902 dial.
1457 2868 1630 2902 adversus
1658 2867 1906 2908 luciferianos,

163 2919 227 2963 qui
247 2918 519 2953 contendebant
545 2917 747 2953 Ecclesiam
775 2930 797 2953 a
823 2930 887 2953 sua
917 2920 1172 2955 catholicitate
1199 2923 1223 2955 i.
1251 2931 1280 2956 e.
1311 2920 1506 2955 diffusione
1533 2919 1718 2961 defecisse,
1745 2919 1907 2955 advertit-

163 2984 197 3006 n.
220 2976 280 3007 15:
316 2971 376 3011 ,Si
393 2972 431 3005 in
451 2970 619 3005 Sardinia
637 2973 785 3006 tantum
814 2972 927 3006 habet
946 2973 1145 3008 Ecclesiam
1164 2974 1341 3014 Christus,
1368 2973 1478 3007 nimis
1504 2984 1645 3017 pauper
1670 2973 1790 3008 factus
1816 2974 1905 3008 est.‘

163 3023 263 3065 Quae
293 3034 403 3059 omne
431 3023 615 3069 probandi
645 3024 757 3058 robur
787 3025 981 3065 amittunt,
1013 3027 1041 3060 si
1062 3026 1225 3061 Ecclesia
1254 3029 1388 3071 posset,
1421 3025 1491 3060 etsi
1517 3027 1665 3060 tantum
1695 3025 1742 3060 ad
1759 3028 1906 3070 tempus

164 3078 336 3112 amittere
354 3089 375 3112 a
386 3089 404 3111 c
415 3080 431 3112 t
442 3089 465 3111 u
478 3077 552 3111 ale
564 3089 598 3111 m
621 3088 726 3112 suam
745 3077 990 3113 diffusionem.

2159 1527 2175 2121 AQQh—*nss‘fl—nA—‘fflffl‘ssss
2160 1505 2175 1517 *ι
