2175 3382
204 150 288 190 493
491 143 608 176 'rrae-t.
630 141 689 174 lV.
708 140 752 174 de
771 140 850 174 fide.
871 140 1072 174 Discrimen
1091 140 1189 174 iuter
1207 139 1315 173 fidem
1334 141 1455 173 natur.
1475 139 1513 173 et
1530 137 1641 173 salut.

204 262 314 316 quid.
339 273 412 314 per
435 260 547 314 quod
571 259 729 301 habeat
751 259 1069 300 inclinationem
1092 258 1146 299 ad
1170 258 1297 299 linem
1319 257 1399 298 sibi
1422 257 1757 307 connaturalem,
1793 262 1836 299 et
1857 258 1940 299 ista

205 331 476 385 superaddita
499 331 696 372 dicuntur
718 331 893 371 virtutes
917 329 1214 381 tlieologicae.“
1263 327 1322 371 Cf.
1343 328 1397 370 de
1421 329 1536 370 verit.
1559 341 1597 381 q.
1624 331 1677 372 14
1699 340 1737 372 a.
1760 330 1807 377 23
1846 334 1878 374 1.
1901 329 1941 372 2.

203 416 239 456 q.
263 408 318 447 62
342 415 377 443 a.
406 405 439 445 1.
464 405 501 445 3.
548 401 662 443 Haec
685 413 787 442 vero
810 400 1026 442 inclinatio
1059 400 1102 440 in
1135 399 1258 440 tinem
1285 399 1655 452 supernaturalem
1677 399 1719 440 in
1742 404 1941 441 creatura

204 473 401 516 rationali
423 473 588 514 fundari
611 472 737 513 debet
758 472 800 512 in
823 472 1064 523 cognitione
1088 470 1196 510 illius
1220 469 1324 518 sinis,
1346 481 1456 523 quae
1479 469 1661 511 habetur
1684 469 1784 517 fide:
1807 482 1940 524 quare

204 547 294 598 ipsa
317 544 420 585 fides
442 543 778 597 supernaturalis
801 548 841 584 et
863 555 914 584 ex
937 543 1073 595 gratia
1095 541 1248 582 oborta
1271 552 1364 582 esse
1386 541 1513 583 debet
1536 541 1602 597 (cf.
1625 554 1663 582 n.
1687 545 1773 587 492
1790 545 1837 597 ³).

322 631 419 672 4823.
442 627 502 667 Ex
524 627 743 679 hucusque
766 626 888 666 dictis
909 624 1050 678 liquet.
1074 624 1187 665 actui
1210 623 1306 664 fidei
1322 623 1594 676 multiplicem
1609 625 1764 666 mentis
1786 636 1941 677 opera-

203 700 360 740 tionem
385 698 654 751 praecedere.
687 696 914 748 Quaeritur
930 696 1033 748 jam,
1058 694 1336 748 quoadusque
1358 694 1518 746 gratiae
1541 695 1775 737 necessitas
1797 707 1844 737 se
1866 707 1940 736 ex-

205 771 363 812 tendat.
379 769 551 810 Difficile
574 769 743 822 quidem
767 773 831 809 est
853 767 1027 809 definire
1050 771 1250 808 accurate
1271 766 1459 815 limitem,
1483 766 1537 807 ad
1560 778 1687 820 quem
1709 777 1844 820 usque
1866 777 1942 807 na-

206 847 327 883 turae
350 842 460 881 vires
482 839 695 881 sufficiant
717 844 759 881 et
781 852 806 880 a
829 851 912 892 quo
936 839 1170 880 necessitas
1193 837 1355 890 gratiae
1377 837 1562 890 incipiat.
1595 836 1655 877 Ex
1677 837 1941 890 praescripto

206 917 350 953 tamen
373 911 591 952 doctrinae
615 910 852 951 catholicae
878 910 1008 951 statui
1030 913 1171 962 potest
1192 908 1444 961 principium
1466 908 1674 960 generale,
1707 908 1762 949 ad
1793 919 1943 949 omnes

206 982 298 1023 illos
320 986 440 1023 actus
463 982 661 1034 praevios
692 981 849 1034 requiri
881 981 1072 1033 gratiam.
1109 980 1179 1032 qui
1213 991 1258 1020 se
1293 978 1453 1020 habent
1486 979 1656 1027 initii,
1691 979 1943 1029 seminiS,

202 1053 410 1094 radicis
434 1064 706 1105 auroraeque
721 1051 976 1094 fideiinstar.
1000 1052 1155 1104 quique
1177 1051 1389 1092 directe
1414 1056 1455 1091 et
1477 1050 1718 1103 positive
1741 1050 1796 1091 ad
1819 1049 1942 1091 fidem

205 1128 475 1177 praeparant,
498 1123 701 1172 alliciunt,
724 1123 963 1175 disponunt.
1007 1121 1064 1164 Cf.
1087 1121 1228 1175 Lugo
1252 1121 1290 1164 d.
1314 1125 1338 1166 9
1362 1134 1415 1162 ss.

324 1216 419 1249 484.
442 1210 659 1246 DiScrimen
692 1211 790 1246 inter
818 1209 929 1256 fidem
961 1209 1294 1257 supernaturalem
1325 1213 1357 1245 et
1385 1208 1613 1245 naturalem.
1638 1229 1691 1234 -—
1716 1207 1811 1244 Cum
1833 1207 1945 1244 nulla

205 1269 304 1306 ratio
327 1269 377 1305 sit
401 1268 620 1314 dubitandi,
644 1268 844 1305 hominem
865 1269 927 1305 vel
962 1270 1179 1305 creaturam
1203 1267 1375 1316 aliquam
1398 1267 1627 1304 rationalem
1650 1267 1730 1304 Deo
1752 1266 1945 1304 revelanti

204 1327 356 1364 viribus
388 1328 506 1364 etiam
537 1332 713 1374 naturae,
748 1327 839 1364 hinc
869 1327 945 1364 fide
977 1327 1151 1364 naturali
1183 1327 1339 1364 credere
1370 1338 1481 1375 posse
1517 1323 1568 1378 (si
1590 1326 1694 1363 enim
1716 1325 1866 1364 homini
1886 1326 1945 1363 lo-

204 1387 342 1435 quenti
374 1387 529 1424 credere
560 1390 699 1435 potest,
732 1399 853 1435 quare
886 1399 964 1424 non
995 1386 1113 1423 etiam
1136 1387 1215 1423 Deo
1247 1386 1436 1434 loquenti,
1471 1398 1590 1434 quam
1611 1385 1785 1434 primum
1807 1385 1856 1422 de
1877 1385 1946 1423 hac

203 1446 400 1482 locutione
424 1445 665 1483 sufficienter
686 1448 838 1483 constat
850 1443 906 1499 ?):
931 1445 1136 1494 quaeritur
1158 1445 1205 1482 ad
1227 1445 1442 1494 pleniorem
1465 1444 1554 1482 fidei
1577 1448 1735 1482 nostrae
1756 1444 1780 1483 i.
1795 1457 1826 1482 e.
1844 1444 1945 1482 chri-

202 1505 350 1541 stianae
373 1507 412 1541 et
435 1505 618 1541 salutaris
639 1504 853 1549 notionem,
876 1505 1074 1553 quodnam
1096 1504 1148 1541 sit
1169 1504 1380 1542 discrimen
1394 1505 1500 1541 inter
1513 1504 1629 1541 fidem
1651 1503 1946 1541 naturalem

204 1565 243 1600 et·
264 1563 380 1600 fidem
404 1564 706 1609 salutarem,
740 1563 855 1600 fidem
877 1566 923 1601 ut
946 1566 1111 1612 oportet,
1136 1576 1236 1612 quae
1258 1563 1369 1601 radix
1392 1563 1443 1600 sit
1464 1563 1568 1600 vitae
1591 1576 1680 1601 vere
1703 1563 1945 1603 christianae.

202 1622 407 1670 Ejusmodi
439 1622 651 1660 discrimen
681 1625 742 1660 est
772 1623 995 1672 multiplex.
1038 1623 1232 1660 Differunt
1263 1623 1367 1660 enim
1399 1633 1441 1662 a.
1465 1622 1731 1672 principio
1752 1622 1945 1669 eliciente,

202 1684 248 1718 ut
268 1683 377 1730 patet
411 1694 455 1718 ex
485 1682 608 1726 thesi3
641 1681 808 1730 ideoque
830 1680 876 1723 b.
901 1682 1154 1727 entitate,
1182 1695 1271 1719 cum
1293 1682 1426 1728 altera,
1450 1682 1479 1719 si
1509 1685 1676 1719 actum
1699 1686 1863 1731 spectes,
1895 1682 1948 1719 sit

202 1740 396 1777 naturalis
427 1743 465 1777 et
497 1744 653 1778 tantum
681 1741 872 1790 objective
895 1754 965 1779 seu
986 1741 1238 1778 terminative
1261 1741 1581 1790 supernaturalis,
1618 1743 1814 1789 quatenus
1836 1753 1946 1779 reve-

201 1799 295 1836 latio
317 1799 485 1848 positiva
498 1800 570 1837 Dei
592 1800 742 1837 excedit
764 1813 835 1849 per
858 1813 898 1838 se
921 1800 1099 1838 debitum
1120 1803 1305 1838 naturae:
1329 1800 1424 1837 fides
1438 1811 1530 1837 vero
1550 1801 1734 1837 salutaris
1759 1800 1812 1837 sit
1825 1800 1947 1838 etiam

202 1859 408 1896 entitative
431 1871 499 1896 seu
521 1859 650 1907 quoad
672 1862 802 1897 actum
818 1862 857 1896 et
871 1860 1086 1897 secundum
1102 1859 1379 1907 substantiam,
1402 1862 1448 1897 ut
1464 1860 1589 1908 ajunt,
1614 1860 1946 1909 supernaturalis;

203 1926 243 1957 C.
268 1917 467 1963 fructu,
489 1921 535 1955 ut
556 1920 666 1967 patet
687 1919 836 1968 pariter
858 1932 903 1957 ex
926 1919 1064 1964 dictis3
1097 1917 1140 1959 d.
1163 1919 1427 1965 efficacia,
1452 1931 1539 1956 cum
1562 1919 1702 1956 merito
1724 1919 1832 1956 omni
1853 1919 1943 1956 fidei

201 1989 290 2013 vere
322 1976 485 2014 salutari
516 1977 686 2015 adscribi
717 1979 869 2027 possint
899 1978 941 2015 in
973 1978 1108 2016 ordine
1140 1978 1350 2027 spirituali,
1382 1978 1457 2015 nisi
1487 1978 1636 2027 gratiae
1657 1980 1857 2027 ponantur
1877 1978 1946 2016 ob·

202 2036 362 2081 stacula,
386 2036 545 2073 effectus
568 2037 639 2082 illi,
663 2049 762 2086 quos
783 2039 960 2075 recenset
975 2037 1152 2076 Christus
1168 2038 1282 2075 Marc.
1305 2045 1365 2083 16,
1395 2044 1442 2077 17
1469 2049 1496 2075 s,
1513 2034 1566 2089 (n.
1591 2043 1672 2078 303
1694 2035 1747 2090 ¹)3
1771 2047 1811 2079 θ.
1831 2050 1945 2086 qua-

200 2094 376 2140 litate,
410 2107 499 2132 cum
530 2096 627 2133 fides
650 2097 961 2145 supernaturalis
985 2097 1037 2134 sit
1059 2097 1276 2134 necessario
1297 2109 1400 2141 vera,
1433 2097 1524 2133 hinc
1545 2096 1785 2134 infallibilis:
1816 2109 1945 2146 neque

201 2153 304 2190 enim
327 2154 452 2203 gratia
475 2156 670 2193 concurrit
703 2156 752 2193 ad
774 2168 978 2193 assensum
1000 2168 1227 2201 erroneum3
1261 2153 1295 2196 f.
1317 2156 1402 2193 ind
1417 2156 1516 2202 ole,
1542 2168 1630 2193 cum
1653 2168 1734 2193 non
1754 2168 1945 2206 negemus

200 2212 328 2261 gratia
360 2225 561 2250 assensum
592 2215 647 2251 ita
679 2215 834 2259 elevari,
868 2215 1043 2253 roborari
1073 2217 1190 2263 atque
1222 2215 1270 2252 ad
1300 2215 1495 2252 motivum
1526 2215 1688 2252 formale
1711 2216 1866 2260 attrahi,
1898 2217 1946 2252 ut

202 2283 312 2308 mens
344 2274 428 2309 tota
459 2272 519 2309 illi
554 2285 593 2311 se
625 2274 740 2311 dedat
766 2276 885 2323 atque
907 2274 1100 2322 subjiciat,
1133 2275 1181 2312 ab
1203 2287 1327 2323 eoque
1349 2274 1508 2323 penitus
1531 2274 1734 2312 imbuatur
1755 2275 1945 2323 nullaque

200 2330 368 2379 amplius
398 2331 550 2370 ratione
582 2333 752 2370 humana
783 2333 953 2371 ducatur
974 2336 1014 2371 et
1038 2334 1279 2371 informetur
1297 2331 1339 2386 ¹),
1372 2333 1538 2382 ideoque
1560 2335 1676 2371 exuat
1698 2334 1858 2372 modum
1880 2345 1944 2371 co-

343 2471 369 2510 1)
389 2466 469 2509 Qua
486 2469 530 2502 de
547 2479 585 2503 re
603 2470 657 2503 ita
676 2470 805 2504 scribit
823 2470 846 2504 S
858 2482 881 2504 u
893 2481 943 2504 ar
955 2480 972 2504 e
984 2483 1001 2504 z
1019 2471 1044 2505 1.
1063 2474 1083 2505 2
1102 2482 1130 2507 c.
1149 2473 1202 2508 11.
1221 2470 1267 2505 de
1281 2471 1421 2515 gratia:
1443 2471 1699 2511 ‚Contrariam
1716 2470 1944 2505 sententiam

198 2520 324 2563 judico
344 2521 493 2555 omnino
511 2531 646 2558 veram.
664 2522 839 2557 nimirum
858 2524 912 2558 ita
931 2534 1007 2558 esse
1033 2524 1335 2569 distinguendam
1361 2524 1471 2559 fidem
1498 2524 1720 2569 acquisit
1732 2534 1799 2557 am
1828 2524 1945 2563 (natu-

198 2573 327 2618 ralem)
342 2579 437 2608 circa
452 2576 628 2618 mysteria
641 2575 726 2610 fidei
737 2587 759 2609 a
769 2576 840 2611 fide
853 2577 864 2610 i
877 2589 901 2610 n
912 2577 961 2611 fu
973 2590 988 2611 s
1000 2588 1021 2612 a
1035 2583 1090 2620 (ex
1101 2578 1252 2623 gratia),
1263 2580 1306 2611 ut
1316 2589 1506 2622 nunquam
1517 2578 1635 2623 possit
1645 2576 1858 2612 intellectus
1869 2577 1945 2612 suis

198 2627 338 2660 viribus
356 2626 416 2660 vel
433 2630 517 2661 actu
536 2629 699 2662 naturali
717 2629 900 2674 attingere
918 2631 1112 2665 veritatem
1132 2630 1333 2665 revelatam
1360 2632 1420 2665 vel
1447 2631 1505 2665 illi
1535 2630 1710 2666 assentiri
1729 2632 1797 2665 sub
1816 2630 1944 2665 eadem

201 2680 355 2715 omnino
373 2681 528 2721 ratione,
546 2682 613 2715 sub
632 2693 705 2725 qua
721 2682 825 2717 illam
845 2684 1003 2727 attingit
1022 2684 1110 2718 fides
1127 2684 1260 2718 infusa.
1279 2685 1336 2718 Ita
1354 2685 1522 2719 sentiunt
1540 2685 1703 2719 moderni
1723 2694 1860 2725 omnes,
1879 2683 1944 2728 qui

201 2735 271 2768 hoc
288 2738 467 2778 punctum
485 2734 726 2779 attigerunt}
753 2735 960 2771 Discrimcn
978 2739 1102 2771 autem
1120 2738 1221 2772 inter
1239 2737 1348 2771 fidem
1365 2737 1524 2772 infusam
1544 2747 1607 2772 seu
1624 2737 1943 2782 supernaturalem

201 2789 239 2821 et
257 2787 366 2821 fidem
384 2788 595 2821 naturalem
612 2789 756 2823 ratione
786 2800 853 2823 mo
866 2790 962 2824 tivi
993 2790 1160 2825 formalis
1178 2790 1366 2825 subtiliter
1384 2791 1544 2835 explicat
1562 2803 1596 2825 n.
1615 2794 1637 2827 9
1656 2793 1693 2826 et
1710 2793 1752 2825 31
1773 2802 1799 2825 s.
1819 2801 1943 2825 secun—

200 2842 290 2876 dum
308 2852 413 2875 snam
429 2841 623 2885 theoriam,
643 2853 753 2885 quam
767 2843 888 2877 minus
902 2845 1101 2888 probamus
1115 2845 1165 2889 (n.
1180 2847 1273 2885 462).
1291 2844 1498 2878 Secundum
1511 2844 1607 2879 hanc
1622 2845 1720 2879 enim
1735 2854 1806 2879 non
1822 2844 1940 2878 solum

198 2894 419 2939 mysterium
435 2895 652 2936 revelatum,
673 2895 736 2930 sed
756 2895 833 2939 ipsa
854 2896 923 2931 Dei
941 2898 1141 2932 revelantis
1159 2897 1361 2932 auctoritas
1383 2900 1418 2932 et
1433 2898 1668 2932 revelationis
1690 2899 1841 2940 factum,
1860 2908 1942 2943 pro-

196 2950 281 2992 pter
299 2947 419 2992 ipsam
440 2947 705 2981 revelationem
722 2948 854 2983 ultimo
874 2949 1054 2985 creditur:
1083 2951 1182 2994 quod
1209 2962 1284 2985 non
1301 2950 1345 2984 fit
1361 2950 1400 2984 in
1417 2951 1488 2984 fide
1504 2951 1679 2991 naturali,
1705 2950 1745 2984 in
1762 2961 1836 2994 qua
1852 2950 1943 2984 haec

197 2999 269 3033 duo
286 2998 474 3043 principia
493 3009 536 3033 ex
554 3000 643 3033 solis
659 3000 867 3035 rationibus
887 3005 922 3035 et
941 3003 1160 3047 conjecturis
1187 3003 1421 3037 naturalibus
1447 3005 1628 3045 tenemus,
1656 3003 1755 3037 unde
1773 3004 1862 3037 fides
1879 3014 1942 3037 na—

196 3051 328 3086 turalis
345 3062 419 3087 non
436 3052 634 3087 resolvitur
651 3053 691 3086 in
712 3053 827 3087 sola-m
845 3054 910 3088 Dei
925 3056 1197 3093 auctoritatem.
1219 3055 1462 3091 concedimus
1475 3067 1562 3090 sane
1576 3057 1684 3090 fidem
1701 3057 1942 3090 christianam

197 3116 219 3139 a
236 3106 401 3141 naturali
419 3105 566 3140 differre
583 3106 698 3140 etiam
714 3107 860 3142 ratione
878 3108 1020 3149 motivi,
1038 3112 1220 3152 quatenus
1238 3110 1278 3143 iu
1294 3110 1364 3144 hac
1381 3109 1563 3144 motivum
1582 3112 1637 3144 est
1655 3111 1855 3144 auctoritas
1873 3110 1941 3145 Dei
