2175 3382
774 145 1059 179 Infallibilitatis
1077 144 1293 190 subjectum.
1816 153 1872 194 4ss
1881 152 1903 193 1

172 263 382 317 susdeque
397 268 663 305 verterentur
677 268 940 316 cunctaeque
955 263 1180 305 machinae
1203 268 1242 305 et
1264 269 1377 305 artes
1392 265 1693 307 adhiberentur
1715 266 1769 307 ad
1791 266 1905 308 illam

171 335 511 387 praerogativam
527 334 571 374 in
585 333 761 375 dubium
775 333 1036 375 vocandam:
1061 338 1361 386 opportunum,
1379 336 1461 375 imo
1477 336 1601 388 plane
1616 337 1905 378 necessarium

171 404 257 454 fuit,
288 404 467 446 solemni
499 404 870 457 peremptoriaque
893 403 1135 445 definitione
1167 417 1263 445 eam
1288 417 1501 447 asserere:
1536 412 1579 447 ut
1611 407 1724 459 quod
1756 419 1906 448 omnes

172 476 419 528 practice
445 475 536 527 jam
569 475 848 524 crediderant,
889 475 1076 528 plerique
1111 476 1239 516 etiam
1271 475 1411 517 verbis
1442 477 1691 529 scriptisque
1725 477 1903 529 professi

173 551 305 591 erant.
339 558 414 587 ore
445 558 614 599 quoque
647 546 802 587 diserte
834 557 982 587 omnes
1013 545 1325 588 confiterentur.
1368 547 1520 587 Debuit
1546 548 1628 588 hoc
1652 547 1840 589 Ecclesia
1863 563 1905 592 a.

171 618 420 658 veritati:
443 618 478 658 si
500 617 611 657 enim
637 629 753 658 conc.
776 617 1020 657 vaticanum
1044 617 1152 658 adeo
1175 621 1456 669 provocatum
1470 618 1672 659 tacuisset
1695 623 1736 658 et
1758 619 1903 659 catho-

171 687 278 729 licae
300 687 519 729 doctrinae
546 688 834 729 testimonium
867 687 968 728 dare
998 687 1263 739 neglexisset,
1303 692 1424 738 „tunc
1457 688 1690 729 catholicus
1724 690 1903 742 populus

173 757 225 799 de
258 770 361 800 vera
394 758 588 800 doctrina
618 770 770 799 revera
801 758 992 800 dubitare
1023 759 1237 811 inciperet,
1274 759 1478 799 neoterici
1510 763 1652 800 autem
1676 760 1906 812 gloriantes

172 835 423 877 assererent,
447 830 673 871 concilium
696 830 751 871 oh
774 835 1024 883 argumenta
1047 830 1100 871 ab
1123 831 1225 883 ipsis
1248 830 1377 871 allata
1400 831 1574 874 siluisse.
1619 830 1814 882 Quinimo
1848 833 1906 872 si-

173 901 301 942 lentio
325 901 407 942 hoc
438 913 606 954 semper
629 901 916 949 abuterentur,
947 906 993 942 ut
1023 901 1285 954 apostolicae
1317 902 1429 943 sedis
1455 902 1623 954 judiciis
1655 907 1695 943 et
1727 902 1909 943 decretis

174 972 288 1013 circa
302 971 426 1013 fidem
449 977 491 1013 et
511 984 654 1014 mores
668 973 811 1025 palam
826 972 1111 1014 obedientiam
1127 978 1342 1025 negarent,
1367 973 1683 1022 contendentes,
1706 973 1818 1026 quod
1836 986 1906 1014 ro-

174 1055 327 1084 manus
348 1043 536 1096 pontifex
557 1043 601 1084 in
633 1043 842 1096 ejusmodi
859 1043 1027 1096 judiciis
1049 1043 1232 1085 ferendis
1254 1043 1339 1084 falli
1361 1044 1577 1096 potuerit.“
1626 1043 1688 1084 Ita
1710 1047 1794 1088 369
1818 1044 1909 1096 epi-

175 1114 292 1166 scopi
313 1113 357 1154 in
377 1114 602 1166 postulato,
626 1127 709 1167 quo
734 1127 759 1155 a
782 1114 960 1155 concilio
974 1115 1085 1155 hanc
1099 1114 1290 1167 flagitant
1304 1114 1591 1156 definitionem
1609 1114 1716 1171 (coll.
1731 1115 1808 1157 lac,
1823 1113 1907 1164 VII,

176 1186 290 1241 932).
332 1184 484 1226 Debuit
514 1183 702 1226 Ecclesia
734 1186 781 1228 b.
817 1185 918 1238 ipsis
951 1184 1214 1226 fidelibus
1250 1185 1457 1238 ejusmodi
1492 1185 1779 1226 definitionem
1811 1190 1908 1238 post

173 1259 237 1296 tot
258 1254 405 1296 turbas
429 1256 635 1297 excitatas
658 1256 711 1297 ad
735 1268 907 1297 omnem
929 1256 1202 1298 dubitationis
1225 1256 1481 1297 nubeculam
1515 1268 1566 1297 ex
1597 1256 1787 1309 ipsorum
1811 1268 1905 1297 cor-

175 1325 298 1367 dibus
319 1326 573 1378 abigendam
604 1331 646 1367 et
676 1326 981 1367 restituendam
1005 1326 1371 1379 tranquillitatem;
1406 1326 1550 1368 debuit
1581 1333 1626 1368 ut
1657 1327 1905 1373 audivimus,

175 1410 216 1441 0.
242 1397 608 1446 adversariis,
640 1399 709 1451 qui
732 1411 827 1440 eam
851 1399 904 1440 ad
927 1399 1256 1451 peremptoriam
1280 1399 1611 1440 declarationem
1634 1399 1910 1451 pertinaciter

174 1468 492 1521 provocabant,·
524 1469 668 1510 debuit
690 1471 731 1513 d.
758 1470 810 1511 ad
834 1469 1199 1522 comprimendum
1222 1470 1424 1511 scientiae
1447 1482 1540 1511 sese
1564 1470 1691 1510 etiam
1714 1470 1757 1510 in
1778 1468 1907 1509 rebus

175 1538 422 1591 theologicis
446 1540 650 1581 adversus
672 1540 881 1593 pontificis
904 1541 1202 1581 auctoritatem
1223 1540 1475 1581 immodeste
1499 1541 1695 1593 erigentis
1727 1544 1835 1581 tum
1849 1552 1873 1580 o
1887 1564 1905 1571 -

174 1622 305 1661 rem;
338 1610 483 1652 debuit
515 1625 553 1655 e.
585 1612 651 1652 vel
680 1611 816 1652 ordini
838 1611 1058 1660 sociali,
1090 1616 1137 1652 ut
1166 1615 1387 1652 nutantem
1405 1611 1584 1664 J'amjam
1608 1611 1906 1652 auctoritatem

176 1680 372 1722 divinitus
386 1682 621 1722 institutam
642 1683 685 1722 in
698 1681 899 1729 Ecclesia,
923 1683 1127 1723 societate
1150 1687 1190 1722 et
1211 1681 1370 1722 familia
1385 1681 1588 1722 adversus
1602 1681 1906 1722 liberalismum

176 1750 373 1795 firmaret.
416 1751 474 1795 Cf.
497 1752 732 1793 Andries
754 1753 864 1794 cath.
886 1764 1066 1793 romana
1089 1766 1125 1805 p.
1148 1755 1204 1796 46
1228 1766 1281 1795 ss.

291 1856 385 1889 444.
410 1846 639 1891 Sellolissll
662 1847 754 1890 III.
779 1850 1070 1899 chhllibilitati's
1092 1851 1306 1898 subjectum.
1323 1873 1380 1878 —
1405 1851 1443 1887 Si
1467 1850 1681 1898 quaeritur,
1707 1849 1903 1898 quodnam

173 1909 226 1946 sit
246 1909 466 1958 subjectum
488 1909 797 1954 infallibilitatis,
822 1922 900 1947 non
921 1910 1232 1958 improbabiliter
1254 1909 1408 1947 defendi
1429 1912 1561 1958 potest
1583 1909 1792 1958 duplex:
1832 1908 1907 1945 du-

171 1969 260 2017 plex
291 1968 395 2005 enim
425 1971 485 2005 est
514 1968 717 2016 promissio
749 1969 896 2006 divina:
930 1969 1062 2013 altera,
1095 1981 1172 2016 qua
1199 1969 1292 2006 haec
1313 1969 1583 2018 praerogativa
1604 1961 1718 2005 Petro
1741 1968 1905 2016 ejusque

172 2027 459 2065 successoribus
480 2027 740 2076 promittitur,
765 2031 811 2064 ut
833 2028 1094 2065 ostendimus:
1128 2028 1258 2073 altera,
1292 2041 1368 2076 qua
1402 2028 1536 2065 eadem
1558 2027 1603 2064 fit
1625 2027 1753 2064 coetui
1773 2029 1913 2075 pasto*

171 2099 272 2132 rum,
303 2087 419 2124 Petro
450 2087 589 2135 utique
620 2089 668 2124 ut
698 2089 830 2124 centro
863 2087 1122 2124 adunatorum
1154 2091 1207 2134 (11.
1234 2093 1314 2126 263
1333 2084 1377 2137 2).
1420 2086 1467 2123 Vi
1489 2087 1606 2135 hujus
1639 2085 1909 2135 promissionis

172 2147 303 2183 coetus
324 2148 527 2194 pastorum
550 2148 609 2183 est
632 2145 865 2191 infallibilis,
896 2146 1047 2183 etiamsi
1077 2146 1249 2194 pontifex
1280 2158 1349 2194 pei·
1380 2158 1418 2183 se
1449 2158 1527 2183 non
1553 2145 1606 2182 sit
1627 2145 1689 2182 vel
1710 2157 1790 2182 non
1813 2156 1906 2193 sup-

174 2206 345 2253 ponatur
375 2204 614 2242 infallibilis.
655 2205 715 2242 lta
736 2204 844 2242 Vino.
877 2205 1058 2242 Gasser
1088 2205 1128 2241 in
1158 2204 1348 2242 relatione
1380 2205 1425 2241 de
1456 2217 1485 2241 c.
1520 2211 1556 2243 4.
1589 2201 1691 2257 (coll,
1720 2204 1788 2240 130.
1819 2202 1904 2247 VH,

175 2261 484 2316 403);P0h1e
515 2264 593 2301 KL.
631 2269 692 2309 12,
728 2270 808 2303 246
835 2276 901 2303 ss.:
936 2264 1194 2301 Scheeben
1215 2264 1291 2308 ΚΒ,
1319 2264 1377 2309 32,
1404 2270 1506 2307 8613
1539 2263 1690 2300 Handb.
1713 2263 1779 2300 der
1800 2262 1909 2299 kath.

173 2323 310 2371 Dogm.
339 2331 371 2363 1.
395 2321 415 2365 ἓ
446 2330 506 2363 11.
533 2330 596 2368 33,
630 2323 698 2371 qui
718 2323 816 2360 bene
841 2323 1022 2367 ostendit,
1056 2336 1173 2371 quam
1195 2323 1426 2360 conveniens
1449 2323 1500 2359 sit
1522 2322 1665 2370 duplex
1687 2321 1905 2358 infallibili-

172 2382 266 2419 tatis
296 2381 560 2419 manifestatio
593 2394 662 2419 seu
694 2382 837 2419 forma:
870 2385 1008 2419 mutuo
1032 2394 1071 2419 se
1102 2382 1291 2430 adjuvant
1321 2381 1367 2418 ad
1400 2381 1658 2418 obtinendum
1681 2381 1860 2418 effectum
1884 2393 1905 2416 a

172 2441 252 2478 Deo
273 2441 493 2479 intentum:
522 2440 888 2480 Schneemann:
912 2441 1065 2478 Pesch
1087 2441 1205 2489 prael.
1227 2440 1354 2489 dogm.
1375 2441 1444 2478 In.
1461 2447 1542 2480 459
1561 2441 1596 2485 ὃς
1621 2440 1676 2477 ita
1698 2440 1906 2488 Laynez,

173 2501 220 2537 ut
243 2500 463 2549 colligimus
487 2512 531 2536 ex
553 2501 636 2548 ejus
654 2499 802 2548 judicio
825 2500 871 2536 de
893 2499 1045 2536 minuta
1064 2500 1196 2536 bullae
1218 2499 1443 2536 indictionis
1467 2499 1631 2544 concilii,
1655 2499 1696 2536 in
1711 2511 1787 2547 quo
1801 2498 1905 2535 inter

174 2558 250 2595 alia
269 2559 460 2608 legimus:
479 2559 685 2608 „Opponet
707 2558 872 2595 fortasse
895 2558 1058 2606 aliquis:
1076 2557 1176 2602 Quid
1199 2570 1289 2607 ergo
1313 2570 1409 2607 opus
1432 2561 1501 2603 est,
1524 2560 1570 2595 ut
1590 2558 1792 2607 pontifices
1815 2569 1905 2594 con-

174 2616 331 2655 firment
353 2617 507 2655 decreta
529 2617 781 2655 conciliorum
804 2617 850 2654 de
864 2617 949 2662 fide,
974 2617 1005 2654 si
1017 2630 1087 2665 per
1101 2630 1139 2654 se
1155 2617 1240 2665 ipsa
1253 2619 1332 2654 tam
1347 2617 1457 2654 firma
1471 2619 1590 2654 sunt?
1604 2616 1902 2666 Responderem,

176 2689 256 2713 non
276 2676 362 2714 ideo
385 2689 483 2725 opus
505 2679 563 2714 est
593 2676 896 2714 confirmationis
920 2676 1018 2713 sedis
1049 2676 1291 2724 apostolicae,
1325 2676 1429 2725 quod
1452 2676 1612 2714 concilia
1632 2675 1828 2725 generalia
1848 2675 1903 2711 le-

175 2735 315 2784 gitima
336 2738 374 2773 et
397 2735 573 2785 legitime
594 2735 842 2784 procedentia
864 2748 990 2772 errare
1004 2735 1156 2783 possint
1177 2735 1218 2772 in
1232 2735 1316 2780 fide,
1342 2736 1410 2772 hoc
1435 2735 1539 2772 enim
1553 2735 1807 2772 falsissimum
1823 2740 1902 2777 est:

176 2794 243 2831 sed
264 2794 349 2831 ideo
373 2794 581 2831 adhibetur
603 2794 854 2839 confirmatio,
878 2797 923 2830 ut
946 2794 1066 2830 honor
1088 2794 1275 2831 habeatur
1297 2795 1379 2831 sedi
1401 2795 1654 2842 apostolicae3
1684 2796 1730 2830 ut
1752 2795 1904 2830 constet

175 2852 284 2889 illam
316 2866 337 2890 a
359 2853 523 2890 decretis
546 2853 699 2890 concilii
721 2866 799 2890 non
822 2852 1050 2895 dissentire;
1084 2855 1133 2897 et,
1167 2853 1271 2900 quod
1292 2853 1416 2903 magis
1438 2853 1485 2890 ad
1508 2866 1591 2890 rem
1613 2853 1716 2897 facit,
1748 2854 1793 2888 ut
1816 2863 1902 2898 pei·-

176 2911 354 2960 spicuum
385 2912 502 2949 etiam
533 2912 581 2949 sit
604 2911 767 2949 concilia
797 2911 973 2961 legitima
1004 2923 1087 2948 esse
1118 2912 1372 2961 legitimeque
1402 2913 1643 2960 processisse.
1677 2923 1718 2947 ac
1740 2909 1901 2958 proinde

177 2982 304 3007 errare
335 2971 495 3008 minime
526 2971 709 3019 potuisse.
752 2970 850 3014 Quia
880 2971 984 3007 enim
1015 2970 1176 3007 concilia
1206 2971 1324 3008 etiam
1346 2971 1521 3020 legitime
1545 2971 1752 3008 convocata
1774 2980 1903 3005 errare

176 3031 343 3076 possunt
364 3030 405 3066 in
426 3029 512 3074 fide,
537 3029 569 3066 si
591 3029 766 3079 legit-ime
788 3041 867 3066 non
888 3029 1117 3076 procedant:
1140 3032 1227 3066 tum
1249 3030 1405 3067 demum
1428 3030 1540 3067 nobis
1564 3030 1677 3077 plene
1692 3030 1843 3065 constat
1858 3039 1904 3063 ea

177 3087 295 3124 etiam
317 3088 491 3137 legitime
511 3089 749 3136 processisse,
774 3100 860 3125 cum
882 3088 1030 3125 aceedit
1050 3088 1289 3126 confirmatio
1312 3089 1411 3126 sedis
1433 3088 1672 3137 apostolicae.
1686 3092 1701 3109 «
1745 3086 1797 3122 Cf.
1820 3085 1904 3122 To-
