2175 3382
595 131 733 165 Motiva
751 130 1011 165 credibilitatis
1030 141 1104 164 non
1122 132 1207 165 sunt
1225 131 1309 164 fidei
1329 132 1520 166 motivum.
1842 136 1929 179 483

199 255 389 305 probetur
410 255 658 292 revelationis
681 254 840 299 factum,
875 266 944 291 seu
967 254 1090 290 Deum
1112 266 1245 291 revera
1267 253 1364 290 hanc
1393 254 1450 291 ve]
1477 254 1584 291 illam
1616 255 1806 292 revelasse
1838 255 1929 293 doc·

198 314 366 359 trinam;
401 314 620 363 cognitione
643 314 712 351 hac
734 313 862 361 posita
884 315 1023 361 sponte
1045 325 1114 350 sua
1137 324 1205 349 seu
1236 313 1408 349 naturali
1430 313 1687 350 conscientiae
1720 313 1930 351 dictamine

199 375 380 410 monetur
403 373 516 410 homo
540 373 585 410 de
608 372 847 422 obligatione
869 371 1049 409 credendi
1073 372 1150 409 Deo
1181 371 1383 415 revelanti,
1416 384 1513 419 quae
1545 374 1604 409 est
1630 373 1733 420 juris
1765 376 1929 410 naturae

199 430 254 484 (n.
278 429 400 484 474):
424 434 463 469 et
485 431 570 468 ideo
593 432 625 468 si
649 432 770 468 bonae
785 433 842 468 est
857 431 1083 474 voluntatis,
1108 442 1305 467 assensum
1321 430 1523 478 praebebit
1538 436 1697 479 propter
1712 432 1781 469 Dei
1795 434 1928 470 aucto·

197 491 366 528 ritatem.
399 491 459 528 En
481 503 558 538 qua
579 490 729 527 ratione
752 490 844 527 haec
868 489 1014 526 motiva
1027 494 1196 534 movent,
1221 488 1442 536 disponunt,
1467 492 1710 537 praeparant,
1733 491 1929 527 inducunt

197 550 246 587 ad
268 550 392 586 fidem.
436 549 547 593 Quod
570 550 625 586 ita
646 549 836 597 expressit
858 548 949 585 Piu
963 561 980 585 s
1003 548 1065 589 IX.
1089 548 1131 585 in
1152 548 1345 596 encyclica
1367 547 1401 584 d.
1428 554 1463 587 9.
1486 548 1582 587 Nov.
1612 555 1737 588 1846:
1763 550 1928 598 „ltaque

199 609 369 646 humana
390 609 490 646 ratio
513 621 557 646 ex
580 607 907 656 splendidissimis
939 607 1045 646 hisce
1067 620 1188 656 aeque
1219 619 1261 644 ac
1292 606 1522 644 firmissimis
1554 608 1796 656 argumentis
1828 609 1928 646 clare

198 669 410 716 aperteque
432 679 680 717 cognoscens.
713 667 838 703 Deum
859 667 1033 715 ejusdem
1064 666 1152 704 fidei
1183 669 1379 703 auctorem
1412 666 1607 710 exsistere,
1640 666 1809 704 ulterius
1840 679 1928 715 pro-

197 726 308 776 gredi
329 727 478 775 nequit,
504 726 571 763 sed
594 727 733 775 quavis
756 725 987 762 difficultate
1017 738 1059 762 ac
1082 725 1326 762 dubitatione
1347 724 1508 773 penitus
1541 724 1689 772 abjecta
1719 729 1836 773 atque
1867 739 1927 763 re-

196 788 316 829 mota,
349 786 455 822 omni
477 785 604 822 eidem
626 784 718 822 fidei
740 785 970 832 obsequium
991 785 1177 834 praebeat
1198 786 1363 833 oportet,
1397 796 1484 821 cum
1506 797 1576 832 pro
1598 787 1703 821 certo
1725 785 1876 831 habeat,
1907 798 1929 822 a

195 845 275 882 Deo
296 845 490 882 traditum
513 857 609 888 esse,
633 844 823 892 quidquid
846 843 940 880 fides
960 843 1046 892 ipsa
1068 843 1294 881 hominibus
1317 843 1552 880 credendum
1573 845 1613 880 et
1634 844 1827 893 agendum
1841 857 1928 892 pro-

195 903 317 952 ponit.
328 909 345 927 «
389 903 569 941 Alterum
591 903 695 951 quod
716 903 928 940 statuimus
950 905 1011 940 est
1032 905 1167 940 contra
1187 902 1355 940 scholam
1378 902 1758 948 hermesianam,
1791 915 1926 940 secun·

195 963 290 1000 dum
322 975 439 1010 quam
471 962 604 1000 fideles
637 962 801 1000 credunt
831 962 1017 999 veritates
1048 963 1239 999 revelatas
1271 963 1431 1010 propter
1460 961 1734 999 credibilitatis
1767 962 1926 1007 motiva,

195 1034 294 1070 quae
316 1022 473 1059 illarum
495 1022 774 1060 revelationem
797 1021 970 1058 divinam
992 1021 1271 1060 demonstrant.
1313 1020 1458 1058 Verum
1480 1021 1573 1058 haec
1593 1020 1725 1069 opinio

317 1077 356 1122 l.
381 1080 610 1118 adversatur
632 1081 850 1118 universali
874 1080 1071 1117 sentiendi
1093 1080 1237 1117 rationi
1269 1079 1441 1116 nominis
1474 1080 1689 1124 christiani,
1722 1080 1826 1127 quod
1857 1092 1927 1129 pro

196 1140 341 1177 motivo
364 1140 516 1177 formali
539 1140 630 1177 fidei
652 1140 775 1188 ipsam
798 1139 916 1176 habet
952 1151 1145 1176 summam
1177 1138 1451 1176 auctoritatem
1472 1139 1544 1176 Dei
1574 1139 1805 1183 revelantis;
1838 1152 1926 1176 nam

195 1199 280 1236 ideo
303 1199 509 1245 credimus,
534 1200 629 1248 quia
653 1199 766 1243 Deus,
792 1199 860 1246 qui
882 1200 943 1235 est
965 1198 1050 1247 ipsa
1071 1199 1224 1242 veritas,
1248 1198 1318 1235 hoc
1339 1198 1401 1235 vel
1420 1198 1522 1235 -illud
1545 1198 1744 1235 revelavit.

312 1255 356 1298 2.
380 1258 573 1296 Motivum
594 1259 755 1295 formale
777 1257 868 1294 fidei
892 1269 961 1306 pro
984 1257 1166 1295 omnibus
1181 1270 1306 1294 unum
1328 1260 1388 1294 est
1403 1260 1522 1305 atque
1537 1257 1660 1294 idem:
1683 1257 1831 1294 motiva
1846 1269 1926 1294 cre-

194 1316 418 1361 dibilitatis‚
444 1318 588 1365 quibus
610 1317 725 1354 iidem
748 1316 900 1354 inducti
924 1316 1099 1363 credunt,
1123 1317 1198 1354 alia
1219 1318 1336 1364 atque
1359 1316 1434 1353 alia
1456 1319 1549 1353 sunt
1570 1329 1640 1365 pro
1663 1316 1836 1354 diversis.

312 1375 354 1417 3.
379 1376 569 1414 Motivum
592 1376 681 1413 fidei
701 1376 864 1413 formale
886 1375 1054 1413 refertur
1084 1376 1130 1413 ad
1153 1376 1258 1424 ipsas
1289 1376 1549 1413 veritates
1580 1375 1810 1413 credendas:
1843 1387 1925 1412 mo-

194 1435 277 1472 tiva
298 1435 574 1472 credibilitatis
610 1436 838 1472 referuntur
871 1447 940 1483 per
961 1447 999 1472 se
1036 1436 1074 1471 et
1103 1434 1326 1472 immediate
1361 1434 1408 1471 ad
1441 1434 1631 1472 factum
1666 1434 1925 1479 revelationis,

194 1506 274 1531 non
295 1507 386 1531 vero
409 1494 456 1531 ad
480 1494 586 1543 ipsas
609 1495 794 1532 veritates
816 1494 1023 1531 credendas
1043 1492 1085 1547 1).
1128 1495 1264 1542 Neque
1295 1494 1398 1531 enim
1420 1494 1613 1531 credimus
1644 1507 1699 1531 ex.
1722 1507 1778 1543 gr.
1803 1494 1925 1530 Deum

193 1565 278 1590 esse
300 1566 423 1590 unum
446 1555 486 1591 et
506 1554 668 1599 trinum,
692 1554 878 1591 unionem
898 1554 940 1590 in
954 1553 1104 1591 Christo
1126 1553 1416 1602 hypostaticam,
1440 1553 1583 1590 realem
1598 1553 1769 1602 corporis
1783 1552 1927 1590 Christi

192 1612 234 1648 in
256 1613 490 1650 eucharistia
512 1613 773 1661 praesentiam
793 1616 954 1661 propter
975 1612 1175 1657 miracula,
1200 1612 1267 1649 sed
1289 1612 1381 1660 quia
1402 1612 1507 1649 Deus
1530 1613 1622 1649 haec
1642 1612 1842 1651 revelavit.
1877 1612 1928 1649 Et

194 1683 287 1708 sane
309 1672 443 1709 eadem
464 1671 549 1709 fieri
581 1672 805 1720 potuissent
835 1671 1033 1716 miracula,
1070 1672 1223 1709 etiamsi
1253 1672 1346 1708 unio
1381 1671 1423 1707 in
1445 1671 1598 1708 Christo
1633 1673 1734 1708 esset
1768 1670 1925 1708 moralis

193 1732 360 1775 tantum,
397 1731 548 1768 etiamsi
572 1731 805 1768 eucharistia
826 1733 928 1768 esset
949 1732 1105 1768 tantum
1128 1731 1348 1780 symbolum
1369 1741 1538 1767 vacuum
1571 1730 1740 1779 corporis
1764 1730 1925 1774 Christi3

194 1789 262 1827 sed
284 1791 378 1827 tunc
399 1802 478 1827 non
501 1790 633 1827 eadem
657 1790 799 1826 fuisset
820 1789 1018 1835 revelatio,
1053 1802 1180 1838 neque
1212 1789 1345 1827 eadem
1377 1786 1601 1841 (objective)
1632 1789 1739 1826 fides.
1782 1789 1927 1826 Motiva

193 1848 468 1886 credibilitatis
491 1849 663 1886 reddunt
685 1849 799 1886 fidem
822 1862 846 1897 p
861 1862 881 1886 o
895 1849 1142 1894 ssibilem,
1178 1861 1267 1885 nam
1288 1850 1334 1885 ut
1356 1848 1510 1885 credere
1531 1848 1676 1897 possim
1698 1848 1922 1897 prudenter,

190 1907 311 1945 debeo
334 1908 441 1953 scire,
468 1909 589 1945 Deum
611 1920 694 1945 esse
716 1908 913 1945 locutum:
952 1908 1017 1945 sed
1038 1914 1245 1957 propterea
1266 1907 1440 1945 nondum
1477 1907 1600 1945 credo.
1642 1907 1693 1944 Ut
1724 1910 1814 1944 actu
1844 1919 1924 1944 cre-

190 1966 289 2011 dam,
322 1967 560 2004 intervenire
583 1967 700 2004 debet
720 1967 930 2015 imperium
961 1967 1016 2015 pii
1048 1967 1294 2004 credulitatis
1326 1966 1499 2012 affectus,
1532 1978 1609 2015 quo
1640 1965 1925 2003 determinetur

190 2025 429 2071 intellectus,
452 2029 499 2063 ut
521 2028 679 2075 propter
700 2026 770 2063 Dei
793 2026 1067 2063 auctoritatem
1084 2026 1165 2075 jam
1188 2029 1278 2063 actu
1300 2025 1439 2063 credat.

306 2080 350 2125 4.
387 2084 578 2123 Motivum
612 2085 773 2123 formale
804 2085 893 2122 fidei
924 2085 1084 2135 gignere
1119 2085 1234 2122 debet
1267 2084 1553 2129 certitudinem,
1590 2097 1689 2132 quae
1723 2084 1775 2121 sit
1807 2096 1924 2132 super

190 2144 339 2181 omnia:
363 2144 509 2181 motiva
532 2147 661 2182 autem
687 2144 965 2182 credibilitatis
988 2145 1149 2193 pariunt
1169 2146 1325 2181 tantum
1349 2144 1626 2181 certitudinem
1648 2144 1844 2181 moralem.

337 2249 359 2288 ¹)
380 2244 556 2289 „Triplici
575 2245 718 2279 diverso
739 2246 857 2286 modo,
886 2245 1009 2288 inquit
1035 2245 1272 2289 Stentrup
1301 2245 1340 2279 in
1365 2245 1458 2279 thes.
1479 2247 1522 2280 19
1539 2245 1583 2278 de
1600 2244 1671 2279 fide
1689 2245 1832 2290 (rosen),
1850 2255 1923 2277 mo-

188 2299 266 2331 tiva
284 2297 542 2331 credibilitatis
561 2298 784 2332 considerari
799 2299 973 2343 possunt:
991 2300 1111 2342 primo
1129 2298 1277 2341 quidem
1296 2309 1361 2341 per
1379 2308 1427 2335 se,
1445 2299 1487 2331 ut
1500 2298 1709 2332 referuntur
1723 2297 1770 2332 ad
1784 2297 1924 2330 factum

186 2349 422 2384 revelationis
439 2350 684 2394 probandum,
712 2353 749 2385 et
776 2351 827 2385 sic
855 2354 1022 2396 spectata
1040 2352 1187 2391 certam,
1215 2362 1288 2384 non
1317 2353 1440 2385 autem
1462 2350 1670 2384 evidentem
1688 2350 1848 2384 reddunt
1866 2360 1922 2384 ex-

188 2403 395 2438 sistentiam
414 2404 669 2441 rex-elationis:
699 2405 829 2438 deinde
848 2405 891 2439 ut
908 2405 1115 2438 referuntur
1134 2405 1179 2438 ad
1196 2404 1402 2445 veritatem,
1431 2415 1524 2448 quae
1551 2407 1593 2438 ut
1610 2403 1771 2438 revelata
1788 2415 1921 2449 propo-

186 2456 298 2498 nitur,
317 2458 354 2491 et
372 2457 423 2491 sic
443 2458 610 2501 spectata
628 2457 705 2501 ejus
725 2457 1012 2491 credibilitatem
1040 2457 1200 2491 reddunt
1227 2458 1454 2493 evidentem:
1483 2457 1640 2501 denique
1657 2460 1700 2491 ut
1717 2457 1922 2506 verit-atem,

187 2521 281 2555 quae
294 2511 514 2556 proponitur
531 2512 573 2544 ut
589 2511 761 2552 revelata,
789 2511 992 2544 formaliter
1020 2511 1206 2556 complent
1234 2510 1273 2544 in
1299 2511 1443 2545 ratione
1469 2511 1667 2545 locutionis
1691 2510 1838 2545 divinae
1862 2510 1922 2553 (cf,

188 2574 298 2609 supra
315 2576 351 2599 n.
369 2567 438 2600 458
457 2574 514 2609 agn,
534 2565 572 2598 et
592 2565 642 2598 sic
661 2565 828 2608 spectata
847 2563 1107 2609 ingrediuntur
1126 2567 1163 2598 et
1181 2565 1407 2608 componunt
1425 2564 1612 2609 objectum
1630 2564 1784 2598 formale
1801 2564 1920 2598 fidei.‘

186 2618 238 2652 Ex
258 2617 367 2651 dictis
387 2619 511 2652 autem
529 2618 649 2661 liquet
666 2618 847 2651 motivum
868 2617 903 2651 fi
916 2617 989 2652 dei
1007 2617 1187 2661 distingui
1206 2628 1227 2651 a
1247 2617 1394 2651 motivis
1421 2628 1495 2652 cre
1507 2618 1587 2652 dib
1599 2621 1609 2651 i
1622 2618 1684 2652 lit
1696 2617 1767 2652 ati
1782 2630 1817 2651 s:
1845 2628 1921 2651 mo-

186 2671 304 2705 tivum
321 2672 445 2705 tamen
464 2671 548 2705 fidei
566 2671 704 2715 triplici
725 2681 831 2705 sensu
857 2671 973 2715 accipi
990 2672 1125 2715 potest,
1151 2671 1210 2705 vel
1228 2681 1265 2706 a.
1283 2682 1349 2715 pro
1368 2670 1520 2711 motivo,
1548 2672 1646 2715 quod
1664 2672 1837 2716 disponit,
1865 2672 1919 2704 in-

187 2723 289 2757 ducit
302 2725 348 2757 ad
367 2724 600 2764 credendum,
617 2728 799 2767 quatenus
815 2724 951 2768 probat
962 2723 1098 2757 factum
1111 2724 1364 2758 revelationis:
1384 2725 1421 2758 et
1431 2724 1483 2758 ita
1495 2725 1670 2759 coincidit
1681 2736 1763 2758 cum
1776 2724 1921 2758 motivis

186 2776 463 2815 credibilitatis;
483 2777 540 2810 vel
559 2778 599 2813 b.
617 2788 682 2822 pro
702 2776 851 2818 motivo,
873 2777 970 2820 quod
990 2780 1122 2818 movet,
1142 2777 1362 2811 determinat
1378 2777 1611 2812 voluntatem
1632 2778 1679 2812 ad
1699 2777 1920 2822 amplecten-

187 2830 272 2864 dam
291 2829 399 2863 fidem
417 2840 480 2863 seu
498 2830 544 2863 ad
562 2830 817 2874 imperandum
838 2831 960 2863 actum
981 2830 1083 2863 fidei:
1113 2841 1185 2873 quo
1205 2829 1345 2875 duplici
1361 2841 1466 2865 sensu
1485 2830 1620 2864 dicitur
1638 2831 1818 2865 motivum
1837 2830 1919 2863 fidei

187 2894 205 2917 e
217 2895 239 2916 x
249 2883 315 2916 tri
326 2895 351 2916 n
362 2894 378 2916 s
389 2893 408 2916 e
420 2893 437 2916 c
449 2895 470 2916 u
484 2895 536 2920 m:
556 2883 611 2917 vel
627 2895 661 2920 c.
673 2894 740 2928 pro
758 2883 896 2917 motivo
911 2883 1026 2927 ipsius
1044 2885 1147 2917 actus
1163 2882 1248 2917 fidei
1262 2894 1325 2917 seu
1338 2895 1404 2928 pro
1418 2883 1569 2925 motivo,
1584 2885 1683 2928 quod
1699 2883 1920 2917 determinat

187 2936 417 2970 intellectum
436 2939 478 2970 ut
496 2937 681 2982 objectum
700 2938 904 2972 revelatum
924 2948 990 2981 pro
1009 2947 1092 2971 vero
1110 2939 1237 2972 teneat
1255 2948 1403 2972 assensu
1422 2938 1594 2972 indubio:
1615 2939 1652 2972 et
1664 2938 1731 2971 hoc
1746 2948 1850 2971 sensu
1865 2938 1921 2970 est

187 2989 365 3023 motivum
384 2989 469 3023 fidei
489 2990 647 3024 inti-in
659 3002 674 3024 s
686 3001 704 3024 e
716 3002 734 3024 c
747 3003 770 3024 u
782 3002 829 3025 m.
865 2990 944 3024 Hoc
963 2990 1159 3024 discrimen
1176 2990 1272 3025 inter
1290 2991 1470 3026 motivum
1488 2992 1524 3024 et
1543 2991 1680 3025 motiva
1699 2990 1916 3024 eredibssita-

186 3042 235 3076 tis
252 3045 379 3077 nostra
396 3042 526 3087 lingua
545 3044 567 3077 S
580 3054 598 3077 c
610 3044 634 3077 h
650 3054 667 3076 e
680 3044 733 3078 eb
749 3055 766 3077 e
778 3056 801 3077 n
820 3042 892 3077 KL.
912 3047 959 3084 5‘2,
978 3045 1045 3078 628
1063 3044 1117 3078 ita
1135 3045 1320 3088 exprimit,
1346 3045 1388 3078 ut
1404 3043 1497 3078 illud
1525 3043 1622 3077 dicat
1641 3042 1922 3087 Formalgrund,

186 3095 275 3129 haec
292 3094 548 3140 Beweggrund
567 3096 627 3129 des
647 3096 848 3131 Glaubens.

1637 3159 1654 3171 Γ)
1683 3158 1697 3171 0

1636 3160 1678 3190 ol
