2175 3382
207 133 291 173 33⁵¹
573 126 691 159 'ri-act.
712 125 772 159 Ill.
792 124 837 159 de
857 125 1027 159 Ecclesia.
1045 123 1172 158 'rhesis
1194 123 1313 158 LXIV.
1335 124 1583 158 protestantes

207 246 333 298 Atqui
357 245 532 285 historia
557 249 662 285 teste
691 248 869 291 constat,
902 242 1249 284 reformationem
1274 242 1431 283 fructus
1455 248 1541 283 tam
1564 243 1774 284 salutares
1797 242 1943 284 nullibi

206 316 391 368 gentium
425 314 649 367 protulisse
669 316 711 369 ¹).
763 314 887 366 Igitur
918 314 1188 354 manifestum
1224 318 1299 362 est,
1333 317 1620 365 protestantes
1655 325 1705 354 ex
1741 313 1944 355 fructibus

207 390 353 427 notam
377 386 613 426 sanctitatis
636 396 739 426 suae
762 385 968 426 ecclesiae
992 384 1208 424 vindicare
1231 396 1316 425 non
1339 395 1476 436 posse.

325 470 369 511 2.
393 467 472 519 Qui
504 468 703 520 expendit
733 479 796 514 ea,
830 478 938 520 quae
962 467 1265 507 reformatores
1288 466 1340 507 de
1366 466 1459 507 sola
1492 466 1572 506 fide
1590 466 1860 518 justificante,
1891 466 1944 508 de

205 552 330 581 servo
355 539 528 580 arbitrio
553 539 735 579 hominis
758 539 877 590 lapsi,
909 538 960 578 de
985 538 1107 577 bonis
1130 537 1329 589 operibus
1352 537 1406 577 ad
1429 537 1610 578 salutem
1634 549 1720 578 non
1742 549 1942 578 necessa-

206 611 278 651 riis
294 612 328 665 ²)
352 615 428 652 etc.
453 610 702 655 docuerunt,
732 609 850 649 facile
875 608 1086 660 intelliget,
1110 608 1270 648 nullum
1294 619 1388 649 esse
1412 607 1626 660 flagitium,
1659 607 1772 660 quod
1796 619 1945 649 eorum

208 681 402 722 doctrina
417 682 610 722 excusari
629 693 714 721 non
729 681 874 732 possit,
888 679 1101 720 licentiam
1118 678 1286 719 vivendi
1300 679 1472 728 nullam,
1494 690 1604 732 quae
1627 678 1696 719 illa
1718 678 1946 720 efficaciter

207 764 294 793 non
317 756 631 804 promoveatur.
655 750 768 791 Talis
790 762 891 791 vero
915 750 1110 790 doctrina
1132 749 1309 791 coelitus
1333 750 1461 790 allata
1484 750 1626 802 inepte
1648 748 1893 790 affirmatur.

325 833 637 877 :3.1ndueti0ne
660 833 819 885 pariter
841 836 1020 881 constat,
1052 832 1165 873 viros
1197 831 1301 880 illos,
1334 844 1441 884 quos
1468 832 1580 873 Deus
1611 832 1815 884 temporis
1846 843 1943 872 suc-

205 916 331 945 cessu
353 905 441 945 sive
474 903 528 944 ad
560 903 685 945 fidem
711 902 1034 955 propagandam
1066 903 1153 943 sive
1185 902 1239 943 ad
1262 902 1494 943 Ecclesiam
1517 902 1757 943 docendam
1779 902 1868 943 sive
1891 902 1945 943 ad

207 975 420 1016 Ecclesiae
435 975 634 1016 decorem
650 973 977 1015 restaurandum
993 974 1203 1016 excitavit.
1226 974 1452 1014 sanctitate
1467 975 1579 1014 vitae
1603 974 1818 1026 animique
1841 984 1946 1014 con-

206 1046 363 1086 stantia
386 1046 654 1094 excelluisse3
687 1050 913 1098 utramque
941 1045 1082 1086 dotem
1107 1044 1262 1086 frustra
1285 1056 1468 1097 quaeras
1501 1045 1543 1084 in
1573 1043 1944 1085 reformatoribus:

205 1116 320 1168 quod
342 1128 429 1157 non
452 1116 590 1157 solum
613 1116 923 1157 catholicorum
945 1115 1116 1157 Lutheri
1139 1115 1391 1168 aequalium,
1424 1115 1499 1157 sed
1530 1115 1597 1156 vel
1619 1116 1946 1168 protestantium

206 1188 460 1228 testimoniis
483 1187 615 1228 innixi
641 1186 915 1235 affirmamus,
949 1187 1020 1239 qui
1051 1187 1211 1239 passim
1234 1185 1463 1227 Lutherum
1487 1185 1811 1232 inconstantiae,
1843 1196 1946 1225 con-

207 1257 485 1308 tradictionis,
508 1258 790 1310 arrogantiae,
813 1257 1086 1310 pertinaciae,
1108 1257 1504 1298 immodestiae-etc.
1529 1261 1735 1297 accusant
1749 1258 1795 1311 3).

323 1341 367 1384 4.
392 1339 606 1382 Sanctitas
618 1340 835 1382 Ecclesiae
852 1340 1181 1382 charismatibus
1204 1340 1333 1381 etiam
1356 1351 1401 1381 se
1424 1339 1573 1392 prodit.
1603 1339 1730 1391 Atqui
1751 1338 1817 1379 his
1838 1337 1947 1379 adeo

211 1411 496 1453 destituuntur
509 1412 837 1464 protestantium
852 1416 1012 1461 coetus,
1033 1416 1077 1452 ut
1100 1423 1317 1464 nunquam
1343 1424 1362 1451 s
1374 1422 1396 1451 e
1408 1411 1489 1451 rio
1513 1410 1582 1451 illa
1597 1409 1676 1450 sibi
1692 1409 1952 1450 asseruerint

352 1598 375 1636 ¹)
396 1593 450 1628 Cf.
477 1593 506 1627 E
518 1605 567 1627 ra
579 1605 594 1627 s
606 1594 666 1627 mi
693 1593 799 1627 testis
827 1603 902 1627 non
920 1593 1081 1637 suspecti
1099 1592 1357 1628 testimonium
1377 1604 1411 1625 n.
1429 1595 1475 1626 82
1494 1595 1531 1626 et
1549 1602 1640 1636 opus
1666 1592 1682 1625 J
1698 1600 1873 1624 aussen
1890 1599 1951 1634 op.

205 1647 269 1680 cit.
286 1661 293 1685 ς
322 1647 568 1681 confessiones
594 1648 879 1692 praecipuorum
906 1647 1189 1680 reformatorum
1208 1648 1287 1680 toto
1309 1649 1338 1680 l.
1358 1645 1429 1679 vol.
1449 1656 1507 1689 op.
1527 1643 1783 1688 Dollinger
1807 1642 1865 1677 die
1883 1642 1950 1677 Re-

203 1700 404 1735 formation
422 1702 640 1744 praesertim
658 1714 692 1746 p.
715 1704 757 1736 13
776 1712 823 1734 ss.
842 1702 886 1734 26
904 1711 947 1736 SS.
968 1702 1013 1734 36
1032 1711 1076 1734 ss.
1100 1701 1166 1734 164
1184 1710 1228 1734 ss.
1248 1702 1316 1735 216
1335 1711 1380 1733 ss.
1403 1701 1472 1734 285
1491 1710 1535 1735 ss,
1556 1701 1626 1733 305
1649 1709 1695 1731 ss.
1715 1699 1783 1731 385
1803 1707 1848 1730 ss.
1868 1697 1950 1735 etc„

205 1754 293 1788 hist.
310 1754 386 1798 pol.
406 1754 460 1788 Bl.
479 1755 535 1795 78,
555 1757 622 1789 665
641 1767 708 1789 ss.:
728 1754 907 1789 Katholik
926 1765 959 1788 a.
979 1755 1080 1788 1877.
1100 1753 1125 1790 I.
1145 1756 1213 1788 528
1232 1765 1276 1787 ss.

352 1811 377 1849 9)
396 1807 549 1841 Wiest
569 1809 585 1846 ἓ
608 1811 693 1846 168;
712 1807 902 1842 M'ohler
920 1806 1112 1850 symbolik
1132 1809 1148 1844 ἓ
1167 1811 1207 1846 4ς
1227 1804 1491 1850 Dollinger
1508 1805 1532 1839 l.
1553 1816 1581 1839 c.
1599 1816 1684 1850 pag.
1700 1809 1745 1840 70
1759 1816 1825 1842 ss.;
1843 1806 1888 1838 86
1903 1816 1948 1840 ss:

207 1863 253 1895 94
272 1871 315 1894 ss.
352 1863 415 1895 116
434 1872 479 1894 ss.
511 1864 577 1895 248
596 1862 684 1898 etc.;
716 1861 775 1894 111.
804 1863 849 1894 24
867 1872 931 1897 ss.;
963 1859 1137 1893 Storch
1150 1870 1270 1894 enan
1298 1859 1433 1893 Philos.
1462 1859 1525 1892 der
1551 1858 1672 1903 Relig.
1699 1857 1766 1892 VH
1794 1858 1880 1892 diss.
1907 1860 1951 1893 6:

205 1913 475 1958 Hettinger
494 1915 535 1954 ll,
555 1917 673 1949 3138
692 1926 736 1947 ss.
757 1913 810 1947 ed.
831 1916 862 1948 6.
898 1913 955 1947 Ita
973 1913 1329 1947 Melanchthon
1347 1913 1387 1946 in
1405 1915 1601 1946 comment.
1620 1913 1660 1946 in
1678 1921 1734 1956 ep.
1755 1912 1800 1945 ad
1818 1911 1948 1946 Roma-

207 1978 276 2001 nos
294 1968 353 2008 (cf.
373 1966 435 2001 Ch
447 1978 514 2001 em
526 1968 619 2001 niti
631 1979 655 2001 u
667 1980 703 2001 m
730 1968 797 2001 loc.
823 1967 987 2011 theolog.
1008 1967 1062 2001 ed.
1082 1968 1108 1999 L
1121 1977 1174 2010 ey
1187 1978 1202 2000 s
1214 1976 1261 2000 er
1278 1978 1313 2011 p.
1338 1969 1355 1999 1
1373 1977 1458 2011 pag.
1481 1969 1559 2008 173)
1579 1968 1771 2000 docuerat:
1811 1964 1950 2004 ,Deum

207 2021 329 2065 ipsum
348 2020 473 2054 omnia
490 2021 638 2065 proprie
657 2031 776 2066 agere,
807 2021 849 2053 ut
867 2021 962 2054 sicut
980 2020 1154 2060 fatentur,
1183 2019 1375 2064 proprium
1395 2030 1486 2063 opus
1503 2018 1571 2052 Dei
1588 2018 1704 2052 fuisse
1722 2017 1826 2051 Pauli
1845 2028 1949 2052 voca-

205 2075 356 2114 tionem,
374 2073 428 2106 ita
446 2073 648 2114 fateantur,
668 2083 779 2117 opera
798 2073 864 2107 Dei
882 2074 1036 2117 propria
1054 2083 1131 2106 esse
1150 2075 1186 2106 et
1204 2072 1357 2107 Davidis
1376 2071 1598 2106 adulterium
1615 2099 1622 2105 .
1638 2096 1646 2105 .
1663 2098 1670 2105 .
1687 2071 1836 2105 constat
1848 2070 1948 2104 enim

207 2127 323 2161 Deum
343 2126 467 2160 omnia
485 2127 631 2171 proprie
659 2127 788 2165 facere,
817 2127 859 2160 ut
887 2127 936 2160 sit
962 2126 1039 2171 ejus
1058 2126 1249 2170 proprium
1277 2137 1367 2170 opus
1385 2125 1504 2159 Judae
1530 2125 1704 2170 proditio,
1732 2125 1829 2158 sicut
1844 2124 1947 2158 Pauli

206 2181 384 2216 vocatio<
419 2181 519 2223 Quae
537 2184 663 2216 tamen
680 2182 791 2216 verba
810 2183 941 2226 utpote
958 2182 1068 2216 nimis
1086 2182 1202 2226 impia
1220 2184 1402 2225 expuncta
1420 2182 1519 2214 fuere
1536 2181 1575 2214 in
1592 2179 1858 2225 posterioribus
1876 2178 1949 2212 edi-

206 2236 381 2270 tionibus.
417 2237 506 2269 Cum
525 2238 647 2270 autem
669 2236 835 2276 dicimus,
856 2236 1146 2280 protestantium
1173 2235 1379 2268 doctrinam
1399 2234 1565 2268 sanctam
1584 2233 1720 2268 censeri
1739 2244 1810 2268 non
1830 2242 1949 2278 posse,

206 2299 322 2332 eaque
340 2299 447 2322 omne
468 2289 631 2322 excusari
651 2288 845 2333 flagitium,
874 2299 948 2321 non
976 2289 1171 2332 propterea
1198 2288 1288 2332 ipsis
1316 2287 1578 2332 exprobramus
1608 2287 1686 2321 ulla
1703 2287 1865 2331 peccata,
1884 2296 1950 2320 nec

206 2340 351 2386 judices
371 2352 448 2375 esse
467 2341 639 2375 volumus
657 2341 756 2376 vitae
775 2342 951 2386 ipsorum.
970 2340 1075 2382 Quod
1091 2341 1189 2375 enim
1203 2340 1328 2385 plures
1343 2351 1386 2374 ex
1400 2341 1490 2384 ipsis
1504 2341 1699 2374 honestam
1713 2349 1801 2373 sane
1812 2340 1952 2373 ducant

208 2396 340 2434 vitam,
356 2396 507 2438 peccata
526 2395 690 2430 caveant,
709 2404 783 2427 non
801 2394 989 2428 doctrinae
1015 2404 1101 2438 pro
1114 2405 1137 2437 p
1149 2394 1222 2427 ria
1234 2404 1253 2427 e
1280 2393 1438 2427 adscribi
1458 2393 1577 2434 debet,
1605 2393 1668 2426 sed
1686 2393 1742 2426 vel
1761 2391 1951 2426 doctrinae

208 2457 327 2487 verae,
346 2447 449 2492 cujus
467 2450 609 2492 partem
632 2448 763 2482 saltem
791 2448 837 2481 ab
857 2446 1019 2481 Ecclesia
1047 2447 1229 2481 catholica
1256 2447 1468 2481 recedentes
1495 2446 1616 2480 adhuc
1642 2445 1873 2484 retinuerint.
1891 2444 1951 2479 vel

209 2500 308 2544 quod
326 2500 395 2534 sibi
413 2511 488 2534 non
505 2502 685 2540 constent,
705 2503 742 2534 et
759 2501 867 2545 plura
885 2500 1074 2534 doctrinae
1102 2500 1235 2545 capita,
1263 2511 1358 2544 quae
1377 2499 1562 2534 Lutherus
1590 2499 1764 2532 docuerat
1781 2501 1820 2532 et
1836 2497 1950 2531 incul-

213 2554 370 2593 caverat,
390 2554 461 2597 ipsi
480 2554 545 2586 aut
562 2552 700 2597 pudore
728 2554 795 2586 aut
822 2564 909 2587 sano
937 2553 1094 2587 rationis
1120 2553 1238 2597 ipsius
1266 2553 1446 2586 naturalis
1471 2552 1610 2597 judicio
1629 2551 1733 2585 ducti
1749 2550 1951 2595 rejecerint.

215 2606 267 2641 Cf.
287 2606 310 2640 S
324 2608 338 2640 t
351 2618 406 2650 ap
419 2606 428 2640 l
442 2611 553 2640 eton
569 2607 594 2640 l.
614 2618 643 2640 e.
663 2607 824 2640 controv.
844 2607 867 2640 l.
888 2619 921 2650 q.
942 2612 960 2640 5
979 2617 1010 2640 a.
1030 2609 1052 2640 3
1069 2607 1285 2651 praesertim
1304 2606 1407 2650 prob.
1433 2608 1484 2640 17.

355 2660 382 2705 3)
401 2659 452 2694 Cf.
473 2659 502 2693 D
515 2659 558 2694 61
571 2658 607 2693 li
620 2672 640 2693 n
653 2670 734 2704 ger
753 2659 777 2694 l.
795 2671 823 2693 c.
843 2660 868 2700 I,
885 2662 941 2694 29.
957 2661 1012 2695 37.
1030 2661 1074 2695 57
1088 2671 1133 2694 SS.
1151 2661 1196 2694 97
1208 2671 1253 2693 ss.
1275 2662 1340 2694 178
1355 2671 1399 2692 ss.
1420 2661 1489 2695 354
1507 2670 1551 2693 ss.
1570 2661 1635 2693 531
1654 2670 1699 2693 ss.
1719 2660 1787 2693 552
1801 2669 1847 2692 SS.
1859 2658 1948 2696 et0.;

211 2713 232 2747 J
244 2724 300 2746 an
311 2725 326 2746 s
337 2724 353 2745 s
365 2722 384 2745 e
396 2725 419 2745 n
439 2712 660 2746 Geschichte
675 2712 736 2745 des
751 2712 954 2746 deutschen
967 2711 1100 2746 Volkes
1114 2714 1141 2746 t.
1155 2715 1187 2746 2.
1201 2712 1356 2756 passim:
1377 2712 1406 2746 G
1419 2722 1437 2745 e
1447 2723 1466 2745 r
1477 2724 1510 2744 m
1524 2722 1544 2744 a
1556 2724 1580 2745 n
1593 2723 1617 2744 u
1629 2722 1644 2744 s
1659 2710 1950 2745 Reformatoren-

210 2766 349 2804 bilder:
378 2775 470 2809 opus
496 2764 715 2809 inscriptum
735 2765 989 2810 Beleuchtung
1016 2766 1080 2798 der
1097 2765 1334 2800 Vomrtheile
1364 2765 1477 2799 wider
1505 2765 1564 2798 die
1581 2764 1685 2798 kath.
1704 2763 1848 2805 Kirche,
1878 2774 1952 2798 von

211 2820 329 2854 einem
341 2819 496 2864 protest.
510 2818 622 2852 Laien
638 2818 785 2852 Zurichs
799 2818 854 2852 ed.
870 2821 890 2852 3
903 2818 1087 2852 Lucci-nae
1103 2822 1194 2854 1843
1207 2819 1234 2853 t.
1249 2818 1312 2859 1.Ι,
1327 2820 1488 2853 93-122
1505 2818 1550 2852 de
1565 2817 1745 2857 Luthero;
1767 2819 1950 2854 130-149

211 2872 255 2907 de
273 2871 444 2909 Calvino:
477 2874 660 2907 164—‘200
679 2871 723 2905 de
742 2870 931 2915 Zwinglio,
957 2872 1001 2904 de
1020 2883 1092 2915 quo
1111 2872 1154 2906 cf.
1174 2872 1354 2906 Paulus
1380 2871 1561 2906 Katholik
1582 2873 1681 2905 1895.
1701 2870 1745 2911 Il,
1767 2872 1951 2908 475-802

210 2925 382 2959 Storch
394 2934 516 2958 enau
543 2923 566 2957 l.
595 2934 622 2957 c.
650 2924 869 2967 praesertim
886 2935 922 2967 p.
941 2925 1010 2957 267
1029 2935 1073 2960 ss.
1101 2925 1261 2958 Jodocus
1289 2925 1315 2958 C
1327 2934 1347 2958 ο
1360 2935 1377 2958 0
1390 2934 1408 2957 0
1420 2924 1431 2957 i
1443 2935 1466 2957 u
1479 2935 1494 2957 s
1522 2925 1686 2957 recenset
1710 2924 1751 2957 in
1777 2924 1951 2957 thesauro

210 2977 394 3012 catholico
421 2978 467 3011 80
495 2977 662 3020 exempla
688 2977 936 3010 variationum
964 2977 1001 3009 et
1027 2977 1362 3011 contradictionum
1388 2977 1426 3010 in
1446 2977 1616 3010 doctrina
1645 2975 1862 3011 Lutheri.
1897 2976 1951 3010 cf.

211 3033 324 3065 etiam
355 3030 475 3064 Scho
489 3040 543 3064 en
571 3028 633 3063 Dr.
653 3029 700 3062 M.
720 3028 858 3062 Luther
889 3030 955 3063 auf
979 3029 1061 3063 dem
1092 3029 1352 3074 Standpunkte
1383 3030 1447 3063 der
1477 3028 1706 3073 Psychiatrie
1738 3029 1950 3065 beurtheilt.

210 3085 377 3119 Viennae
396 3085 506 3121 1874:
526 3082 612 3118 hist.
630 3082 736 3126 polit.
756 3081 897 3116 Blatter
919 3085 994 3123 116,
1014 3085 1082 3117 216
1101 3095 1147 3117 ss.
1165 3082 1211 3118 de
1230 3083 1308 3127 ejus
1327 3082 1494 3117 obscenis
1512 3081 1744 3119 Tischreden.
