2175 3382
437 145 566 180 'rhesis
586 145 688 178 LXX.
708 145 875 179 Christus
893 145 1081 189 promittit
1100 146 1207 179 Petro
1226 145 1428 189 primatum
1447 145 1579 181 Matth.
1602 150 1656 187 16,
1678 150 1730 181 18.
1870 151 1955 194 359

216 269 336 306 erant
357 263 483 304 Marc.
509 268 545 313 1,
569 267 625 308 36
657 264 748 304 coll.
771 263 867 305 Luc.
892 268 929 313 8,
955 266 1034 312 453
1069 267 1106 313 9,
1130 267 1207 311 32;
1239 263 1375 304 Dicite
1406 265 1620 320 distc's
1653 267 1740 317 ejus
1761 264 1950 322 (Christi)

217 340 251 373 et
272 338 390 375 Petro
412 334 542 378 Marc.
563 338 626 383 16,
651 338 673 378 7
687 349 697 383 ;
719 334 869 375 Petrus
891 347 982 374 cum
1004 334 1193 375 undecim
1216 333 1305 374 Act.
1329 336 1368 384 2,
1396 337 1448 378 14
1471 335 1547 379 col.
1576 339 1609 378 1.
1633 333 1729 376 Cor.
1752 339 1791 384 9,
1813 340 1861 384 ὃς
1887 338 1952 387 15,

217 407 264 452 ὃς
299 405 506 447 Daret-unt
539 405 796 460 &Rarum
825 409 861 444 et
892 405 948 445 acl
980 404 1157 458 reliquos
1189 406 1392 458 apostolos
1417 404 1506 447 Act.
1531 409 1568 454 2,
1591 409 1667 452 37³
1701 408 1739 453 ἴ),
1764 410 1840 454 29;
1867 407 1954 450 scil.

216 475 366 516 eadem
389 487 517 527 saepe
542 480 605 516 est
624 475 825 528 loquendi
847 474 996 524 forma,
1031 487 1115 527 qua
1145 474 1211 515 vel
1244 475 1530 527 evangelistae
1554 480 1739 523 utuntur,
1772 489 1868 517 cum
1900 477 1953 518 de

216 543 383 586 Christo
406 546 580 598 ejusque
603 545 808 598 apostolis
830 545 1079 597 loquuntur:
1113 545 1227 586 illum
1249 545 1514 593 nominatim,
1546 545 1625 586 hos
1648 546 1849 597 globatim
1871 548 1954 599 sig-

214 616 387 657 nificant
409 617 523 657 hunc
545 616 588 656 in
611 616 710 656 mod
746 628 807 656 m:
831 615 949 655 Multi
970 615 1184 667 publicani
1207 619 1250 655 et
1271 619 1521 667 peccatores
1534 616 1754 657 venientes
1769 617 1953 658 discum-

213 687 373 729 bebant
395 701 485 728 cum
510 686 587 754 Jeg
637 691 673 727 et
727 701 738 726 ι
762 659 912 740 walis
933 687 1023 739 ejas
1045 685 1191 726 Matth.
1214 688 1252 734 9,
1280 689 1332 729 10
1355 690 1445 734 etc,
1477 685 1543 726 vel
1565 698 1649 737 qua
1672 684 1891 739 Scriptura
1914 693 1955 728 et

213 758 447 809 generatim
469 758 662 798 humana
676 757 940 798 consuetudo
956 757 1097 805 utitur,
1120 769 1217 797 cum
1240 768 1382 797 sermo
1407 760 1471 797 est
1493 756 1545 797 de
1567 757 1757 809 principe
1780 758 1954 811 ejusque

214 827 450 870 comitibus.
493 827 626 880 Hujus
650 827 765 869 modi
788 827 988 880 loquendi
1010 827 1118 868 ratio
1142 826 1354 867 sufficiens
1376 827 1495 867 reddi
1517 828 1674 879 nequit,
1698 829 1778 869 nisi
1801 829 1954 869 admit-

215 903 329 940 tatur
350 898 522 940 Petrum
547 898 697 951 capitis
719 898 854 938 instar
876 898 986 938 inter
1008 898 1227 950 apostolos
1250 898 1559 950 praecelluisse.

331 982 373 1025 2.
399 984 664 1022 Consulantur
684 984 950 1032 apostolorum
974 983 1140 1032 catalogi
1164 984 1277 1020 Marc.
1295 990 1331 1029 3,
1355 991 1425 1027 16;
1449 984 1539 1021 Luc.
1565 991 1600 1027 6,
1625 991 1696 1029 14;
1719 985 1804 1022 Act.
1824 992 1858 1029 1,
1882 992 1954 1030 133

212 1043 322 1091 atqui
344 1046 568 1081 constanter
591 1044 729 1080 Petrus
749 1043 876 1091 primo
898 1045 1123 1080 recensetur
1145 1042 1238 1087 loco,
1263 1055 1353 1080 cum
1374 1046 1506 1080 tamen
1528 1044 1772 1092 reliquorum
1798 1047 1953 1093 aposto-

211 1102 338 1139 lorum
360 1103 455 1140 ordo
476 1115 555 1140 non
577 1102 628 1139 sit
649 1105 850 1147 constans3
883 1101 959 1138 imo
983 1101 1126 1138 diserte
1149 1102 1252 1149 apud
1278 1101 1517 1138 Matthaeum
1548 1110 1610 1147 10,
1637 1108 1657 1141 2
1682 1102 1834 1151 primus
1858 1103 1953 1140 dici—

211 1162 288 1197 tur.
329 1161 436 1198 Alias
457 1174 614 1210 quoque
635 1160 865 1198 nominatur
886 1161 1011 1208 primo
1035 1161 1127 1200 loco.
1171 1160 1224 1198 Cf.
1246 1160 1383 1200 Matth.
1413 1168 1475 1205 17,
1506 1169 1547 1206 13
1581 1162 1695 1199 Marc.
1721 1167 1755 1205 5,
1783 1168 1860 1207 373
1890 1168 1951 1207 13,

214 1226 259 1265 33
285 1225 349 1265 24,
376 1227 449 1265 33;
474 1221 566 1258 Luc.
594 1226 628 1266 S,
656 1226 729 1262 51;
766 1225 832 1266 22,
858 1226 903 1264 8;
935 1219 1050 1256 Joan.
1072 1225 1135 1262 21,
1163 1225 1197 1258 2.
1240 1219 1525 1268 Excipiendum
1555 1220 1713 1257 videtur
1745 1220 1827 1258 Gal.
1855 1227 1890 1265 2,
1917 1228 1952 1265 9,

211 1278 281 1316 ubi
301 1291 443 1316 nomen
465 1280 557 1328 Cep
571 1279 660 1316 hae
684 1278 855 1315 medium
877 1278 1039 1326 ponitur
1060 1278 1163 1315 inter
1175 1277 1366 1315 ,Iacobum
1390 1282 1429 1315 et
1442 1278 1646 1316 Joannem.
1682 1279 1756 1316 Sed
1778 1289 1821 1319 a.
1836 1280 1953 1317 lectio

210 1350 289 1375 non
310 1343 368 1376 est
389 1338 485 1375 adeo
509 1340 636 1383 certa;
667 1335 714 1377 b.
738 1350 843 1374 unus
866 1337 974 1374 loeus
997 1347 1076 1373 non
1098 1337 1280 1386 infringit
1312 1338 1509 1386 regulam;
1545 1347 1585 1378 (3.
1607 1351 1688 1375 non
1710 1338 1818 1376 deest
1841 1338 1953 1376 suffi-

211 1396 314 1434 ciens
335 1398 436 1435 ratio
457 1397 505 1434 ad
527 1398 625 1434 hanc
646 1397 878 1434 anomaliam
902 1395 1184 1444 explicandam.
1226 1397 1359 1433 Potest
1382 1396 1487 1433 enim
1509 1397 1595 1443 dici,
1620 1398 1788 1435 Paulum
1811 1398 1871 1435 hic
1892 1410 1951 1434 re-

211 1468 367 1494 censere
389 1457 586 1504 apostolos
606 1456 671 1493 vel
691 1468 761 1504 pro
785 1467 917 1492 eorum
941 1455 1114 1492 testandi
1137 1455 1384 1500 auctoritate,
1409 1468 1487 1504 qua
1508 1456 1711 1504 pollebant
1732 1457 1834 1505 apud
1851 1457 1951 1494 chri-

211 1514 360 1553 stianos
378 1515 636 1563 judaizantes,
672 1514 776 1563 apud
800 1526 896 1563 quos
917 1514 1089 1551 Jacobus
1114 1517 1251 1563 utpote
1274 1514 1394 1551 frater
1416 1514 1573 1552 Domini
1597 1511 1652 1567 (1,
1682 1513 1750 1567 19)
1783 1515 1951 1564 primus-

211 1587 286 1623 que
307 1574 669 1623 Hierosolymorum
691 1573 894 1622 episcopus
915 1586 1060 1621 magna
1081 1580 1165 1610 erat
1186 1573 1228 1609 in
1250 1573 1519 1618 veneratione3
1546 1574 1608 1611 vel
1630 1574 1766 1611 ordine
1789 1575 1951 1612 chrono-

211 1633 348 1683 logico,
371 1646 449 1682 quo
471 1645 534 1670 eos
556 1633 719 1671 viderat.
762 1632 968 1669 Praeterea
989 1632 1140 1669 nullius
1162 1632 1329 1680 apostoli
1352 1636 1442 1680 post
1456 1632 1655 1670 Christum
1670 1635 1752 1670 tam
1766 1633 1950 1681 frequen-

209 1695 271 1729 ter
292 1693 337 1730 fit
357 1693 506 1729 mentio
527 1692 569 1729 in
591 1691 826 1741 Evangeliis,
864 1691 941 1728 imo
963 1691 1004 1728 in
1027 1691 1208 1728 universo
1233 1691 1277 1729 N.
1302 1691 1354 1737 T„
1379 1704 1496 1739 quam
1521 1692 1647 1728 Petri:
1680 1705 1823 1729 nomen
1847 1693 1951 1729 enim

211 1751 295 1799 ejus
317 1753 488 1789 occurrit
509 1751 664 1788 circiter
686 1751 832 1788 centies
855 1749 1036 1799 octogies,
1060 1749 1171 1787 Pauli
1201 1752 1361 1787 centum
1383 1750 1645 1800 quinquagies
1677 1753 1807 1797 octies,
1831 1751 1950 1789 Joan-

211 1810 273 1847 nis
293 1810 427 1848 tricies
448 1809 577 1850 octies.
621 1809 726 1854 Quae
748 1809 879 1846 omnia
900 1821 977 1846 non
1001 1809 1096 1846 satis
1120 1809 1365 1857 explicantur
1401 1821 1444 1845 ex
1468 1810 1686 1847 vocationis
1718 1811 1781 1847 vel
1811 1811 1950 1848 aetatis

212 1869 396 1918 primatu,
428 1872 474 1907 ut
509 1869 722 1917 opinantur
755 1868 980 1905 adversarii.
1023 1868 1096 1905 Hic
1129 1867 1233 1904 enim
1264 1867 1387 1917 gratis
1422 1867 1651 1913 affirmatur,
1686 1872 1827 1906 neuter
1859 1880 1950 1907 vero

213 1929 306 1966 satis
328 1928 527 1978 probatur.
571 1954 587 1972 „
598 1928 710 1965 Prior
732 1933 891 1964 secutus
914 1929 983 1973 est,
1007 1926 1140 1975 inquit
1161 1926 1452 1964 Ambrosiaster
1473 1927 1514 1964 in
1540 1933 1574 1966 2.
1599 1927 1679 1966 Cor.
1703 1934 1763 1974 12,
1784 1936 1846 1974 11,
1870 1930 1950 1965 An-

211 1987 321 2025 dreas
343 1987 594 2032 Salvatorem,
619 1990 658 2024 et
678 1991 810 2024 tamen
832 1986 1048 2034 primatum
1070 1997 1149 2022 non
1170 1985 1320 2035 accepit
1342 1986 1529 2031 Andreas,
1556 1986 1623 2023 sed
1645 1987 1829 2027 Petrus«

330 2081 426 2124 345.
449 2079 618 2122 'rhesis
642 2078 790 2121 LXX.
846 2092 1004 2125 Verms
1031 2091 1204 2125 Christi
1230 2092 1424 2126 Domim·
1460 2093 1625 2127 Matth.
1653 2091 1724 2134 16,
1750 2092 1808 2126 18
1837 2101 1950 2135 pro-

211 2153 416 2186 mittitur
442 2153 580 2185 Petro
599 2151 948 2194 jurisdictionis
970 2151 1210 2192 primatus
1234 2152 1285 2185 in
1313 2153 1582 2186 universam
1609 2153 1878 2186 Ecclesiam.

328 2231 706 2276 Demonstratio.
734 2229 953 2271 Promisso
977 2229 1141 2271 Simoni
1163 2231 1446 2284 impositoque
1469 2243 1581 2272 novo
1605 2232 1777 2273 nomine
1800 2231 1950 2273 Petri

209 2302 267 2357 (n.
290 2305 376 2346 343
396 2303 440 2358 1),
463 2302 654 2343 Christus
672 2301 762 2353 Jam
784 2301 996 2342 rationem
1017 2301 1155 2342 reddit
1176 2302 1364 2354 impositi
1386 2303 1485 2342 novi
1507 2302 1702 2352 nominis,
1726 2303 1839 2355 quod
1861 2303 1948 2344 scil.

212 2373 456 2426 designatus
477 2372 530 2413 sit
552 2372 595 2412 in
609 2371 931 2412 fundamentum
945 2376 987 2413 et
1000 2383 1245 2424 supremum
1262 2373 1552 2424 praepositum
1566 2372 1799 2414 Ecclesiae:
1823 2385 1949 2426 quem

210 2445 253 2484 in
274 2443 402 2485 finem
424 2454 523 2484 eum
546 2443 674 2483 etiam
698 2448 860 2483 certum
881 2441 1020 2482 reddit
1042 2442 1137 2485 Luc,
1161 2445 1230 2492 22,
1253 2446 1306 2487 31
1331 2456 1362 2484 s.
1386 2443 1437 2484 de
1460 2456 1539 2484 sua
1562 2443 1723 2485 efficaci
1745 2445 1948 2485 assisten-

208 2514 288 2563 tia3
319 2517 447 2567 atque
470 2513 645 2554 demum
668 2513 734 2553 sui
756 2514 961 2553 vicarium
994 2517 1036 2553 et
1065 2513 1252 2554 universi
1275 2513 1395 2554 ovilis
1418 2513 1618 2555 dominici
1639 2519 1857 2567 pastorem
1879 2526 1948 2555 re-

210 2594 310 2625 vera
341 2584 519 2625 instituit
539 2582 601 2624 Jo.
625 2585 693 2633 21,
720 2585 773 2628 15
797 2596 851 2626 ss,
894 2582 970 2624 Cui
1000 2583 1152 2635 triplici
1182 2584 1425 2625 testimonio
1458 2584 1638 2638 dignitas
1669 2586 1751 2627 loci
1782 2585 1947 2626 classici

210 2658 274 2695 est
303 2654 535 2696 asserenda
556 2654 598 2711 1).
640 2653 829 2695 Primum
860 2654 919 2694 ita
951 2653 1093 2696 habet.
1135 2654 1372 2708 Interrogax
1384 2660 1476 2696 erat
1498 2655 1690 2697 Christus
1718 2655 1946 2709 discipulos

212 2736 333 2765 suos:
376 2724 456 2775 Vos
468 2732 609 2783 Qteffl
633 2740 747 2781 quem
780 2740 842 2766 me
874 2739 954 2767 esse
986 2726 1155 2766 dicitis?
1195 2726 1462 2781 Respondeas
1484 2728 1623 2768 Simon
1646 2728 1795 2768 Petrus
1817 2728 1946 2768 (lixit.-

355 2888 380 2934 ¹)
399 2887 448 2922 De
465 2888 596 2922 horum
614 2888 909 2923 testimoniorum
930 2899 1025 2922 nexu
1043 2890 1090 2923 cf,
1109 2888 1210 2922 Wie
1223 2900 1296 2923 ser
1312 2890 1381 2925 Die
1398 2891 1683 2925 Unfehlbarkeit
1710 2891 1773 2925 des
1791 2890 1944 2933 Papstes

208 2941 285 2975 und
303 2941 362 2975 die
380 2942 606 2976 Mtinchener
622 2942 876 2987 Erwagnngen
897 2955 930 2986 p.
950 2944 972 2976 7
991 2954 1038 2981 s.;
1058 2943 1089 2976 H
1103 2942 1180 2977 ein
1192 2955 1209 2976 r
1221 2943 1231 2976 i
1244 2953 1263 2977 c
1275 2943 1299 2977 h
1317 2948 1333 2985 ξ
1353 2946 1407 2980 26,
1427 2943 1562 2978 Textus
1583 2955 1667 2978 vero
1688 2943 1869 2977 Matthaei
1893 2944 1944 2976 16.

213 2999 252 3028 15
273 3005 318 3030 ss,
337 2995 620 3039 genuinitatem,
639 3006 749 3039 quam
767 2997 990 3030 recentiores
1009 2997 1261 3041 protestantes
1289 2997 1543 3041 desperatione
1567 2998 1726 3042 actijam
1740 2999 1885 3040 negant,
1903 2998 1946 3028 ut

208 3046 268 3081 Re
279 3058 295 3080 s
306 3057 325 3080 c
335 3047 361 3080 h
377 3049 735 3082 Aussercanonische
749 3048 1007 3084 Paralleltexte
1021 3061 1063 3083 zu
1077 3049 1148 3083 den
1162 3049 1299 3094 Evang,
1315 3050 1400 3085 fasc.
1419 3050 1461 3089 Π,
1478 3052 1581 3085 187-
1592 3053 1648 3091 96,
1661 3052 1698 3083 et
1714 3049 1746 3082 H
1757 3060 1802 3081 ar
1813 3060 1836 3081 n
1850 3059 1869 3082 a
1881 3058 1898 3081 c
1908 3047 1945 3088 k,

208 3100 356 3133 strenue
375 3101 499 3134 tuetur
516 3100 547 3134 K
560 3100 722 3135 neller
739 3100 921 3137 Stimmen
938 3113 1002 3136 aus
1021 3102 1139 3136 Maria
1152 3103 1273 3137 Laach
1296 3105 1382 3138 1896
1402 3103 1428 3145 Ι,
1451 3105 1514 3137 129
1533 3115 1580 3137 ss.
1600 3106 1637 3137 et
1655 3105 1723 3137 288
1741 3113 1786 3135 ss.
