2175 3382
191 136 276 176 322
515 128 635 162 Tract.
658 127 716 160 [ll.
737 127 780 161 de
801 127 971 161 Ecclesia.
991 126 1116 161 'rhesis
1137 127 1223 160 [Ax.
1245 127 1448 161 vatholicae
1470 137 1601 161 ιιοωνιι

312 258 407 291 306.
431 247 795 290 Βῡίιιοηὸῒιᾞῒίο
819 260 864 301 1).
890 246 983 288 Ill.
1014 250 1140 295 Quare
1163 249 1367 286 catholicae
1389 262 1520 286 nomen
1540 251 1807 297 estproprium
1824 263 1930 287 verae

193 312 405 348 Ecclesiae:
431 310 518 347 hinc
540 322 629 346 sane
652 309 798 346 factum
822 312 890 353 est,
915 314 961 345 ut
985 307 1083 345 illud
1107 321 1240 345 revera
1262 320 1330 356 per
1353 307 1518 356 quaevis
1543 308 1674 345 secula
1694 309 1764 345 uni
1778 320 1928 358 semper

191 370 318 408 coetui
342 368 567 414 inhaeserit,
592 371 632 405 et
654 369 742 405 hinc
763 380 921 416 quoque
944 367 1171 415 explicatur,
1195 379 1316 415 quare
1339 371 1438 404 teste
1462 379 1489 405 s,
1507 367 1802 415 Augustino
1825 380 1853 407 c.
1870 380 1929 416 ep.

191 428 440 466 fundamenti
463 441 493 465 c.
518 434 541 467 4
568 439 729 471 „omnes
754 426 967 463 haereticos
990 439 1030 463 se
1053 427 1260 464 catholicos
1292 426 1368 463 dici
1392 426 1566 467 velint;“
1601 438 1736 463 verum
1760 426 1931 464 frustra?

191 501 281 525 nam
303 487 374 524 etsi
400 487 587 524 haeretici
611 486 819 523 catholicos
842 499 879 522 se
902 484 1086 531 dixerint,
1120 497 1232 522 nemo
1267 487 1422 533 praeter
1445 485 1547 534 ipsos
1581 486 1650 522 hoc
1681 485 1836 522 nomine
1868 497 1932 523 eos

192 547 402 590 salutavit3
427 546 494 583 sed
517 546 634 583 ceteri
657 556 792 582 omnes
815 544 1012 581 communi
1036 556 1225 581 consensu
1249 556 1314 582 eos
1337 544 1597 594 designarunt
1631 546 1671 582 et
1692 544 1740 582 ab
1762 544 1849 582 aliis
1872 544 1931 582 di—

193 606 420 644 stinxerunt
442 605 610 651 nomine,
634 603 739 653 quod
763 604 824 640 vel
846 617 866 640 a
889 604 968 640 suis
993 604 1231 647 auctoribus,
1256 604 1317 641 vel
1339 603 1386 640 ab
1409 616 1536 641 errore
1552 615 1667 652 quem
1682 603 1932 652 profitentur.

192 666 254 703 vel
275 678 297 702 a
318 664 486 714 regione,
512 665 552 700 in
574 676 650 711 qua
673 663 748 699 orti
772 665 876 707 sunt,
898 665 1123 700 traxerunt:
1155 675 1233 710 quo
1257 663 1356 700 facto
1385 665 1516 711 patres
1549 662 1719 700 libenter
1749 664 1932 708 utuntur,

192 727 237 762 ut
259 724 417 760 illorum
440 722 644 772 profanam
667 722 921 769 comprobent
943 722 1143 786 originem.
1188 721 1351 765 »Sicubi
1386 721 1570 767 audieris,
1605 721 1662 759 ita
1683 721 1932 771 Hierony-

191 796 296 820 mus
318 782 360 819 in
383 782 472 819 dial.
495 794 524 818 c.
548 781 715 819 Lucifei.
738 794 774 818 n
801 788 836 824 (i,
860 793 935 826 eos,
959 781 1029 828 qui
1051 780 1239 818 dicuntur
1262 780 1482 825 christiani,
1505 793 1584 818 non
1607 794 1627 817 a
1653 780 1814 818 Domino
1836 781 1933 818 Jesu

193 842 358 882 Christo
384 841 452 878 sed
474 854 495 877 a
517 853 675 889 quoque
699 840 774 877 alio
797 852 971 888 nuncup·
963 839 1018 876 iri
1041 841 1088 876 ut
1110 839 1372 909 marcionitas
1406 839 1708 884 valentinianos,
1739 839 1834 877 scito
1856 852 1935 878 non

191 901 401 941 Ecclesiam
425 899 570 936 Christi
594 900 661 937 sed
683 899 905 936 antichristi
927 911 1010 936 esse
1033 911 1283 949 synagogam.
1296 904 1312 921 «
1328 880 1464 936 'Idem
1496 901 1773 948 argumentum
1805 899 1934 936 fusius

191 961 232 997 in
255 960 408 997 arianos
431 959 634 1007 intorquet
657 971 685 997 s.
709 958 1029 996 Athanasius
1051 970 1104 995 or.
1134 966 1148 998 1
1177 971 1215 994 n.
1243 963 1279 997 2.
1305 965 1326 997 3
1360 957 1416 995 ita
1438 957 1653 995 disserens:
1690 958 1798 1002 „Nec
1829 958 1934 995 enim

190 1032 366 1067 unquam
388 1018 557 1067 populus
581 1015 853 1071 (christianus)
886 1030 907 1054 a
938 1017 1107 1066 propriis
1129 1017 1320 1065 episcopis
1351 1029 1493 1054 nomen
1526 1017 1685 1066 accepit,
1719 1016 1785 1054 sed
1817 1030 1838 1054 a
1860 1017 1934 1055 Do-

191 1079 310 1123 mino,
333 1077 374 1114 in
397 1090 514 1125 quem
537 1082 577 1115 et
601 1077 714 1115 fidem
736 1077 935 1116 habemus.
978 1076 1080 1113 Hinc
1111 1077 1203 1113 licet
1234 1076 1337 1113 beati
1358 1076 1525 1125 apostoli
1546 1076 1729 1125 magistri
1751 1076 1874 1114 nostri
1897 1078 1937 1114 et

191 1136 397 1186 Evangelii
422 1136 634 1174 Salvatoris
666 1135 888 1174 administri
919 1135 1082 1180 fuerint,
1115 1149 1160 1173 ex
1193 1135 1273 1172 illis
1304 1137 1435 1172 tamen
1467 1146 1545 1172 non
1577 1135 1836 1181 nominamur,
1868 1135 1936 1172 sed

192 1196 401 1234 Christiani
424 1209 446 1232 a
468 1196 619 1234 Christo
641 1199 680 1233 et
703 1208 840 1233 sumus
864 1197 903 1232 et
925 1195 1103 1232 dicimur.
1147 1194 1197 1232 Hi
1219 1197 1363 1240 autem,
1395 1195 1463 1241 qui
1495 1195 1542 1231 ab
1565 1194 1653 1231 aliis
1676 1194 1821 1232 habent
1842 1207 1935 1232 suae

192 1255 282 1292 fidei
305 1255 507 1304 originem,
541 1257 802 1305 congruenter
824 1255 987 1292 illorum
1009 1255 1166 1292 nomine
1199 1256 1398 1299 notantur,
1432 1256 1570 1302 utpote
1602 1253 1670 1302 qui
1703 1253 1749 1290 ad
1780 1253 1936 1292 eosdem

192 1315 433 1363 pertinent«
478 1312 589 1357 Quod
613 1313 842 1352 inductione
866 1313 1037 1352 ostendit
1059 1313 1256 1351 historica.
1291 1313 1453 1350 Gemina
1466 1313 1614 1350 habent
1636 1313 1728 1350 Chr
1737 1315 1935 1361 ysosto-

191 1386 296 1410 mus
319 1373 354 1410 h.
381 1379 432 1413 33
466 1372 507 1409 in
538 1376 623 1411 acta
654 1387 715 1421 ap.
746 1385 783 1412 n.
820 1379 865 1417 4;
899 1372 1131 1410 Basilius
1163 1373 1203 1409 in
1227 1373 1286 1409 Ps.
1308 1379 1366 1413 48
1391 1385 1428 1409 n.
1457 1380 1499 1412 7:
1532 1365 1838 1410 Lactantius
1859 1372 1936 1412 div.

192 1432 317 1469 instit.
341 1430 409 1476 IV,
437 1438 511 1475 3ος
544 1432 795 1470 Justinus
827 1432 869 1469 in
892 1432 981 1469 dial.
1015 1444 1103 1469 cum
1126 1431 1269 1480 Tryph.
1302 1444 1338 1468 n.
1365 1438 1441 1472 35:
1474 1431 1802 1480 Epiphanius
1834 1431 1936 1471 haer,

194 1498 246 1531 62
270 1491 386 1528 refut.
412 1497 432 1530 2
457 1490 505 1527 ad
530 1498 566 1531 2.
590 1492 692 1537 Cor.;
726 1492 957 1528 Clemens
991 1491 1086 1528 alex.
1111 1492 1252 1530 Strom.
1275 1491 1300 1527 l.
1329 1499 1347 1531 Τ
1373 1504 1409 1527 n.
1440 1497 1510 1531 17:
1544 1492 1679 1528 auctor
1701 1503 1763 1539 qq.
1786 1490 1832 1527 ad
1855 1491 1936 1527 An-

190 1550 363 1588 tiochum
400 1547 522 1602 (inter
557 1563 674 1599 opera
708 1550 842 1599 spuria
877 1563 904 1588 s.
927 1550 1218 1594 Athanasii,
1252 1550 1344 1599 Mig.
1382 1556 1447 1595 28,
1484 1546 1595 1603 627),
1630 1549 1700 1598 qui
1732 1562 1769 1598 q.
1793 1556 1845 1591 45
1882 1549 1939 1587 ita

191 1610 349 1647 scribit:
383 1608 599 1653 „Quocirca
621 1609 832 1659 diligenter
855 1610 1033 1646 advertat
1071 1621 1298 1657 quicunque
1330 1609 1375 1646 ad
1400 1609 1596 1646 Christum
1629 1609 1718 1646 vult
1746 1609 1936 1654 accedere,

191 1681 344 1706 omnem
368 1668 482 1704 fidem
504 1668 547 1706 in
568 1669 688 1706 terris
710 1668 870 1706 nomine
893 1668 1062 1716 alicujus
1100 1668 1271 1705 hominis
1304 1668 1505 1716 appellari.
1550 1668 1705 1706 Scilicet
1736 1681 1756 1705 a
1779 1668 1937 1706 Simone

191 1727 397 1765 simoniani
419 1727 618 1772 dicuntur,
642 1741 663 1765 a
688 1728 881 1765 Marcione
906 1724 1168 1772 marcionitae,
1192 1728 1240 1764 ab
1265 1727 1357 1764 Ario
1380 1727 1505 1764 ariani
1537 1730 1576 1764 et
1598 1727 1824 1765 eunomiani
1846 1739 1936 1776 pro-

190 1789 278 1834 pter
299 1786 549 1824 Eunomium.
592 1787 672 1824 Hae
696 1800 829 1824 omnes
853 1790 1082 1835 ceteraeque
1104 1787 1210 1832 fides,
1245 1799 1346 1834 quae
1380 1787 1582 1824 hominum
1614 1786 1774 1823 nomina
1804 1786 1939 1824 ferunt

189 1850 308 1892 atque
333 1846 386 1882 ita
408 1851 566 1895 propter
588 1846 677 1883 illos
703 1846 966 1894 appella-ntur,
990 1859 1067 1883 non
1092 1849 1186 1883 sunt
1210 1846 1291 1891 Dei,
1314 1858 1443 1894 neque
1459 1846 1561 1883 Deus
1585 1846 1625 1882 in
1641 1845 1721 1883 illis
1735 1848 1805 1883 est.
1838 1846 1938 1883 Nam

191 1905 224 1941 si
246 1904 314 1941 Dei
336 1906 440 1947 sunt,
475 1917 544 1942 cur
566 1905 769 1942 hominum
802 1905 1028 1942 nominibus
1060 1905 1312 1954 appellantur
1345 1908 1384 1942 et
1415 1905 1717 1955 insigniuntur?
1748 1905 1937 1942 Gloriatio

190 1963 316 2012 igitur
346 1963 625 2012 gloriationum
656 1964 732 2001 erit
762 1964 876 2002 nobis
909 1964 1173 2002 catholica
1204 1964 1385 2009 Ecclesia,
1421 1966 1458 2001 et
1495 1964 1598 2012 quod
1634 1963 1841 2001 Christiani
1877 1964 1936 2001 di-

190 2023 316 2059 cimur
338 2026 376 2059 et
398 2023 659 2068 nominamur,
683 2025 729 2060 ut
752 2023 819 2071 qui
842 2036 920 2061 non
943 2024 990 2060 ab
1015 2024 1242 2061 hominibus
1265 2023 1525 2068 nominemur,
1551 2023 1616 2060 sed
1643 2036 1665 2060 a
1686 2023 1764 2061 Deo
1787 2023 1936 2060 illumi—

191 2094 330 2118 nemur
351 2085 449 2118 etc«

310 2140 421 2177 Sicut
443 2143 575 2178 autem
596 2141 756 2178 nomina
778 2142 825 2178 ab
848 2141 1074 2178 auctoribus
1099 2142 1161 2178 vel
1185 2141 1388 2178 erroribus
1412 2143 1482 2178 etc.
1520 2142 1693 2178 derivata
1724 2141 1937 2178 haeserunt

193 2212 346 2248 semper
367 2199 583 2244 haereticis,
607 2200 663 2237 ita
685 2213 887 2248 nunquam
912 2201 1127 2238 haeserunt
1149 2200 1360 2238 catholicae
1384 2201 1576 2237 Ecclesiae
1599 2200 1753 2237 diversa
1774 2199 1844 2237 illa
1864 2213 1935 2238 no-

191 2258 308 2303 mina,
335 2271 433 2306 quae
456 2259 523 2296 alii
544 2264 661 2307 atque
685 2259 750 2296 adi
774 2260 958 2297 haeretici
981 2260 1055 2308 ipsi
1078 2259 1324 2304 tribuebant,
1347 2272 1435 2296 nam
1461 2259 1614 2303 „velint
1635 2259 1775 2304 nolint,
1807 2259 1937 2307 inquit

192 2316 239 2354 ad
273 2330 353 2354 rem
387 2319 717 2367 Augustinus
751 2319 796 2355 de
829 2331 919 2355 vera
941 2319 1011 2358 rel.
1035 2332 1071 2355 n.
1104 2324 1164 2363 12,
1190 2318 1267 2367 ipsi
1290 2331 1448 2367 quoque
1480 2318 1666 2355 haeretici
1688 2320 1727 2355 et
1749 2317 1934 2355 schisma,-

190 2378 278 2413 tum
300 2376 461 2421 alumni,
499 2377 654 2424 quando
676 2390 755 2414 non
777 2390 868 2415 cum
889 2378 969 2415 suis
993 2377 1060 2414 sed
1093 2389 1180 2415 cum
1214 2377 1406 2414 extraneis
1438 2378 1670 2425 loquuntur,
1707 2377 1935 2415 catholicam

190 2434 292 2471 nihil
313 2435 420 2472 aliud
443 2448 559 2484 quam
583 2436 814 2474 catholicam
839 2439 988 2474 vocant.
1031 2437 1121 2474 Non
1144 2437 1249 2474 enim
1271 2439 1436 2485 possunt
1460 2436 1647 2486 intelligi,
1671 2436 1749 2473 nisi
1763 2436 1836 2473 hoc
1851 2449 1934 2474 eam

190 2494 348 2531 nomine
371 2494 603 2539 discernant,
627 2507 704 2543 quo
728 2496 775 2532 ab
798 2496 982 2533 universo
1006 2496 1097 2534 orbe
1121 2501 1414 2544 nuncupatum«
1459 2496 1542 2539 „Ex
1565 2508 1654 2543 quo,
1678 2497 1725 2532 ut
1747 2495 1850 2532 idem
1872 2495 1933 2532 in-

191 2552 277 2597 fert,
302 2552 348 2590 de
371 2553 491 2589 utilit.
515 2554 698 2590 credendi
721 2568 757 2591 n.
788 2561 848 2599 19,
872 2555 1045 2604 intelligi
1069 2555 1196 2599 datur,
1216 2555 1490 2604 judicantibus
1513 2554 1688 2599 arbitris,
1713 2566 1810 2602 quos
1824 2554 1936 2591 nulla

190 2611 355 2660 impedit
382 2612 518 2661 gratia,
554 2614 616 2649 cui
640 2613 692 2649 sit
723 2614 1038 2651 catholicum
1070 2627 1223 2659 nomen,
1256 2614 1305 2651 ad
1335 2613 1440 2662 quod
1472 2625 1605 2651 omnes
1637 2613 1828 2657 ambiunt,
1860 2612 1933 2650 tri-

189 2671 404 2707 buendum.
416 2676 433 2693 «
479 2671 530 2708 Cf.
554 2684 614 2719 op
637 2672 788 2720 imperf.
813 2672 835 2711 l
865 2681 878 2712 1
909 2686 945 2711 n.
972 2679 1036 2713 75.
1081 2673 1132 2710 Cf.
1157 2673 1438 2721 Stapleton
1471 2672 1593 2720 prino.
1615 2671 1705 2709 fidei
1738 2671 1839 2709 doct.
1871 2684 1933 2709 re-

190 2730 277 2767 lect.
303 2735 477 2767 controv.
508 2738 522 2769 l
551 2743 586 2778 q.
612 2738 634 2770 4
660 2743 690 2767 a.
719 2738 753 2770 3.

310 2797 865 2854 307.1)em0nstrati0p.
891 2800 968 2843 IV.
1012 2774 1202 2850 Quinam
1228 2811 1330 2839 xeio
1354 2804 1503 2839 coetus
1525 2810 1607 2839 sec.
1631 2797 1704 2847 111„
1734 2797 1799 2841 IV
1823 2797 1933 2839 etV.

190 2867 357 2910 solebat
390 2868 471 2908 dici
505 2869 850 2910 catholicus?
903 2868 947 2911 Si
991 2875 1134 2922 patres
1169 2870 1378 2919 audimus,
1411 2869 1491 2918 ille,
1527 2869 1598 2922 qui
1633 2868 1933 2909 communione

191 2939 437 2980 sociabatur
468 2951 649 2980 romano
678 2939 878 2991 pontifici.
923 2941 1055 2993 Hujus
1089 2940 1296 2993 siquidem
1330 2940 1632 2981 communione
1654 2939 1735 2980 frui
1766 2943 1808 2980 et
1839 2950 1932 2980 esse

191 3010 461 3058 catholicum,
483 3015 556 3050 aut
578 3022 639 3051 ca
653 3008 990 3052 tholicumt
1013 3024 1069 3052 ro
1084 3023 1296 3052 manum
1319 3010 1398 3051 illis
1419 3023 1552 3051 unum
1574 3009 1770 3062 idemque
1792 3009 1931 3056 fuisse,

192 3080 314 3121 facile
339 3081 603 3134 antiquitatis
625 3083 913 3123 monumentis
938 3081 1256 3135 comprobatur.

2148 2997 2150 2999 ,
2145 2849 2173 2954 nun-⁴¹3.
2147 2711 2170 2839 **5?¹⁴**'‘'''
2163 2688 2168 2694 ⁷
2154 2652 2170 2670 ³⁸.
2155 2622 2166 2638 .,
2159 2598 2167 2611 ι
2152 2568 2160 2581 ,ι
