2175 3382
695 140 746 174 De
764 141 959 174 ministerii
979 141 1218 175 ecclesiastici
1237 142 1468 176 auctoritate.
1863 148 1947 190 279

590 258 611 300 ξ
638 258 675 293 4.
702 259 758 293 De
784 259 996 294 ministerii
1021 259 1285 296 ecclesiastici
1311 261 1567 296 auctoritate.

330 344 426 386 255.
457 341 661 394 Expedita
687 342 778 394 J'am
810 342 961 394 triplici
992 343 1243 394 quaestione
1284 342 1336 383 de
1377 343 1667 385 ecclesiastico
1700 345 1946 395 ministerio,

210 412 372 465 reliqua
394 417 458 454 est
479 413 627 454 ultima
649 412 701 454 de
723 413 814 465 ejus
832 413 847 465 j
862 412 1053 453 uribus
1083 418 1124 454 et
1154 414 1510 456 auctoritate.
1555 414 1606 456 Ut
1627 415 1738 456 hanc
1761 417 1947 457 auctori-

210 487 342 524 tatem
373 495 663 536 assequamur,
695 484 737 524 in
769 484 1022 524 memoriam
1053 489 1307 525 revocentur
1338 496 1448 537 quae
1481 485 1744 526 ostendimus
1776 499 1813 527 n.
1848 491 1945 534 204,

211 554 490 595 ministerium
521 554 606 595 scil.
638 554 972 595 ecclesiasticum
1009 566 1085 595 seu
1118 553 1348 596 Ecclesiam
1372 554 1596 596 docentem
1629 561 1670 597 et
1700 562 1947 609 pascentem

210 623 362 666 Christi
384 626 428 666 in
448 626 570 666 terris
593 625 707 666 vices
729 636 856 677 agere
881 629 923 666 et
944 637 1020 677 pro
1045 637 1096 666 eo
1120 625 1329 676 legatione
1353 624 1477 678 fungi,
1502 626 1681 679 ideoque
1703 640 1747 667 in
1769 639 1945 668 consor-

209 695 313 736 tium
334 696 557 748 potestatis
579 708 604 736 a
627 694 794 737 Christo
818 695 1011 736 adscisci.
1055 695 1183 748 Atqui
1205 695 1396 737 Christus
1428 701 1650 750 tamquam
1682 709 1756 738 rex
1788 709 1948 750 regum,

208 779 399 807 summus
421 766 622 807 sacerdos
645 772 686 807 et
708 767 850 818 magni
865 766 1030 807 consilii
1045 766 1230 818 Angelus
1253 779 1328 807 seu
1343 766 1557 820 Propheta
1579 768 1731 820 triplici
1754 768 1949 809 excelluit

207 840 436 888 potestate:
461 837 633 890 regia,
655 837 1025 886 sacerdotali,
1055 838 1397 890 prophetica.
1441 837 1582 889 Quare
1604 839 1754 891 triplex
1778 851 1947 891 quoque

206 905 420 948 Ecclesiae
451 912 641 960 potestas
673 907 873 960 distingui
908 909 1073 960 poterit,
1108 908 1148 948 vi
1183 908 1301 961 cujus
1338 909 1375 949 ei
1410 909 1614 960 competit
1647 909 1948 962 magisterium,

206 978 483 1019 ministerium
516 983 557 1019 et
590 975 800 1031 regimen:
834 991 943 1032 quae
976 984 1121 1020 tamen
1143 980 1294 1020 merito
1317 984 1545 1021 revocatur
1576 980 1629 1020 ad
1661 985 1809 1022 notam
1830 980 1946 1021 illam

205 1049 477 1102 partitionem
499 1050 541 1091 in
575 1054 831 1103 potestatem
866 1049 1102 1098 ordinis,
1135 1061 1244 1102 quae
1275 1055 1488 1102 potestate
1520 1050 1778 1092 sacerdotali
1811 1051 1948 1092 conti-

205 1124 338 1168 netur,
371 1124 413 1161 et
438 1121 481 1161 in
503 1125 765 1173 potestatem
783 1120 1231 1173 jurisdictionis,
1263 1132 1372 1173 quae
1395 1126 1650 1173 potestatem
1673 1122 1848 1174 regendi
1870 1122 1947 1162 do-

204 1193 410 1246 cendique
433 1193 743 1246 complectitur.
779 1192 885 1234 Cum
909 1197 1051 1233 autem
1070 1192 1140 1244 jus
1163 1193 1417 1233 canonicum
1440 1193 1483 1252 in
1505 1197 1716 1245 potestate
1731 1192 1948 1234 Ecclesiae

203 1264 319 1316 regia
336 1264 367 1320 1)
391 1263 649 1305 declaranda
681 1276 732 1305 ex
771 1263 963 1316 professo
986 1268 1189 1312 versetur,
1222 1263 1273 1304 de
1300 1267 1511 1315 potestate
1536 1263 1790 1305 sacerdotali
1813 1263 1945 1304 disse-

203 1347 347 1376 ramus
370 1335 412 1375 in
434 1340 618 1376 tractatu
650 1335 702 1376 de
740 1336 1041 1376 sacramentis:
1073 1334 1142 1374 hic
1173 1338 1339 1375 tantum
1371 1346 1544 1386 agemus
1577 1334 1628 1375 de
1662 1339 1949 1387 potestate

351 1453 374 1497 ¹)
392 1452 443 1486 Ut
459 1452 602 1496 aliquid
621 1453 751 1486 saltem
771 1451 963 1496 synoptice
983 1450 1027 1485 de
1046 1462 1088 1485 ea
1107 1451 1283 1491 dicamus,
1302 1452 1451 1484 notetur
1470 1452 1505 1486 1.
1524 1462 1604 1485 eam
1630 1453 1853 1496 potestatem
1873 1460 1948 1485 esse

202 1506 537 1550 tripartitam:
557 1506 611 1540 est
628 1506 726 1540 enim
744 1506 927 1550 legifer
943 1516 974 1545 a,
994 1507 1036 1538 ut
1055 1505 1174 1538 elucet
1193 1515 1236 1538 ex
1259 1504 1391 1538 Matth.
1414 1507 1467 1545 16,
1495 1507 1553 1543 19;
1576 1508 1629 1541 18.
1651 1508 1711 1543 18;
1732 1506 1811 1540 Act.
1832 1508 1885 1546 15,
1906 1508 1950 1539 28

203 1559 284 1593 coll.
304 1564 367 1597 41:
391 1559 683 1604 judiciaria.
716 1565 758 1593 ut
775 1560 882 1604 patet
901 1569 942 1592 ex
966 1562 996 1592 l.
1018 1558 1096 1593 Cor.
1117 1564 1147 1599 5,
1167 1561 1200 1593 3.
1224 1561 1284 1595 ]2;
1307 1562 1335 1592 1.
1355 1557 1448 1592 Tim.
1469 1563 1499 1598 5,
1522 1560 1582 1595 19:
1602 1558 1735 1592 Matth.
1759 1561 1809 1598 18,
1834 1561 1894 1593 17;
1914 1560 1951 1591 et

204 1624 221 1645 c
234 1623 254 1646 o
267 1622 289 1646 a
300 1623 316 1645 c
328 1614 343 1646 t
354 1613 364 1646 i
377 1624 400 1646 v
411 1623 431 1645 a
442 1640 449 1651 ,
478 1623 589 1656 quam
618 1612 656 1645 in
684 1612 813 1656 primis
841 1611 1017 1656 rejiciunt
1044 1611 1244 1645 adversarii
1258 1611 1399 1655 jurium
1420 1611 1613 1651 Ecclesiae,
1631 1614 1674 1645 ut
1691 1612 1728 1645 M
1741 1622 1762 1645 a
1772 1623 1790 1644 1·
1801 1623 1816 1644 s
1828 1611 1839 1644 i
1851 1611 1863 1644 1
1875 1611 1887 1645 i
1898 1623 1922 1644 n
1934 1623 1949 1645 s

201 1665 412 1705 Patavinus,
431 1666 478 1699 M.
497 1666 583 1700 Ant.
603 1665 646 1699 de
674 1665 908 1704 Dominis,
928 1664 1204 1706 Richerius,
1225 1664 1508 1705 Febr-onius,
1528 1664 1686 1708 Nuytz
1707 1666 1775 1698 etc.
1810 1665 1948 1698 Tamen

201 1719 238 1754 2.
256 1719 419 1753 Ecclesia
447 1730 527 1753 eam
553 1729 661 1763 saepe
687 1719 758 1752 sibi
778 1719 952 1759 asseruit,
982 1721 1023 1751 ut
1041 1718 1061 1752 J
1075 1728 1255 1752 oannes
1275 1718 1386 1752 XXH.
1413 1718 1652 1752 damnatione
1678 1729 1783 1763 prop.
1804 1723 1836 1752 5.
1855 1718 1947 1752 Mar-

202 1771 312 1806 sillii:
348 1771 474 1813 ²>Quod
492 1773 572 1806 tota
591 1772 752 1806 Ecclesia
779 1771 1039 1815 simuljuncta
1067 1770 1210 1804 nullum
1238 1771 1424 1804 hominem
1444 1771 1575 1814 punire
1604 1773 1727 1815 potest
1755 1771 1948 1815 punitione

203 1826 379 1863 coactiva,
398 1825 469 1859 nisi
488 1826 666 1859 concedat
685 1825 752 1857 hoc
769 1824 1016 1868 imperatorz«
1038 1823 1122 1857 Pin
1136 1835 1150 1856 s
1169 1823 1229 1857 VI.
1249 1823 1487 1857 damnatione
1500 1835 1604 1868 prop.
1619 1828 1642 1858 4
1657 1824 1789 1868 synodi
1803 1823 1948 1868 pistori-

204 1879 299 1911 ensis
317 1882 354 1912 et
371 1878 455 1912 Piu
468 1890 483 1911 s
502 1879 561 1912 IX.
581 1878 819 1912 danmatione
838 1888 941 1921 prop.
963 1880 1018 1913 24.
1038 1879 1094 1911 31.
1114 1877 1258 1920 syllabi.
1296 1877 1463 1911 Potestas
1482 1878 1606 1911 autem
1634 1879 1671 1913 3.
1700 1879 1863 1912 coactiva
1892 1889 1948 1912 ex-

204 1931 336 1965 seritur
354 1932 392 1965 in
410 1933 546 1966 invitos
575 1934 610 1966 et
638 1932 677 1965 in
705 1942 745 1965 eo
773 1931 956 1971 consistit,
985 1933 1026 1964 ut
1045 1941 1082 1966 a.
1101 1930 1230 1965 invitis
1257 1931 1526 1975 obligationem
1555 1931 1725 1976 imponat
1743 1932 1789 1965 ad
1808 1931 1949 1975 aliquid

202 1984 411 2019 faciendum
438 1987 503 2020 aut
531 1985 789 2024 omittendum,
816 1985 857 2020 b.
886 1983 1155 2028 obligationem
1183 1984 1228 2017 ad
1257 1994 1415 2026 poenam
1444 1979 1590 2018 crimini
1615 1985 1947 2029 proportionatam,

204 2041 315 2082 atque
335 2050 370 2075 c.
387 2039 482 2072 hanc
510 2039 647 2073 inferat
673 2038 811 2077 invitis,
842 2036 999 2070 subinde
1025 2038 1137 2071 etiam
1165 2048 1229 2081 per
1258 2037 1343 2071 vim.
1379 2037 1495 2080 Atqui
1522 2038 1558 2072 4.
1585 2037 1698 2071 talem
1724 2038 1948 2082 potestatem

142 2097 149 2099 ⁴
201 2092 389 2126 Ecclesiae
408 2092 617 2137 competere
643 2092 810 2135 sequitur
830 2101 872 2124 ex
890 2090 1075 2134 potestate
1102 2090 1258 2135 legifera
1287 2096 1323 2124 et
1344 2091 1553 2135 judiciaria,
1582 2101 1676 2134 quae
1694 2092 1852 2135 utraque
1871 2091 1948 2125 sine

196 2147 280 2191 jure
299 2146 455 2191 cogendi
472 2145 595 2180 inanis
613 2145 726 2181 foret:
756 2155 798 2178 ex
816 2143 938 2177 verbis
970 2143 1152 2187 factisque
1171 2144 1278 2178 Pauli
1298 2146 1330 2179 2.
1351 2145 1430 2178 Cor.
1453 2147 1504 2182 10,
1524 2146 1564 2182 6;
1596 2147 1649 2184 13,
1669 2148 1688 2177 2
1710 2146 1746 2177 et
1768 2149 1797 2178 1.
1818 2144 1896 2180 Cor.
1915 2150 1948 2185 4,

203 2203 266 2237 212
286 2204 317 2241 5,
335 2202 376 2237 4:
399 2204 428 2234 1.
447 2199 538 2234 Tim.
561 2204 590 2239 l,
610 2203 663 2235 20.
695 2199 831 2233 Verum
866 2199 902 2234 5.
933 2209 975 2231 ea
1003 2209 1077 2232 non
1106 2198 1280 2232 consistit
1306 2198 1345 2231 in
1363 2199 1441 2242 jure
1461 2197 1654 2243 infligendi
1672 2208 1808 2241 poenas
1827 2199 1947 2232 solum

203 2265 218 2287 s
231 2265 253 2296 p
264 2254 276 2287 i
287 2253 328 2287 ri
339 2255 357 2287 t
367 2265 391 2287 u
402 2252 446 2287 al
458 2264 476 2287 e
488 2267 513 2291 s,
534 2254 595 2287 sed
615 2253 729 2287 etiam
748 2263 766 2286 c
778 2263 797 2285 o
810 2265 827 2286 r
838 2264 863 2297 p
876 2264 895 2286 ο
909 2264 925 2285 1·
937 2262 959 2285 a
970 2252 982 2285 1
995 2262 1013 2285 e
1025 2263 1052 2285 s,
1070 2251 1233 2285 Ecclesia
1248 2253 1347 2286 enim
1359 2252 1413 2285 est.
1425 2251 1579 2285 societas
1591 2252 1753 2295 perfecta
1765 2256 1811 2293 (n.
1826 2255 1893 2287 215
1906 2258 1946 2292 s.)

201 2308 355 2351 ideoque
374 2309 415 2341 et
433 2307 555 2341 media
571 2307 686 2341 habet
704 2305 926 2339 sufficientia
945 2305 993 2339 ad
1017 2305 1127 2338 finem
1155 2317 1261 2338 suum
1288 2305 1596 2348 consequendum.
1631 2305 1755 2339 Media
1782 2316 1864 2339 vero
1892 2316 1946 2339 ac-

203 2360 436 2394 commodata
454 2370 528 2393 non
546 2360 662 2393 solum
678 2369 721 2393 ex
736 2359 924 2392 societatis
939 2358 1010 2391 fine
1025 2360 1111 2391 sunt
1127 2358 1419 2397 determinanda,
1440 2358 1502 2390 sed
1524 2358 1637 2391 etiam
1659 2369 1701 2392 ex
1721 2358 1845 2392 indole
1867 2360 1947 2392 sub-

202 2414 373 2453 ditorum,
392 2413 457 2456 qui
473 2413 513 2446 in
532 2412 642 2446 finem
661 2414 747 2446 sunt
764 2411 1023 2456 promovendi.
1045 2411 1090 2444 Hi
1109 2415 1232 2444 autem
1252 2411 1339 2444 sunt
1355 2411 1524 2445 homines
1539 2421 1580 2445 ex
1596 2412 1724 2445 anima
1744 2415 1781 2445 et
1798 2422 1947 2457 corpore

203 2469 423 2507 constantes,
443 2465 507 2510 qui
525 2465 679 2510 objectis
694 2467 731 2499 et
750 2465 879 2499 mediis
898 2475 995 2498 mere
1015 2464 1272 2508 spiritualibus
1291 2474 1365 2497 non
1384 2463 1473 2496 satis
1500 2465 1702 2504 moventur,
1721 2464 1819 2498 unde
1834 2466 1946 2499 etiam

204 2519 367 2554 Christus
386 2520 614 2553 sacramenta
640 2519 707 2552 sub
727 2518 847 2552 forma
875 2517 1046 2551 sensibili
1074 2517 1249 2550 instituit.
1286 2516 1403 2557 Quare
1430 2527 1569 2560 poenae
1597 2528 1695 2551 mere
1724 2518 1946 2562 spirituales,

202 2573 273 2606 nisi
291 2572 481 2607 sensibiles
499 2581 645 2616 quoque
664 2571 739 2605 sint
758 2573 794 2604 et
814 2570 1035 2615 corporales,
1056 2569 1239 2604 Ecclesiae
1267 2580 1340 2613 qua
1368 2569 1534 2604 societati
1563 2581 1636 2604 non
1656 2570 1851 2605 sufficient.
1886 2571 1945 2605 Di-

202 2624 414 2668 stinguatur
430 2627 555 2659 tamen
571 2627 608 2660 6.
621 2625 684 2669 jus
702 2623 895 2668 infligendi
918 2633 1054 2668 poenas
1073 2623 1282 2667 corporales
1300 2634 1322 2656 a
1339 2623 1519 2657 facultate
1538 2624 1710 2668 expedita
1737 2624 1820 2658 illas
1848 2635 1944 2659 exse-

203 2679 348 2722 quendi.
367 2679 509 2713 Sufficit
520 2679 627 2712 nobis
643 2677 689 2711 ad
701 2678 795 2711 illud
811 2677 990 2711 Ecclesiae
1005 2676 1268 2710 vindicandum
1283 2677 1392 2717 tueri,
1408 2677 1623 2711 societatem
1640 2678 1786 2712 civilem
1801 2679 1945 2712 ratione

203 2743 288 2766 suae
303 2731 615 2766 subordinationis
628 2731 746 2766 teneri
760 2730 944 2765 Ecclesiae
963 2730 1112 2763 nomine
1132 2729 1216 2763 illas
1237 2729 1399 2774 exsequi,
1422 2730 1521 2774 quod
1536 2732 1723 2774 praeclare
1736 2733 1790 2765 ita
1804 2741 1946 2775 expres·

203 2785 251 2819 sit
267 2785 328 2819 Bo
340 2785 528 2819 nifatiu
540 2796 555 2818 s
574 2784 671 2819 VIII.
690 2785 728 2818 in
746 2783 853 2818 bulla
876 2783 1009 2823 ,Unam
1025 2782 1208 2816 Sanctam‘
1226 2782 1323 2816 inter
1344 2783 1540 2828 Extravag,
1562 2793 1652 2820 com,
1676 2784 1697 2817 l.
1717 2789 1730 2817 1
1748 2784 1808 2818 tit.
1823 2787 1844 2817 8
1859 2795 1887 2817 c,
1905 2787 1920 2818 1
1939 2801 1944 2819 z

206 2838 387 2881 ,Uterque
404 2838 578 2884 (gladius)
597 2840 653 2872 est
670 2838 709 2871 in
727 2838 913 2882 potestate
933 2836 1129 2874 Ecclesiae,
1151 2835 1356 2879 spiritualis
1384 2836 1460 2870 scil.
1489 2835 1635 2880 gladius
1664 2839 1700 2870 et
1728 2837 1942 2870 materialis.

203 2891 272 2925 Sed
288 2891 320 2925 is
338 2892 486 2935 quidem
500 2903 565 2936 pro
583 2891 755 2931 Ecclesia,
774 2890 840 2924 ille
861 2901 944 2924 vero
965 2890 1011 2923 ab
1026 2889 1186 2923 Ecclesia
1200 2890 1432 2924 exercendus.
1470 2890 1534 2924 [lle
1554 2890 1763 2925 sacerdotis.
1783 2891 1813 2923 is
1834 2901 1942 2923 manu

201 2956 331 2989 regum
349 2946 387 2978 et
403 2944 578 2985 militum,
597 2945 657 2979 sed
677 2945 723 2978 ad
740 2944 874 2978 nutum
897 2944 934 2977 et
951 2943 1173 2988 patientiam
1193 2943 1408 2977 sacerdotis.
1444 2942 1601 2987 Oportet
1628 2944 1751 2976 autem
1777 2943 1942 2987 gladium

203 3008 279 3032 esse
297 2997 364 3032 sub
381 2997 517 3042 gladio,
533 3000 569 3031 et
586 2997 831 3042 temporalem
851 2996 1115 3030 auctoritatem
1134 2996 1322 3040 spiritual-i
1341 2996 1473 3041 subjici
1492 2996 1705 3040 potestati.K
1744 2995 1792 3029 Cf.
1813 3008 1838 3028 s.
1858 2995 1942 3029 Ber-

203 3051 359 3085 nardum
378 3051 422 3084 de
440 3050 577 3084 consid.
597 3050 656 3092 IV,
679 3053 701 3085 3
719 3060 842 3094 opusc.
861 3048 1003 3089 XLVII.
1027 3051 1092 3083 138
1110 3061 1156 3088 s.;
1185 3048 1294 3094 plura
1311 3050 1410 3094 apud
1438 3049 1567 3083 Palm
1581 3050 1592 3082 i
1605 3060 1622 3082 e
1635 3049 1674 3082 ri
1702 3050 1721 3093 ξ
1745 3050 1803 3085 19;
1834 3049 1867 3081 M
1881 3059 1898 3080 a
1911 3060 1941 3080 z-

205 3116 221 3136 z
234 3103 331 3138 ella
350 3103 442 3147 disp.
461 3106 483 3137 4
501 3114 533 3136 a.
553 3106 593 3142 6:
614 3103 657 3137 de
675 3103 871 3148 potestatis
890 3102 1128 3137 distinctione
1148 3103 1201 3136 Fr
1214 3114 1269 3136 an
1281 3116 1298 3136 z
1310 3114 1327 3136 e
1340 3103 1411 3136 lin
1430 3103 1490 3143 th„
1503 3108 1534 3136 5.
