2175 3382
871 140 999 172 carent
1016 138 1188 172 missione
1209 138 1378 172 docendi.
1908 142 1992 185 341

374 262 485 306 Quod
520 262 636 299 etiam
670 260 896 297 inductione
930 259 1098 307 quadam
1132 259 1325 296 illustrari
1358 260 1513 308 poterit.
1558 260 1698 297 Missus
1733 260 1810 298 fuit
1841 262 1994 311 Moyses

257 321 443 358 missione
465 319 770 358 extraordinaria
801 318 848 356 ad
870 318 1113 355 Pharaonem
1146 331 1217 366 pro
1248 319 1386 367 populi
1416 318 1619 356 israelitici
1650 319 1892 365 liberatione,
1925 320 1995 368 qui

255 393 333 418 non
354 382 562 417 contentus
585 378 724 421 verbis,
747 378 861 415 factis
882 378 905 415 i.
929 389 959 416 e.
982 377 1181 414 miraculis
1213 390 1297 414 eam
1320 378 1594 426 comprobavit.
1638 378 1698 414 Ita
1729 379 1872 426 passim
1902 392 1994 428 pro-

255 439 396 488 phetae
418 438 564 476 veteris
587 437 838 474 Testamenti.
882 435 985 480 Quid
1008 436 1092 484 ipse
1114 435 1291 473 Christus
1323 436 1467 473 missus
1499 436 1541 472 in
1563 437 1666 473 hunc
1697 438 1918 474 mundum?
1953 438 1996 475 Si

256 510 372 547 opera
392 510 467 535 non
489 498 657 545 fecissem
678 497 718 532 in
741 497 806 543 eis,
829 495 972 543 inquit,
1006 508 1102 544 quae
1122 508 1229 532 nemo
1251 496 1352 532 alius
1373 497 1470 544 fecit,
1499 500 1698 543 peecatum
1721 508 1793 532 non
1817 497 1996 534 haberent

257 555 385 610 (Joan.
415 563 477 602 15,
504 553 587 608 24).
632 554 734 592 Satis
758 555 793 591 ei
814 567 892 591 non
915 556 1009 598 erat,
1043 566 1083 591 se
1106 554 1176 591 Dei
1198 554 1343 591 Filium
1366 554 1570 598 affirmare,
1603 554 1733 591 verbis
1767 555 1849 592 suis
1879 555 1994 592 mira-

255 616 343 652 cula
362 615 552 664 patrando
573 614 688 651 fidem
711 613 946 651 conciliavit.
986 613 1048 650 Ita
1069 617 1108 649 et
1130 613 1295 662 apostoli
1328 626 1366 650 se
1389 615 1607 662 gesserunt,
1641 613 1696 649 ita
1728 617 1787 650 tot
1807 614 1882 650 viri
1904 627 1995 662 apo-

257 674 398 719 stolici,
421 674 490 722 qui
511 673 732 710 seculorum
757 673 924 709 decursu
946 672 1103 720 populis
1125 672 1300 709 barbaris
1322 675 1362 709 et
1382 673 1424 708 in
1447 672 1586 709 umbra
1608 672 1745 709 mortis
1767 672 1997 710 sedentibus

255 733 515 782 Evangelium
537 731 840 769 annunciarunt.
883 732 1021 768 Merito
1057 733 1189 768 autem
1212 731 1260 767 ab
1283 731 1343 775 iis,
1377 732 1445 780 qui
1468 744 1507 768 se
1530 743 1651 768 novae
1675 731 1873 768 doctrinae
1906 744 1996 780 apo-

252 792 373 829 stolos
389 793 552 840 jactant,
576 791 688 840 signa
708 791 823 839 plane
846 790 1056 835 evidentia,
1080 790 1254 833 insolita,
1279 790 1594 839 supernaturalia
1616 790 1821 838 postulari,
1851 791 1996 838 quibus

257 863 365 888 suam
389 851 632 888 vocationem
654 852 694 886 et
715 849 940 886 missionem
963 849 1137 886 divinam
1169 849 1435 897 comprobent,
1468 849 1529 886 vel
1551 850 1633 898 ipse
1654 849 1998 898 LQLu-S-est

257 909 457 947 confessus
479 910 555 947 sibi
575 921 646 957 pro
668 921 773 946 more
795 908 958 945 minime
981 910 1173 945 constans.
1206 908 1301 945 Cum
1323 909 1427 945 enim
1443 908 1710 958 interrogatus
1733 908 1884 952 fuisset,
1902 908 1999 956 quid

256 969 303 1005 de
326 968 472 1006 Thoma
493 969 663 1013 manzer,
687 968 1026 1016 anabaptistarum
1048 968 1276 1016 coryphaeQ
1301 968 1371 1016 qui
1393 967 1508 1004 aliam
1530 979 1749 1015 novamque
1770 967 1997 1017 promulga-

255 1028 322 1065 bat
343 1027 572 1072 doctrinam,
604 1030 707 1064 esset
737 1027 965 1071 tenendum,
1001 1026 1057 1063 ita
1079 1026 1235 1064 senatui
1259 1027 1508 1064 muelhusino
1542 1026 1745 1075 respondit
1764 1024 1813 1078 1):
1852 1027 1998 1070 „Recte

257 1087 452 1124 facturum
476 1088 668 1131 senatum,
693 1086 727 1122 si
748 1089 859 1135 roget
883 1098 928 1122 ex
952 1085 1033 1129 illo,
1068 1086 1155 1133 quis
1178 1085 1342 1122 docendi
1363 1098 1508 1123 munus
1531 1085 1608 1134 ipsi
1630 1085 1877 1131 commiserit,
1910 1085 1999 1134 quis

256 1145 505 1183 evocaverit?
526 1146 578 1182 Et
601 1145 633 1181 si
656 1145 780 1182 Deum
802 1144 979 1182 nominet
1001 1147 1212 1190 auctorem,
1235 1146 1323 1181 tum
1341 1144 1483 1192 jubeat
1505 1145 1603 1181 hanc
1626 1157 1735 1181 suam
1757 1145 2000 1182 vocationem

256 1205 389 1253 aliquo
411 1204 584 1242 evidenti
606 1203 716 1253 signo
746 1204 1010 1252 comprobare,
1044 1204 1147 1252 quod
1171 1202 1204 1240 si
1235 1207 1529 1252 repraesentare
1560 1216 1639 1241 non
1668 1203 1802 1252 possit,
1836 1207 1883 1240 ut
1911 1206 2000 1240 tum

255 1264 507 1312 repudietur;
531 1264 602 1301 hoc
625 1263 731 1300 enim
754 1264 833 1300 Deo
856 1275 938 1300 esse
960 1263 1167 1311 proprium
1189 1265 1308 1310 atque
1331 1262 1546 1306 familiare;
1582 1263 1896 1311 quotiescunque
1919 1262 1997 1299 for-

256 1323 405 1359 mulam
426 1327 654 1360 consuetam
676 1324 715 1359 et
737 1322 927 1359 rationem
951 1322 1048 1358 velit
1070 1322 1285 1367 immutari,
1319 1324 1363 1358 ut
1395 1324 1480 1358 tum
1513 1322 1753 1359 voluntatem
1787 1334 1896 1358 suam
1928 1321 1999 1358 ali-

257 1394 333 1429 quo
357 1382 468 1431 signo
490 1381 672 1419 declaret.
684 1386 701 1404 «

379 1460 475 1502 Jam
497 1460 921 1517 verossproiestantes
944 1460 1152 1512 ejusmodi
1174 1461 1294 1513 signa
1316 1460 1663 1509 extraordinaria,
1696 1459 1848 1513 quibus
1878 1471 2001 1500 suam

259 1533 507 1573 missionem
545 1531 888 1584 comprobarent,
934 1543 1153 1584 nunquam
1185 1531 1428 1580 attulerunt,
1458 1543 1676 1584 nunquam
1708 1530 2001 1571 exhibuerunt.

262 1601 384 1644 Nullo
419 1603 542 1655 igitur
577 1604 707 1645 modo
743 1602 821 1643 sibi
857 1603 1074 1643 vindicare
1108 1608 1286 1655 possunt
1324 1603 1570 1643 missionem
1606 1601 1999 1643 extraordinarium.

262 1672 445 1726 Ideoque
468 1685 520 1714 ne
544 1674 747 1715 audiendi
770 1673 940 1726 quidem
964 1678 1071 1714 sunt.
1113 1672 1307 1714 Profecto
1331 1674 1455 1714 nimis
1478 1673 1604 1722 clara,
1636 1673 1760 1713 nimis
1787 1672 1873 1713 alta
1893 1683 2000 1712 voce

262 1744 430 1785 intonat
449 1744 626 1786 Paulus:
658 1745 772 1786 Licet
795 1777 801 1784 .
826 1776 834 1783 .
858 1776 865 1783 .
889 1745 1060 1797 anqelus
1091 1744 1139 1784 de
1161 1745 1267 1785 coelo
1291 1744 1535 1798 evcmyelc'zet
1556 1744 1665 1784 vobis
1682 1748 1852 1798 praeter
1875 1756 1999 1798 quam

260 1873 433 1907 vatianus
451 1873 520 1907 hoc
539 1874 739 1918 praecepit,
754 1873 808 1907 ita
822 1873 885 1907 ille
899 1882 956 1917 ep.
971 1875 992 1907 3
1010 1872 1058 1906 ad
1076 1872 1388 1916 Sympronianum
1405 1885 1441 1907 n.
1467 1876 1498 1914 1,
1525 1873 1788 1907 immaculatus
1812 1871 1946 1915 aliquis
1963 1875 2002 1906 et

259 1937 385 1971 purus,
406 1926 470 1970 qui
490 1927 675 1961 Novatum
693 1937 768 1960 non
785 1926 955 1966 audierit,
974 1925 1038 1969 qui
1055 1936 1245 1969 nunquam
1264 1925 1463 1960 Ecclesiam
1483 1926 1693 1966 deseruerit,
1717 1926 1778 1970 qui
1804 1925 1850 1958 ab
1864 1925 2002 1969 episco-

264 1980 320 2024 pis
339 1979 532 2024 episcopus
550 1980 670 2015 factus
689 1980 748 2019 sit,
768 1980 831 2023 qui
844 1980 926 2024 jure
945 1979 1132 2014 ordinario
1153 1981 1400 2018 consecratus,
1429 1979 1493 2023 qui
1519 1981 1713 2014 vacantem
1731 1978 1945 2014 cathedram
1962 1977 2002 2011 in

262 2032 425 2066 Ecclesia
442 2036 682 2068 consecutus?
717 2032 812 2074 Quid
831 2032 878 2066 ad
897 2036 932 2067 te
944 2038 958 2066 ⁴?
975 2033 1140 2076 inquies:
1177 2032 1406 2067 Novatianus
1433 2033 1502 2067 hoc
1530 2032 1666 2067 docuit.
1702 2034 1752 2067 At
1768 2032 1826 2066 vel
1845 2030 2002 2075 quando,

262 2085 385 2124 frater,
404 2085 582 2128 quibusve
596 2085 851 2130 temporibus?
871 2084 1006 2119 Statim
1015 2086 1102 2130 post
1118 2085 1263 2118 Domini
1275 2085 1486 2129 passionem
1498 2090 1512 2118 ἱ)
1530 2085 1619 2119 Post
1630 2083 2003 2130 Deciiprincipatum,

261 2137 300 2171 id
318 2139 383 2179 est,
402 2140 487 2182 post
504 2140 692 2173 trecentos
706 2149 821 2184 prope
836 2148 953 2172 annos
969 2140 1157 2179 (advers—us
1172 2139 1419 2183 protestantes
1432 2139 1552 2172 dicere
1565 2143 1699 2182 posset,
1715 2142 1798 2182 post
1814 2142 1854 2171 15
1867 2136 2003 2178 secula)

260 2190 467 2225 dominicae
484 2192 678 2236 passionis.
704 2192 799 2233 Quid
818 2201 906 2236 ergo
923 2194 1038 2226 tunc?
1075 2192 1278 2236 Prophetas
1306 2193 1453 2226 secutus
1482 2194 1535 2225 est
1562 2194 1605 2225 ut
1622 2192 1866 2235 cataphryges
1881 2219 1888 2227 .
1905 2217 1912 2224 .
1928 2217 1935 2223 .
1955 2200 2003 2223 an

261 2244 341 2288 ipse
358 2245 507 2278 tantum
525 2244 757 2279 auctoritatis
776 2246 943 2290 accepit?
978 2245 1132 2290 Linguis
1152 2244 1298 2279 locutus
1315 2247 1396 2278 est?
1424 2245 1685 2289 prophetavit?
1710 2245 1885 2279 suscitare
1908 2255 2002 2278 mor-

260 2299 344 2331 tuos
361 2297 512 2341 potuit?
529 2297 669 2331 Horum
688 2298 786 2332 enim
805 2298 946 2342 aliquid
963 2298 1101 2333 habere
1119 2297 1309 2338 debuerat,
1339 2300 1381 2331 ut
1409 2297 1641 2342 evangelium
1672 2298 1754 2332 novi
1780 2298 1871 2341 juris
1897 2296 2003 2331 indu-

264 2352 371 2384 ceret.
406 2350 454 2384 Et
472 2351 502 2384 si
523 2352 652 2385 contra
674 2350 806 2386 clamet
825 2352 1028 2396 apostolus:
1048 2354 1124 2385 licet
1141 2363 1204 2386 nos
1218 2357 1280 2385 aut
1294 2353 1437 2394 anqelus
1450 2353 1490 2385 de
1503 2353 1591 2386 coelo
1604 2353 1889 2395 evangelizaverit
1897 2362 2006 2395 prae-

275 2409 432 2447 terquam
449 2405 541 2448 quod
552 2406 865 2449 ecawyezizavfmus
877 2406 983 2449 vobis,
1002 2406 1190 2439 anathema
1207 2407 1253 2438 sit
1270 2403 1307 2445 (G
1315 2403 1362 2438 al.
1382 2407 1412 2442 1,
1425 2404 1481 2450 8):
1499 2403 1728 2438 Novatianus
1744 2404 1796 2438 sic
1808 2403 2004 2444 intellexit,

265 2457 420 2500 inquies;
432 2456 495 2490 sed
505 2457 672 2492 Christus
683 2458 752 2491 hoc
761 2458 897 2492 docuit.
908 2458 1003 2502 Ergo
1013 2469 1034 2491 a
1042 2458 1176 2492 Christi
1189 2458 1375 2498 (adventu)
1387 2467 1500 2501 usque
1507 2457 1607 2491 Decii
1619 2457 1867 2502 principatum
1879 2457 2005 2491 nullus

269 2509 509 2554 intelligens?
523 2536 532 2545 .
549 2538 555 2544 .
573 2540 580 2547 .
598 2510 808 2544 Novatiano
819 2510 962 2544 vindice
968 2509 1316 2555 justitialiberatur,
1335 2511 1482 2543 auctore
1500 2510 1697 2555 corrigitur
1709 2510 1891 2558 quidquid
1909 2521 2004 2544 erra-

265 2563 354 2596 vit.‘
385 2562 524 2597 Eadem
543 2563 619 2597 fere
638 2574 669 2597 c.
689 2563 866 2597 Faustum
885 2563 1048 2597 inculcat
1066 2566 1096 2597 A
1108 2575 1131 2597 11
1142 2576 1166 2607 g
1177 2574 1199 2596 u
1210 2574 1226 2597 s
1237 2565 1253 2597 t
1264 2564 1275 2597 i
1286 2575 1310 2596 11
1322 2575 1347 2596 11
1360 2574 1375 2597 s
1392 2562 1489 2604 XIII,
1504 2569 1535 2598 5.
1563 2563 1668 2598 Unde
1681 2564 1809 2608 liquet,
1824 2565 2005 2607 quantum

264 2614 390 2649 fideles
408 2615 454 2649 ab
472 2616 661 2650 Ecclesiae
678 2626 739 2650 ore
761 2616 923 2661 pendere
951 2625 1170 2659 omnemque
1187 2616 1392 2650 novitatem
1410 2616 1536 2661 sugere
1550 2617 1737 2661 oporteat;
1766 2619 1895 2651 contra
1911 2616 2006 2650 hanc

263 2668 515 2713 veronullum
534 2669 694 2703 validius
713 2678 790 2703 esse
816 2673 1087 2713 argumentum,
1117 2679 1227 2712 quam
1256 2668 1459 2702 dissensum
1478 2680 1499 2703 a
1517 2669 1683 2703 doctrina
1700 2669 1893 2711 Ecclesiae,
1911 2680 2005 2713 quae

265 2722 397 2766 utpote
417 2721 701 2762 indefectibilis,
716 2721 856 2766 jugiter
874 2721 1084 2755 missionem
1103 2722 1215 2756 babet
1233 2721 1486 2756 authenticam
1504 2722 1659 2756 docendi
1678 2733 1802 2756 omnes
1820 2724 1958 2767 gentes.

409 2778 436 2817 1)
465 2774 576 2819 Apud
596 2775 640 2809 Sl
654 2776 727 2810 eid
741 2786 830 2808 anu
843 2787 879 2808 m
908 2775 952 2808 de
973 2776 1074 2808 statu
1100 2775 1203 2819 relig.
1223 2778 1256 2808 et
1275 2774 1410 2808 Eccles.
1429 2776 1625 2810 comment.
1643 2776 1668 2810 l.
1687 2782 1705 2809 5
1726 2776 1763 2809 et
1779 2785 1838 2820 op.
1855 2774 2006 2809 Lutheri

267 2827 356 2863 edit.
372 2827 470 2873 Lips.
500 2828 596 2869 XIX,
614 2831 682 2864 235
702 2832 736 2862 et
756 2829 896 2862 balens.
913 2828 1010 2868 XVI,
1029 2834 1060 2864 5.
1094 2829 1179 2863 Alia
1205 2830 1420 2863 testimonia
1436 2828 1596 2873 ejusdem
1616 2829 1819 2863 Lutheri
1847 2838 1940 2873 quae
1958 2829 2005 2862 ad

274 2891 349 2914 rem
368 2881 520 2922 iaciunt,
541 2881 586 2917 cf.
604 2882 643 2915 in
660 2882 758 2916 liter.
778 2881 839 2915 fol.
859 2881 1014 2915 Studien
1031 2881 1106 2915 und
1123 2881 1242 2915 Kritik
1251 2892 1294 2916 en
1312 2884 1400 2916 1862
1415 2893 1451 2926 p.
1466 2884 1530 2920 20;
1547 2881 1579 2915 D
1592 2882 1678 2926 eby
1698 2886 1715 2923 ἓ
1738 2885 1796 2920 21;
1815 2881 1848 2914 H
1860 2881 2004 2915 ettin-

271 2946 294 2978 g
306 2943 355 2967 er
372 2945 407 2977 p.
427 2936 447 2966 2
465 2938 481 2975 5
499 2937 531 2969 9.
555 2934 672 2976 Quam
689 2934 871 2968 invictum
890 2935 938 2968 sit
955 2933 1127 2968 adversus
1141 2935 1391 2979 protestantes
1410 2935 1480 2969 hoc
1493 2938 1750 2979 argumentum
1767 2944 1809 2968 ex
1823 2933 2006 2967 missionis

275 2986 419 3020 defectu
437 2986 599 3030 petitum
616 2987 674 3022 vel
692 2986 778 3021 inde
796 2987 925 3030 liquet,
943 2987 1042 3030 quod
1059 2986 1243 3021 Lutherus
1261 2997 1302 3022 eo
1319 2990 1439 3021 tortus
1457 2987 1554 3021 inter
1567 2991 1613 3022 :24
1626 2998 1742 3022 annos
1756 2986 2004 3030 quaterdecies

272 3039 473 3073 mutaverit
487 3039 814 3087 opinionem-suam
828 3040 873 3074 de
881 3040 974 3084 jure,
986 3050 1056 3084 quo
1070 3039 1227 3084 polleret
1237 3040 1416 3075 condendi
1432 3051 1563 3075 novam
1581 3042 1728 3076 sectam.
1750 3039 1802 3074 Cf.
1819 3038 1849 3072 D
1863 3043 1883 3073 ὃ
1893 3039 1906 3072 1
1917 3039 1930 3072 1
1940 3039 1953 3072 i
1963 3050 2005 3071 n-

268 3102 352 3138 g1er
368 3092 390 3128 l.
410 3102 439 3126 c.
458 3091 520 3135 In,
539 3095 606 3127 202
625 3104 670 3126 ss.
