2175 3382
215 139 301 179 476
661 134 781 168 Traet.
803 134 860 168 [V.
880 133 924 168 de
945 133 1025 167 fide.
1045 134 1224 168 Motivum
1244 133 1397 168 foi-male
1416 134 1511 168 fidei.

221 258 297 293 etc.
311 269 323 301 ;
345 254 433 294 sive
457 265 553 293 cum
577 252 790 294 affirmant
812 265 908 294 eam
932 253 1051 294 inniti
1073 253 1317 294 testimonio
1340 252 1435 293 Dei:
1472 253 1517 293 Si
1543 253 1656 294 enim
1679 255 1958 295 testimonium

218 324 426 364 hominum
458 325 694 378 accipimus,
731 326 1005 366 testimonium
1039 324 1119 365 Det·
1153 325 1291 377 majus
1326 328 1381 364 est
1417 327 1450 367 1.
1474 323 1536 368 Jo.
1560 328 1599 374 ἵ),
1635 328 1660 369 9
1683 338 1727 374 3.,
1762 325 1829 368 vel
1863 337 1958 367 esse

217 395 433 447 quandam
469 397 761 450 captivantem,
803 410 886 449 qua
929 397 1068 438 omnis
1108 396 1345 436 intellectus
1379 396 1594 448 redigatur
1629 397 1671 437 in
1705 396 1959 450 obsequium

217 464 370 507 Christi
403 470 439 510 2.
465 466 558 507 Cor.
587 471 650 516 10,
683 471 708 511 5
744 469 800 523 (n.
834 469 990 523 2562);
1023 479 1116 508 esse
1149 467 1420 508 obedientiam
1443 466 1564 508 Rom.
1591 471 1655 515 10,
1682 471 1747 516 16,
1777 467 1958 521 ideoque

217 549 315 578 eam
339 550 426 578 non
449 549 544 578 esse
566 538 821 590 sapientium
845 539 886 579 in
910 550 955 579 se
989 538 1304 586 confidentium,
1335 537 1409 578 sed
1440 537 1716 590 parvulorum
1749 542 1789 579 et
1820 538 1960 580 humi-

214 608 317 648 lium
340 607 668 656 Matth.11,25.
725 608 832 650 Hinc
868 609 1059 650 Christus
1094 608 1278 649 inculcat
1311 620 1433 649 suam
1469 608 1708 650 doctrinam
1743 620 1830 650 non
1865 621 1960 651 esse

218 691 353 727 suam,
386 680 460 720 sed
493 680 584 732 ejus
608 681 678 732 qui
702 692 798 721 eum
824 681 948 729 misit,
981 685 1190 732 provocat
1211 680 1265 720 ad
1292 680 1537 720 testimonia
1559 678 1709 729 Patris,
1741 679 1797 720 ad
1827 679 1960 721 verba

218 748 475 803 Scripturae,
508 764 619 804 quae
645 752 791 805 judaei
824 752 1043 793 habebant
1074 765 1150 805 pro
1183 751 1323 793 verbis
1349 738 1436 800 Dei,
1468 751 1521 792 ad
1556 751 1774 800 miracula,
1806 751 1959 805 quibus

216 821 327 863 Deus
350 835 428 863 suo
453 824 697 864 testimonio
721 822 945 864 confirmat
967 823 1178 876 loquentis
1200 823 1313 864 dicta
1336 827 1413 865 ete.

333 894 373 936 3.
398 896 544 933 Eadem
567 898 623 933 est
647 897 825 934 doctrina
846 899 1004 945 patrum
1029 897 1110 934 sive
1133 909 1218 933 cum
1235 896 1376 934 docent
1388 896 1485 934 (11106
1507 893 1681 946 Augus
1696 897 1807 934 tino
1829 899 1878 934 tr.
1903 903 1955 938 40

214 955 274 992 Jo.
297 968 333 992 n.
361 962 404 995 9:
443 954 573 999 ,Quid
596 958 653 993 est
685 956 789 999 fides,
814 956 892 993 nisi
915 956 1080 999 credere,
1115 956 1219 1004 quod
1252 968 1330 992 non
1360 956 1524 993 vides?«
1559 958 1598 992 et
1629 956 1877 1006 Gregorio
1907 956 1959 997 M.

214 1014 318 1051 hom.
336 1020 386 1054 ⁴2ss
412 1014 453 1051 in
475 1014 542 1051 Ev.
566 1028 602 1053 n.
621 1021 642 1055 S
659 1029 665 1052 :
692 1041 708 1058 ,>
721 1014 825 1059 Quae
841 1018 1042 1064 apparent.
1063 1016 1142 1063 jam
1157 1015 1273 1052 fidem
1287 1028 1366 1052 non
1382 1015 1536 1061 habent,
1561 1015 1629 1052 sed
1643 1016 1958 1065 cognitionem3‘

215 1074 296 1110 sive
320 1086 407 1110 cum
431 1077 644 1121 praeeunte
667 1076 747 1111 Am
762 1075 936 1112 brosio
960 1075 1007 1111 de
1030 1087 1108 1111 exc.
1131 1074 1264 1111 fratris
1287 1075 1311 1114 l.
1337 1080 1358 1113 2
1383 1087 1420 1111 n.
1445 1081 1496 1115 89
1521 1077 1814 1122 protestantur:
1849 1075 1958 1125 ‚Ego

214 1133 407 1170 rationem
430 1146 451 1169 a
475 1133 626 1171 Christo
650 1146 729 1170 non
762 1133 897 1183 exigo;
930 1134 959 1170 si
994 1133 1147 1171 ratione
1180 1134 1400 1178 convincor,
1434 1133 1549 1170 fidem
1581 1134 1760 1179 abnuo;“
1791 1146 1883 1171 nam
1912 1136 1960 1171 ut

214 1194 327 1229 notat
350 1196 485 1229 auctor
507 1193 696 1241 antiquus
720 1206 830 1230 serm.
858 1199 938 1234 232
974 1193 1015 1230 in
1047 1205 1132 1241 app.
1167 1205 1279 1230 serm.
1303 1194 1402 1242 Aug.
1425 1206 1464 1230 11.
1492 1199 1536 1232 2;
1572 1193 1819 1236 „Considera
1853 1193 1959 1242 quod

214 1252 363 1288 vocaris
386 1251 584 1298 fidelis,
621 1265 699 1290 non
722 1253 1019 1290 rationalis.
1064 1252 1239 1301 Denique
1262 1257 1418 1300 accepto
1450 1252 1521 1290 hoc
1551 1252 1748 1301 baptismo
1779 1252 1958 1299 dicimus,

214 1310 340 1347 fidelis
362 1310 488 1348 factus
512 1323 610 1356 sum,
636 1312 748 1349 credo
773 1312 877 1359 quod
899 1312 1078 1352 nescim«
1113 1312 1193 1349 sive
1216 1324 1303 1348 cum
1326 1312 1546 1360 approbant
1566 1311 1854 1362 Augustini
1878 1311 1958 1350 dic-

214 1372 300 1406 tum
323 1372 372 1408 tr.
395 1370 436 1406 111
458 1371 519 1408 Jo.
547 1378 596 1410 70
622 1383 659 1407 n.
689 1379 730 1410 1:
765 1371 896 1414 ,Haec
919 1373 977 1408 est
999 1371 1104 1408 enim
1126 1371 1213 1408 laus
1234 1370 1336 1416 fidei,
1374 1371 1405 1408 si
1437 1371 1542 1419 quod
1574 1371 1758 1415 creditur,
1791 1383 1870 1408 non
1900 1371 1959 1409 vi-

215 1428 350 1465 detur:
387 1442 476 1465 nam
499 1430 595 1478 quid
617 1443 804 1479 magnum
826 1432 896 1475 est,
922 1430 954 1467 si
977 1430 1152 1467 creditur
1182 1430 1288 1478 quod
1318 1429 1531 1467 videam-w<
1565 1430 1626 1467 vel
1656 1430 1758 1467 illud
1788 1430 1960 1468 alterum

215 1500 329 1524 serm.
358 1495 406 1528 75
433 1486 509 1539 (ed.
532 1489 626 1525 Mai
649 1489 691 1526 in
712 1489 806 1526 bibl.
831 1502 868 1526 n.
892 1490 966 1526 PP.
989 1492 1017 1526 t.
1040 1486 1075 1541 Ι)
1099 1502 1135 1526 11.
1162 1495 1205 1530 3;
1239 1489 1402 1533 „Fidem
1433 1501 1512 1526 non
1533 1489 1713 1526 fecerunt
1744 1489 1858 1534 oculi,
1891 1490 1959 1527 sed

215 1547 309 1584 fides
332 1548 464 1584 0011103
486 1548 629 1587 facitz«
654 1548 738 1585 sive
760 1560 848 1585 cum
871 1548 1061 1585 refellunt
1082 1549 1295 1598 gnosticos,
1319 1561 1524 1586 anomoeos
1547 1551 1586 1586 et
1607 1548 1864 1594 manichaeos,
1888 1548 1960 1597 qui

213 1607 488 1643 auctoritatem
511 1607 705 1655 fidemque
737 1610 1030 1645 contemnentes
1062 1607 1244 1645 omnibus
1275 1607 1559 1656 mysteriorum
1590 1614 1728 1659 γνῶῦιν
1760 1610 1800 1645 et
1829 1607 1957 1645 mani-

215 1665 354 1702 festam
378 1666 569 1703 rationem
591 1667 892 1715 pollicebantur.
926 1666 1052 1710 Quare
1075 1666 1401 1716 Augustinus
1425 1667 1568 1704 statuit
1589 1667 1670 1704 inl.
1693 1667 1740 1705 de
1753 1667 1841 1704 util.
1857 1667 1959 1704 cred.

217 1722 304 1790 (qui
326 1726 434 1762 totus
459 1725 535 1763 huc
556 1725 724 1777 spectat)
740 1739 777 1762 n.
796 1732 869 1766 32:
896 1752 913 1770 »
925 1726 963 1762 Si
978 1726 1129 1763 Christo
1151 1726 1267 1763 etiam
1283 1726 1519 1763 credendum
1533 1728 1681 1776 negant
1694 1722 1958 1779 (manichaei).

217 1784 278 1821 nis
263 1783 294 1820 1
315 1784 539 1822 indubitata
562 1785 661 1822 ratio
684 1784 840 1822 reddita
860 1785 992 1827 fueiit,
1017 1785 1220 1822 christiani
1243 1797 1322 1822 non
1346 1788 1451 1822 sunt.
1496 1785 1597 1822 Nam
1619 1785 1660 1822 id
1681 1786 1867 1823 adversus
1889 1797 1960 1823 nos

219 1843 361 1892 pagani
384 1843 545 1891 quidam
568 1844 717 1889 dicunt,
742 1845 864 1882 stulte
879 1844 1051 1893 quidem,
1076 1845 1140 1882 sed
1155 1857 1234 1881 non
1249 1844 1323 1882 sibi
1337 1844 1500 1891 adversi,
1523 1857 1594 1882 1160
1606 1850 1873 1894 repugnantes
1884 1842 1929 1898 1).
1939 1849 1959 1868 ¹

332 1899 374 1942 4.
397 1903 560 1940 Accedit
591 1904 804 1941 auctoritas
837 1904 990 1941 scholae
1019 1906 1234 1968 praeeunte
1265 1916 1293 1943 3
1316 1904 1498 1941 Thoma
1533 1909 1568 1943 2.
1595 1911 1615 1944 2
1640 1917 1675 1952 q.
1704 1912 1719 1944 1
1747 1917 1779 1941 a.
1807 1912 1849 1949 1;
1881 1904 1959 1951 imo

215 1973 429 1998 consensus
453 1963 629 1999 universi
650 1963 820 2000 nominis
844 1963 1060 2009 christiani,
1093 1962 1163 2012 qui
1187 1963 1390 2013 colligitur
1413 1976 1458 2000 ex
1489 1963 1670 2001 omnibus
1703 1963 1959 2001 catechismis.

336 2050 450 2084 458³.
494 2046 710 2093 Disputant
742 2048 875 2083 autem
904 2046 1079 2096 theologi
1101 2046 1206 2084 inter
1228 2059 1279 2092 se,
1303 2046 1399 2095 quid
1422 2047 1579 2095 proprie
1601 2046 1757 2084 nomine
1791 2047 1959 2084 auctori-

216 2105 309 2141 tatis
330 2104 417 2152 Dei,
442 2117 540 2152 quae
562 2105 652 2141 fidei
675 2105 868 2142 motivum
891 2107 963 2152 est,
1001 2105 1053 2143 sit
1074 2105 1391 2155 intelligendum.
1438 2105 1518 2142 Sub
1541 2105 1611 2142 hac
1632 2106 1868 2143 auctoritate
1890 2119 1958 2144 ne-

215 2175 293 2210 que
316 2163 488 2213 intelligi
511 2164 625 2201 debet
649 2176 735 2201 cum
760 2164 1020 2202 Guilelmo
1042 2165 1252 2202 Parisiensi
1284 2165 1330 2202 de
1364 2164 1440 2202 fide
1462 2177 1492 2204 0.
1522 2173 1535 2204 1
1565 2178 1600 2214 p.
1626 2172 1649 2204 4
1673 2165 1960 2203 dominium

217 2221 298 2267 Dei,
321 2235 447 2270 neque
472 2223 541 2260 Dei
564 2222 736 2272 dignitas
761 2226 799 2260 et
820 2224 1003 2273 majestas
1026 2224 1137 2261 fidem
1162 2224 1418 2272 praecipiens,
1455 2236 1583 2272 neque
1614 2236 1658 2261 ea
1689 2224 1961 2274 praerogativa.

217 2281 299 2326 Dei,
336 2295 412 2330 qua
447 2284 506 2319 est
537 2283 664 2330 prima
697 2283 842 2320 veritas
875 2283 1179 2332 ontologica
1213 2296 1283 2321 3611
1317 2284 1359 2320 111
1393 2283 1576 2328 633611ᾶο;
1611 2295 1739 2331 neque
1773 2284 1854 2321 sola
1887 2283 1960 2321 Dei

217 2341 419 2388 sapientia,
434 2341 518 2378 falli
529 2342 668 2384 nescia,
683 2354 880 2390 quamque
892 2342 997 2379 nihil
1017 2343 1134 2389 latet3
1157 2355 1285 2391 neque
1308 2343 1391 2379 sola
1412 2342 1482 2379 Dei
1504 2343 1702 2388 veracitas,
1726 2355 1826 2391 quae
1850 2355 1958 2380 men-

215 2399 287 2436 tiri
309 2403 499 2448 nequeat:
525 2401 600 2437 -sed
622 2401 835 2438 auctoritas
858 2402 929 2438 Dei
951 2402 1024 2439 hoc
1045 2402 1086 2438 in
1117 2403 1351 2451 argumento
1382 2405 1592 2449 utramque
1622 2402 1722 2439 hano
1751 2414 1960 2452 praeroga-

214 2458 338 2495 tivam
361 2459 539 2504 includit,
563 2460 758 2497 infinitam
781 2461 862 2497 scil.
887 2461 1121 2509 sapientiam
1143 2461 1226 2498 falli
1242 2461 1413 2498 nesciam
1437 2464 1477 2498 et
1499 2473 1693 2498 summam
1707 2461 1960 2498 veracitatem

214 2517 343 2554 omnis
367 2519 558 2556 mendacii
573 2519 634 2556 vel
657 2519 831 2556 fallaciae
853 2521 1057 2565 exsortem,
1080 2522 1127 2558 ut
1141 2520 1241 2557 clare
1257 2532 1359 2558 conc.
1382 2519 1681 2557 vaticanum
1703 2520 1816 2557 docet
1829 2532 1919 2560 3633.
1934 2527 1957 2561 3

214 2588 296 2625 cap.
323 2583 344 2617 3
370 2575 425 2629 (n.
450 2576 586 2629 4561).
610 2600 666 2605 —
691 2578 872 2616 Succedit
893 2579 1083 2627 quaestio,
1114 2580 1249 2616 utrum
1272 2580 1364 2616 haec
1387 2579 1457 2616 Dei
1479 2579 1694 2616 auctoritas
1717 2578 1769 2616 sit
1792 2591 1843 2616 ex
1858 2579 1958 2617 0111-

214 2634 324 2672 sive
345 2635 538 2673 motivum
560 2638 721 2674 formale
743 2637 843 2681 fidei,
868 2651 917 2675 an
938 2641 1057 2686 prout
1078 2638 1303 2687 adjunctam
1333 2638 1450 2675 habet
1471 2638 1708 2675 locutionem
1731 2650 1801 2675 seu
1821 2650 1956 2676 reve-

216 2694 475 2732 lationem.
519 2696 709 2733 Scotistae
732 2697 992 2734 communiter
1014 2698 1163 2743 docent,
1198 2697 1478 2735 revelationem
1500 2697 1628 2745 ipsam
1650 2709 1728 2734 non
1760 2709 1843 2735 esse
1874 2709 1958 2735 mo-

214 2753 345 2791 tivum
367 2754 528 2792 formale
552 2752 750 2807 (partiale)
775 2768 954 2793 assensus
976 2756 1079 2803 fidei,
1103 2757 1172 2794 sed
1193 2757 1456 2794 conditionem
1489 2768 1560 2793 seu
1580 2756 1711 2804 potius
1734 2756 1958 2805 applica-

216 2812 414 2850 tionem
437 2813 562 2862 ipsius
583 2813 722 2851 motivi
744 2814 919 2852 formalis
942 2815 1043 2852 fidei.
1086 2816 1309 2853 Thomistae
1332 2828 1424 2853 vero
1447 2816 1487 2852 et
1506 2815 1669 2863 plurimi
1690 2815 1759 2852 alii
1780 2815 1955 2865 theologi

214 2873 393 2918 tuentur,
427 2873 496 2910 Dei
527 2873 805 2910 revelationem
837 2874 991 2923 ingredi
1022 2875 1213 2912 motivum
1246 2874 1407 2912 formale
1437 2873 1529 2911 fidei
1560 2874 1734 2923 adeoque
1765 2874 1957 2912 rationem

365 2998 389 3044 ¹)
407 2998 624 3032 Doctrinam
641 2999 790 3042 patrum
810 2999 854 3032 cf.
874 2999 973 3043 apud
990 2999 1021 3033 D
1034 3001 1268 3045 enzinger
1286 2999 1331 3041 Il,
1351 3001 1418 3034 471
1441 3010 1505 3037 ss.;
1534 3001 1602 3033 485
1614 3010 1688 3037 vss.:
1709 3003 1778 3034 514
1796 3011 1861 3038 33.;
1879 2999 1959 3033 fuse

214 3051 285 3084 hac
303 3051 346 3084 de
364 3062 403 3085 re
420 3051 589 3096 disputat
616 3050 763 3086 Kleut
774 3063 799 3096 g
812 3063 829 3085 e
842 3063 866 3085 n
885 3064 919 3088 n.
944 3056 1009 3087 110
1029 3065 1086 3094 ss„
1112 3054 1330 3098 praesertim
1356 3053 1396 3086 in
1422 3052 1601 3097 Beilagen
1626 3063 1672 3086 zu
1698 3053 1768 3087 den
1796 3053 1959 3087 Werken

217 3105 308 3138 iiber
326 3105 451 3139 Theol.
471 3105 546 3138 und
563 3104 802 3150 Philosophie
820 3104 854 3139 11
873 3110 889 3147 ὃ
909 3108 941 3141 2.
959 3110 991 3140 4.
1011 3111 1050 3145 5;
1071 3107 1103 3140 H
1115 3106 1308 3141 einrich
1326 3108 1352 3141 t.
1375 3110 1390 3140 1
1410 3111 1427 3148 ς
1446 3109 1489 3140 55
1510 3117 1555 3142 ss,
