2175 3382
238 153 326 192 475
448 147 566 180 Τιἰιςῐ.
591 146 646 180 IV.
667 147 711 180 de
732 145 813 182 fide.
835 146 886 180 De
905 146 1034 180 eodem
1054 146 1194 190 objetto
1216 145 1302 179 fides
1321 147 1357 178 et
1376 144 1531 180 scientia
1547 145 1676 179 haberi
1695 146 1747 190 p†.

242 267 386 307 nititur
409 265 522 312 tides,
547 277 571 305 a
595 278 678 318 qua
702 264 844 306 fideles
866 265 1055 306 dicimur.
1078 264 1150 305 Illa
1172 265 1283 305 enim
1308 264 1410 305 fides
1433 276 1508 305 seu
1531 265 1716 316 cognitio
1739 264 1839 305 nihil
1862 264 1974 306 aliud

239 343 304 377 est
327 349 454 390 quain
477 337 653 377 scientia
676 349 701 377 a
725 336 961 388 posteriori,
994 348 1018 376 a
1051 348 1135 388 qua
1167 335 1292 387 plane
1315 335 1582 388 distinguitur
1605 334 1707 376 fides
1730 335 1972 376 christiana.

239 408 451 458 Quocirca
474 420 591 448 conc.
616 408 930 448 vaticanum
963 418 1065 448 sess.
1089 411 1115 450 3
1138 406 1190 446 de
1214 405 1293 446 side
1316 418 1409 447 can.
1434 408 1459 448 2
1482 406 1648 446 statuit:
1689 403 1755 456 „Si
1786 406 1880 459 quis
1910 405 1974 447 di-

239 480 359 528 xerit,
391 478 514 518 fidem
538 478 723 519 divinam
756 490 781 518 a
814 478 995 518 naturali
1018 477 1069 518 de
1093 477 1180 518 Deo
1213 481 1255 517 et
1285 476 1412 517 rebus
1435 476 1668 517 moralibus
1689 477 1868 518 scientia
1888 489 1975 518 non

236 550 448 601 distingui,
471 562 522 590 ac
544 555 771 602 propterea
794 549 847 589 ad
871 548 994 589 fidem
1019 548 1203 588 divinam
1228 560 1313 588 non
1336 548 1504 600 requiri,
1536 552 1582 588 ut
1607 548 1764 589 veritas
1786 547 1974 589 revelata

240 625 413 673 propter
435 621 735 661 auctoritatem
759 619 833 661 Dei
856 619 1084 660 revelantis
1108 618 1315 667 credatur,
1339 618 1385 658 A.
1409 616 1472 659 S.“

360 704 402 746 7.
426 703 490 744 Ab
514 715 692 744 assensu
725 704 843 743 imm
857 715 879 744 e
893 703 1065 750 diato,
1097 714 1180 754 quo
1214 702 1471 743 assentimus
1492 702 1638 754 primis
1660 701 1837 742 rationis
1858 701 1973 754 prin-

236 775 370 827 cipiis,
394 786 518 827 quem
542 780 684 826 patres
708 775 848 826 graeci
871 774 1049 814 subinde
1073 772 1198 814 fidem
1221 773 1376 821 dicunt,
1409 785 1504 814 cum
1537 772 1692 813 docent
1713 772 1838 814 fidem
1860 772 1974 824 prio-

240 857 330 887 rem
354 857 446 886 esse
470 846 656 886 scientia.
699 845 771 886 Est
802 845 914 886 enim
947 844 1089 897 aliqua
1112 844 1308 896 analogia
1329 844 1438 885 inter
1460 844 1574 884 hunc
1596 855 1819 884 assensum
1842 847 1884 884 et
1906 855 1976 884 as-

240 929 413 958 sensum
449 916 556 967 fidei,
601 929 696 957 cum
733 920 910 969 uterque
944 916 1148 956 innitatur
1182 914 1464 968 irrefragabili
1499 914 1743 956 auctoritati
1776 926 1828 955 ac
1862 913 1976 956 velut

241 988 455 1041 loquelae:
478 988 547 1028 hic
561 987 732 1040 quidem
748 986 943 1039 loquelae
958 985 1034 1027 Dei
1048 986 1290 1033 revelantis,
1313 985 1380 1026 ille
1403 997 1504 1026 vero
1527 984 1722 1038 loquelae
1737 985 1975 1026 evidentiae

238 1070 286 1100 se
310 1060 445 1111 ipsam
468 1058 804 1107 manifestantis,·
836 1062 1013 1110 uterque
1036 1062 1098 1097 est
1122 1056 1391 1097 immediatus
1414 1055 1576 1108 absque
1599 1056 1975 1106 demonstratione,

239 1129 517 1175 firmissimus,
540 1128 738 1170 indubius
755 1133 797 1170 et
811 1129 852 1169 in
867 1141 945 1169 suo
960 1128 1107 1169 ordine
1122 1128 1375 1180 principium
1390 1127 1688 1180 subsequentis
1703 1128 1975 1179 cognitionis3

237 1201 314 1242 sed
336 1200 543 1249 differunt,
575 1199 689 1253 quod
712 1211 914 1241 assensus
936 1199 1032 1240 fidei
1054 1211 1142 1240 non
1164 1204 1228 1240 est
1250 1198 1434 1248 evidenS,
1465 1198 1533 1239 ille
1555 1209 1657 1239 vero
1679 1198 1974 1244 lucidissimus,

238 1269 298 1313 Cf.
321 1285 351 1312 s.
374 1271 536 1312 Thom
551 1283 607 1311 as
629 1271 681 1312 de
704 1271 820 1314 verit.
844 1284 881 1324 q.
909 1274 962 1314 14
985 1283 1021 1313 a.
1047 1273 1082 1317 1,
1114 1269 1185 1311 ubi
1217 1274 1418 1310 accurate
1440 1281 1663 1310 assensum
1686 1268 1782 1311 fidei
1805 1269 1860 1311 ab
1883 1270 1975 1311 aliis

240 1343 392 1383 mentis
416 1342 580 1383 actibus
604 1342 830 1394 distinguit,
855 1341 1038 1395 quidque
1061 1342 1099 1382 ei
1121 1342 1175 1382 sit
1196 1343 1413 1393 proprium
1436 1340 1702 1384 determinat.

360 1447 456 1481 460.
495 1437 725 1482 Scholion
749 1438 816 1480 II.
860 1441 918 1477 De
940 1441 1062 1477 eodem
1086 1441 1221 1486 objecto
1242 1440 1334 1488 fides
1356 1444 1387 1476 et
1417 1440 1574 1476 scientia
1606 1439 1737 1476 haberi
1762 1444 1895 1488 potest.
1918 1462 1975 1467 —

237 1500 325 1537 Etsi
346 1499 436 1536 fidei
459 1512 638 1537 assensus
662 1513 740 1537 non
762 1500 950 1537 innititur
972 1499 1148 1536 veritatis
1171 1499 1388 1536 evidentiae
1410 1498 1491 1536 sive
1513 1498 1772 1544 immediatae,
1797 1499 1879 1536 sive
1893 1511 1974 1536 me-

240 1558 377 1604 diatae,
402 1561 441 1596 et
462 1559 554 1596 hinc
577 1559 615 1595 vi
637 1559 727 1595 fidei
749 1559 893 1596 veritas
915 1559 1062 1596 credita
1083 1571 1163 1596 non
1195 1558 1444 1607 perspicitur,
1477 1557 1544 1595 sed
1579 1557 1614 1594 ei
1646 1559 1804 1595 tantum
1833 1558 1974 1596 adhae-

238 1620 366 1655 retur:
402 1618 458 1655 nil
480 1622 610 1655 tamen
634 1618 810 1667 impedit,
835 1618 1045 1666 quominus
1066 1619 1228 1666 propter
1249 1617 1524 1654 auctoritatem
1546 1617 1617 1654 Dei
1650 1617 1862 1654 revelantis
1892 1629 1973 1655 cre-

234 1677 354 1714 datur
376 1677 584 1726 objectum,
608 1677 712 1726 quod
735 1677 900 1714 scientia
920 1676 1034 1714 nobis
1055 1676 1288 1719 innotescit;
1321 1689 1389 1713 seu
1419 1676 1502 1713 fieri
1526 1678 1668 1724 potest,
1702 1679 1747 1713 ut
1769 1675 1818 1713 de
1839 1676 1973 1714 eodem

236 1737 401 1785 objecto,
435 1749 512 1774 non
536 1736 697 1784 quidem
718 1737 852 1774 eodem
883 1739 973 1773 actu
1005 1736 1218 1784 eodemque
1249 1735 1424 1779 instanti,
1457 1735 1656 1773 distinctis
1688 1737 1791 1772 certe
1821 1735 1974 1773 actibus

237 1796 351 1833 fidem
375 1798 414 1832 et
436 1795 636 1832 scientiam
669 1795 895 1832 habeamus.
938 1796 1126 1832 Auctores
1155 1807 1225 1844 pro
1257 1794 1452 1832 sententia
1483 1794 1702 1832 affirmante
1733 1796 1774 1831 et
1803 1797 1974 1844 negante

240 1855 284 1891 cf.
307 1855 410 1903 apud
433 1854 723 1903 Denzinger
743 1855 790 1897 Π,
819 1861 899 1895 518
925 1866 953 1891 s.
994 1850 1071 1891 Pro
1095 1854 1291 1891 sententia
1312 1855 1481 1903 negante
1504 1853 1618 1891 citari
1641 1854 1770 1891 solent
1783 1853 1825 1890 in
1837 1853 1978 1903 primis

241 1927 269 1951 s.
293 1914 504 1951 Thomas
532 1922 545 1953 1
575 1927 612 1962 p.
636 1927 671 1962 q.
697 1920 718 1953 2
743 1927 774 1950 a.
800 1919 845 1957 2;
875 1922 906 1953 l·
934 1919 955 1953 2
980 1927 1015 1962 q.
1042 1919 1063 1952 2
1089 1927 1121 1950 a.
1148 1921 1169 1952 4
1196 1920 1216 1953 5
1242 1917 1334 1955 etc.;
1369 1913 1512 1963 Hugo
1536 1926 1558 1950 a
1579 1925 1607 1950 S.
1630 1912 1798 1959 Victore,
1829 1913 1900 1961 qui
1931 1913 1979 1950 de

240 1986 332 2011 sacr.
356 1973 379 2010 l.
412 1981 423 2012 1
452 1986 487 2021 p.
514 1979 535 2013 3
561 1984 590 2010 C.
618 1979 667 2013 20
706 1973 866 2010 statuit:
904 1972 1038 2017 »Quae
1074 1975 1168 2010 sunt
1205 1985 1248 2009 ex
1280 1972 1442 2018 ratione,
1478 1972 1635 2009 omnino
1669 1976 1763 2009 nota
1797 1976 1903 2017 sunt,
1938 1974 1980 2009 et

239 2032 342 2070 credi
377 2045 455 2069 non
488 2034 665 2081 possunt,
701 2033 886 2080 quoniam
922 2032 1149 2076 sciuntur3‘
1196 2032 1499 2080 Capreolus,
1547 2032 1730 2077 Canus,
1766 2032 1977 2077 Bannez,

239 2092 536 2140 cajetanus,
575 2091 771 2137 Scotus,
806 2092 1047 2135 Fonseca,
1084 2091 1276 2128 Molina
1310 2093 1381 2128 etc.
1438 2090 1682 2128 Sententiam
1717 2090 1979 2128 affirmantem

240 2150 544 2188 communiorem
577 2151 680 2188 hisce
712 2164 799 2187 curn
823 2151 867 2188 de
889 2150 1026 2200 Lugo
1049 2150 1095 2187 de
1117 2150 1192 2187 fide
1215 2150 1251 2189 d.
1277 2156 1298 2190 2
1324 2162 1352 2187 s.
1379 2156 1400 2189 2
1434 2162 1471 2186 11.
1498 2156 1549 2189 67
1583 2149 1781 2187 limitibus
1812 2149 1977 2187 circum-

241 2210 468 2247 scribimus:
506 2236 522 2253 »
535 2210 700 2258 Aliquae
724 2212 817 2247 sunt
839 2210 1082 2259 cognitiones
1105 2209 1318 2254 evidentes,
1354 2222 1442 2247 cum
1465 2209 1609 2257 quibus
1643 2209 1802 2246 videtur
1832 2221 1977 2258 repug-

240 2282 332 2306 nare
354 2281 534 2306 assensus
558 2268 669 2314 fidei;
693 2270 749 2306 ita
771 2269 999 2317 Vasquez
1022 2266 1081 2321 (in
1106 2275 1140 2308 3.
1163 2282 1199 2317 p.
1223 2268 1258 2307 d.
1276 2275 1327 2309 53
1352 2281 1389 2305 n.
1417 2275 1460 2312 53
1484 2268 1519 2305 d.
1545 2274 1596 2307 62
1621 2281 1658 2305 n.
1683 2265 1767 2319 63),
1792 2267 1978 2305 Suarez

241 2327 292 2380 (d.
320 2335 340 2367 :3
367 2340 395 2364 s,
422 2335 442 2367 9
468 2341 504 2364 n.
533 2325 601 2380 19)
625 2331 664 2365 et
687 2328 754 2365 alii
777 2328 1022 2365 recentiores.
1066 2328 1175 2365 Hanc
1197 2328 1483 2365 conclusionem
1508 2327 1648 2376 probat
1681 2327 1777 2364 mihi
1800 2327 1882 2364 sola
1914 2339 1978 2364 ex-

237 2387 442 2436 perientia,
466 2399 583 2434 quam
605 2399 747 2436 negare
768 2399 847 2424 non
869 2399 1051 2436 possum;
1075 2387 1167 2424 dum
1190 2387 1294 2424 enim
1316 2388 1407 2424 actu
1428 2386 1542 2424 video
1565 2387 1696 2432 solem,
1720 2385 1976 2435 quantumvis

241 2446 336 2482 mihi
358 2446 501 2494 aliquis
525 2446 627 2483 dicat
649 2446 753 2483 diem
775 2459 867 2488 esse,
901 2448 940 2483 et
963 2446 1216 2495 quantumvis
1252 2458 1366 2484 coner
1397 2446 1576 2483 assentiri
1605 2447 1768 2495 propter
1797 2445 1977 2482 testimo-

241 2505 350 2542 nium
374 2504 551 2550 dicentis,
575 2516 653 2541 non
675 2518 847 2553 possum,
871 2505 937 2542 sed
960 2506 1085 2543 solum
1105 2505 1239 2554 judico
1262 2505 1365 2542 diem
1388 2517 1484 2549 esse,
1510 2505 1603 2553 quia
1625 2504 1666 2541 id
1687 2504 1812 2542 video.
1864 2503 1977 2541 Ratio

236 2568 371 2601 autem
395 2577 415 2600 a
438 2563 557 2611 priori
580 2564 699 2612 liujus
722 2565 1006 2613 repugnantiae
1028 2564 1120 2601 licet
1141 2565 1274 2613 plures
1296 2564 1521 2608 afferantur,
1556 2564 1666 2600 nulla
1696 2563 1856 2600 videtur
1886 2575 1977 2600 con-

241 2623 391 2660 ficere«
429 2623 611 2671 Expensis
634 2636 725 2660 vero
760 2623 928 2660 diversis
963 2624 1237 2673 theologorum
1273 2623 1493 2660 rationibus
1529 2623 1659 2671 iisque
1692 2622 1867 2671 rejectis,
1905 2635 1978 2666 ,ea

240 2682 387 2731 regula,
411 2681 542 2729 inquit
563 2694 600 2719 n.
626 2688 690 2727 86,
726 2685 855 2730 potest
877 2683 918 2719 in
940 2683 1170 2719 universum
1193 2682 1325 2726 statui,
1349 2684 1395 2719 ut
1416 2684 1512 2719 tunc
1534 2682 1661 2718 solum
1684 2681 1833 2718 moveri
1852 2681 1978 2730 possit

240 2741 465 2778 intellectus
489 2753 510 2776 a
530 2740 659 2778 medio
682 2741 729 2778 ad
752 2753 953 2778 assensum
977 2741 1246 2786 conclusionis,
1282 2742 1394 2789 cujus
1418 2741 1614 2789 objectum
1647 2740 1806 2777 aliunde
1836 2740 1976 2777 imme-

241 2800 344 2837 diate
366 2800 428 2836 vel
450 2799 636 2836 intuitive
659 2800 867 2849 cognoscit,
900 2801 1056 2848 quando
1088 2800 1260 2850 cognitio
1291 2800 1519 2837 immediata
1547 2812 1626 2837 non
1657 2799 1786 2837 aufert
1816 2799 1976 2836 omnino

241 2858 513 2908 indigentiam,
538 2858 600 2895 cui
624 2858 864 2908 indigentiae
887 2860 1018 2908 aliquo
1042 2859 1155 2896 modo
1188 2860 1325 2897 saltem
1347 2872 1392 2896 ex
1422 2861 1534 2907 parte
1566 2858 1718 2895 occurri
1749 2858 1878 2907 possit
1909 2870 1977 2906 per

238 2930 440 2955 assensum
462 2917 640 2966 genitum
665 2930 709 2954 ex
732 2917 799 2954 illo
822 2918 962 2954 medio.
1007 2918 1046 2954 Si
1069 2919 1172 2955 enim
1195 2919 1287 2956 haec
1308 2917 1480 2967 cognitio
1514 2930 1583 2966 per
1605 2916 1778 2955 medium
1800 2929 1879 2954 non
1910 2918 1974 2954 de-

243 2977 364 3014 servit
386 2976 435 3013 ad
455 2976 669 3014 tollendam
693 2976 756 3012 vel
779 2977 1032 3013 minuendam
1056 2977 1314 3027 indigentiam
1336 2977 1445 3013 illam
1470 2973 1557 3028 (seu
1579 2976 1632 3021 ,in
1656 2977 1975 3025 supplementum

238 3036 489 3080 -evidentiae,‘
522 3037 568 3072 ut
598 3035 778 3083 loquitur
800 3035 1005 3072 Maurus
1029 3036 1068 3072 T.
1093 3037 1141 3073 II.
1165 3037 1190 3074 1.
1217 3043 1236 3076 7
1263 3050 1298 3085 q.
1326 3042 1404 3076 133
1435 3035 1559 3072 eidem
1592 3035 1810 3072 sententiae
1840 3034 1975 3071 inhae-

241 3098 359 3143 rens),
382 3107 452 3132 nec
474 3097 570 3131 tunc
591 3093 737 3143 poterit
758 3094 983 3131 intellectus
1006 3108 1027 3131 a
1049 3095 1173 3132 medio
1195 3095 1352 3135 moveri.
1395 3094 1495 3131 Hinc
1517 3096 1576 3131 est
1598 3094 1700 3142 quod
1716 3093 1976 3131 communiter
