2175 3382
614 116 741 150 Thesis
760 115 883 150 XLVI.
901 115 985 150 Non
1003 115 1070 150 soli
1085 116 1175 160 justi
1196 116 1386 161 pertinent
1404 117 1450 150 ad
1469 117 1564 151 Eccl.
1878 123 1962 164 265

228 241 346 277 Pater
367 239 408 277 in
431 239 583 276 occulto
606 238 755 276 videns.
799 238 943 275 Rarum
975 238 1045 275 hoc
1076 238 1236 275 videtur
1266 250 1402 287 genus,
1436 239 1503 275 sed
1535 242 1667 277 tamen
1689 241 1865 289 exempla
1885 253 1964 278 non

227 299 383 344 desunt,
407 298 447 335 in
464 310 486 335 0
510 298 624 346 plura
645 300 738 334 sunt
759 309 876 345 quam
899 297 1003 333 credi
1026 298 1168 345 potest.
1181 302 1198 320 <⁴
1241 297 1294 334 Cf.
1317 297 1435 334 etiam
1458 297 1504 334 de
1526 298 1632 346 bapt.
1655 299 1680 335 l.
1712 307 1722 338 l
1752 312 1782 337 c.
1813 307 1872 340 17.

346 375 440 409 239.
463 369 758 417 Exceptionibus
779 369 928 415 satisfit.
951 390 1008 395 —
1030 368 1158 417 Negat
1188 369 1347 416 quidem
1370 369 1516 406 Paulus
1544 377 1575 409 l.
1599 370 1679 408 Cor.
1707 378 1741 415 5,
1771 378 1833 417 13,
1861 371 1963 420 juris

227 428 288 465 sui
311 440 395 465 esse
417 427 464 464 de
485 427 544 473 iis,
570 426 638 475 'qui
661 427 755 464 foris
778 431 882 470 sunt,
900 427 1099 475 judicare:
1132 427 1222 464 inde
1253 429 1384 464 tamen
1415 440 1494 464 non
1526 429 1717 476 sequitur,
1751 430 1963 468 haereticos

223 498 302 524 non
323 499 407 524 esse
428 487 537 524 extra
558 486 782 531 Ecclesiam,
806 486 910 534 quod
931 485 1104 523 Ecclesia
1126 486 1167 522 in
1190 499 1253 523 eos
1275 486 1573 524 animadvertat.
1606 487 1741 525 Potest
1763 489 1866 525 enim
1891 489 1962 526 ali-

224 545 311 594 quis
334 545 482 594 duplici
505 544 654 582 ratione
677 545 770 582 foris
792 557 895 582 esse:
928 545 1109 582 absolute
1141 548 1260 594 atque
1292 545 1358 591 ita,
1391 547 1436 582 ut
1467 558 1670 594 nunquam
1692 546 1813 584 fuerit
1833 548 1961 585 intus:

224 606 262 642 et
284 605 567 653 quadamtenus
590 616 660 641 nec
681 604 797 641 aliter
819 617 938 651 quam
960 605 1006 640 ut
1028 603 1221 653 profugus
1244 605 1284 641 et
1306 604 1491 650 desertor,
1516 605 1587 653 qui
1611 606 1809 653 quondam
1832 606 1880 643 ad
1902 619 1962 644 so-

222 663 402 701 cietatem
424 663 630 711 pertinuit.
651 662 776 711 Atqui
798 663 943 700 Paulus
965 662 1012 699 de
1035 662 1081 700 iis
1103 663 1293 711 loquitur,
1321 663 1389 712 qui
1415 663 1536 712 priori
1565 664 1849 713 significatione
1871 666 1962 703 foris

224 724 335 766 sunt;
358 724 399 759 at
421 721 606 759 haeretici
627 721 722 759 foris
745 724 839 758 sunt
861 721 1148 771 significatione
1170 722 1388 770 posteriori,
1424 722 1514 760 hinc
1534 723 1709 760 Ecclesia
1730 724 1772 761 in
1794 736 1858 761 eos
1882 725 1964 761 ani-

222 781 462 818 madvertere
485 783 625 829 potest,
650 780 753 818 sicut
775 780 940 818 societas
963 780 1167 828 quaelibet
1190 781 1230 818 in
1252 781 1417 819 rebelles
1440 783 1479 818 et
1501 782 1729 821 desertores

340 839 672 889 Augustinus
694 851 787 876 vero
810 839 977 876 subinde
999 835 1065 892 (cf.
1089 839 1135 876 de
1158 840 1262 889 bapt.
1285 840 1342 876 III
1365 853 1403 878 n.
1429 847 1502 886 263
1527 841 1588 887 IV,
1619 840 1687 893 18)
1718 842 1885 879 affirmat
1916 843 1963 879 de

226 898 445 943 haereticis,
470 911 534 936 eos
556 910 640 936 esse
664 898 706 935 in
729 911 870 947 magna
891 898 1005 935 domo
1029 896 1084 950 (2.
1108 899 1204 936 Tim.
1231 905 1267 947 2,
1295 896 1378 951 20),
1403 912 1502 948 quae
1524 902 1584 937 est
1606 900 1793 941 Ecclesiaz
1828 914 1965 938 verum

225 958 294 995 hoc
316 958 379 995 vel
400 957 448 995 de
470 957 675 995 haereticis
707 957 873 1000 occultis
905 957 1083 1002 affirmat,
1116 960 1327 1006 antequam
1358 960 1491 1007 aperte
1524 959 1711 996 deserunt
1732 960 1964 1002 Ecclesiam;

225 1017 288 1054 vel
322 1016 513 1066 significat
548 1017 652 1065 ipsos
687 1028 797 1053 secus
832 1029 875 1053 ac
909 1016 1085 1054 infideles
1120 1018 1159 1053 et
1187 1017 1352 1065 judaeos
1376 1030 1453 1054 non
1475 1030 1597 1067 pauca
1619 1018 1772 1063 habere,
1797 1031 1895 1064 quae
1916 1019 1964 1056 ad

225 1075 435 1113 Ecclesiam
459 1078 638 1124 spectant
660 1078 699 1112 et
721 1075 866 1124 quibus
889 1075 1020 1123 aliquo
1044 1076 1158 1113 modo
1181 1076 1228 1113 ad
1244 1076 1452 1113 Ecclesiam
1468 1077 1715 1118 referuntur:
1740 1078 1965 1115 deficientes

223 1134 328 1172 enim
350 1135 398 1172 ab
420 1134 591 1172 Ecclesia
613 1135 730 1182 plura
753 1146 885 1172 secum
908 1135 1137 1171 detulerunt
1158 1147 1203 1171 ex
1225 1135 1407 1180 Ecclesia,
1432 1136 1479 1172 ad
1503 1149 1620 1184 quam
1644 1137 1760 1174 etiam
1776 1137 1963 1174 redeundi

223 1193 450 1243 gravissima
471 1196 658 1231 tenentur
678 1193 917 1243 obligatione
939 1194 1103 1242 ejusque
1125 1196 1285 1231 manent
1301 1194 1572 1243 jurisdictioni
1595 1196 1764 1241 obnoxii,
1787 1198 1834 1233 ut
1847 1196 1965 1234 etiam

223 1251 388 1289 rebelles
409 1253 451 1290 in
473 1253 656 1290 societate
679 1252 797 1289 civili.
829 1253 910 1289 Hoc
932 1253 997 1290 vel
1019 1252 1141 1289 simili
1165 1265 1283 1290 sensu
1305 1266 1394 1290 eum
1418 1266 1498 1291 esse
1520 1254 1822 1304 intelligendum
1844 1257 1964 1304 patet,

225 1324 313 1348 cum
334 1315 447 1348 nemo
470 1323 640 1349 ausurus
665 1311 717 1348 sit
739 1311 943 1357 affirmare,
968 1312 1186 1349 secundum
1215 1312 1570 1362 Augustinum
1602 1315 1720 1351 etiam
1742 1314 1965 1364 pelagianos

223 1372 263 1407 et-
284 1370 500 1408 donatistas
523 1371 644 1408 fuisse
667 1370 842 1408 membra
862 1370 1053 1408 Ecclesiae
1077 1371 1290 1408 catholicae
1314 1384 1381 1409 seu
1404 1372 1595 1409 Ecclesiae
1617 1385 1740 1410 verae.

340 1451 438 1495 240.
461 1450 631 1493 ThOSiS
654 1449 809 1493 XLVI
815 1483 825 1494 .
856 1465 1110 1499 Haeretica
1130 1468 1196 1499 est
1213 1467 1458 1508 sententia,
1476 1476 1595 1508 quae
1613 1476 1644 1500 α
1664 1477 1777 1501 vera
1798 1468 1966 1502 Christi

221 1523 427 1558 Ecclesia
453 1533 610 1558 omnes
632 1526 894 1565 peccatores
928 1525 1134 1559 excludit
1167 1525 1374 1568 solosque
1402 1526 1553 1568 justos
1587 1528 1650 1561 ad
1676 1528 1830 1569 ipsam
1855 1536 1964 1569 per-

223 1584 371 1618 tinere
396 1584 574 1617 statuit.

339 1652 720 1696 Demonstratio.
764 1649 970 1692 Statuitur
1002 1652 1132 1693 thesis
1167 1657 1317 1693 contra
1338 1653 1480 1705 plures
1503 1653 1784 1704 adversarios,
1814 1655 1858 1695 in
1879 1655 1965 1707 pri-

225 1723 303 1763 mis
335 1727 484 1763 contra
517 1721 856 1771 donatistas,
889 1722 1141 1775 quibuscum
1173 1723 1255 1764 hac
1286 1723 1338 1764 de
1370 1736 1414 1764 re
1451 1723 1521 1764 diu
1544 1724 1774 1776 disputavit
1797 1725 1965 1778 Augu-

225 1793 416 1834 stinus.
457 1791 529 1833 Est
551 1796 694 1833 autem
717 1791 769 1832 de
792 1792 883 1841 fide,
919 1796 965 1833 ut
986 1797 1103 1844 patet
1124 1804 1176 1833 ex
1199 1805 1316 1846 prop.
1343 1796 1408 1838 15.
1431 1794 1582 1847 synodi
1604 1795 1964 1847 pistoriensis

225 1874 250 1903 a
271 1862 364 1904 Pio
388 1862 454 1905 VI.
479 1863 703 1904 damnata:
745 1862 980 1914 „Doctrina,
1003 1875 1112 1916 quae
1134 1865 1334 1916 proponit
1355 1864 1586 1906 Ecclesiam
1610 1866 1964 1907 considerandam

223 1934 338 1975 velut
359 1946 492 1975 unum
515 1946 670 1986 corpus
692 1934 918 1988 mysticum
937 1939 1282 1987 coagmentatum
1298 1947 1349 1976 ex
1365 1935 1531 1977 Christo
1548 1937 1685 1988 capite
1708 1942 1749 1978 et
1763 1936 1966 1986 fidelibus,

226 2005 295 2057 qui
317 2009 416 2046 sunt
437 2005 528 2057 ejus
550 2004 745 2045 membra
767 2016 842 2057 per
864 2005 1066 2046 unionem
1085 2005 1352 2055 ineffabilem,
1377 2018 1459 2059 qua
1482 2006 1732 2048 mirabiliter
1746 2008 1965 2049 evadimus

225 2087 321 2116 cum
343 2075 436 2128 ipso
459 2088 569 2116 unus
591 2075 707 2116 solus
729 2075 944 2123 sacerdos,
966 2088 1053 2116 una
1076 2076 1167 2118 sola
1189 2077 1375 2127 victima,
1397 2090 1506 2118 unus
1523 2078 1637 2119 solus
1652 2078 1857 2120 adorator
1870 2091 1966 2131 per-

226 2146 358 2187 fectus
379 2146 455 2188 Dei
477 2145 615 2188 Patris
638 2147 681 2188 in
703 2148 850 2200 spiritu
874 2152 915 2189 et
936 2149 1127 2198 veritate,
1156 2149 1369 2191 intellecta
1392 2150 1474 2191 hoc
1496 2162 1636 2200 sensu,
1668 2155 1713 2191 ut
1735 2151 1790 2192 ad
1812 2163 1965 2204 corpus

227 2216 441 2258 Ecclesiae
463 2230 551 2258 non
572 2218 813 2270 pertineant
827 2219 907 2259 nisi
921 2218 1081 2269 fideles,
1104 2220 1174 2272 qui
1196 2225 1294 2261 sunt
1308 2220 1482 2273 perfecti
1496 2221 1747 2262 adoratores
1761 2222 1805 2262 in
1818 2222 1967 2274 spiritu

228 2292 270 2328 et
290 2288 479 2338 veritate,
502 2288 826 2331 haeretica.“
855 2289 946 2330 Huc
961 2295 1156 2361 spectant
1171 2292 1328 2332 similes
1342 2304 1460 2344 prop.
1484 2291 1769 2342 Quesnelli
1793 2296 1966 2338 72-78

227 2358 467 2408 damnatae,
499 2372 681 2412 quarum
704 2364 725 2404 7
734 2365 770 2405 2.
793 2361 852 2401 ita
874 2360 1023 2402 habet:
1057 2360 1196 2410 „Nota
1218 2362 1432 2404 Ecclesiae
1464 2363 1722 2404 christianae
1745 2369 1820 2413 est,
1854 2364 1968 2417 quod

228 2429 282 2469 sit
304 2429 514 2470 catholica
549 2430 915 2482 comprehendens
947 2436 988 2472 et
1011 2443 1160 2504 ompqes
1183 2433 1356 2485 angelos
1380 2433 1487 2474 coeli
1509 2438 1551 2474 et
1573 2446 1722 2475 omnes
1745 2435 1904 2476 electos
1927 2440 1966 2476 et

223 2499 363 2552 justos
384 2504 523 2541 terrae
546 2504 588 2541 et
609 2501 800 2541 omnium
822 2501 1098 2545 seculorumf

345 2571 387 2613 1.
411 2570 501 2612 Huc
523 2575 718 2624 spectant
734 2571 889 2621 variae,
911 2571 1063 2624 quibus
1077 2572 1265 2614 Ecclesia
1279 2573 1569 2624 adumbratur,
1590 2575 1836 2627 parabolae,
1859 2577 1966 2617 ima-

226 2642 344 2693 gines
376 2645 418 2683 et
449 2643 549 2695 typi,
579 2646 626 2683 ut
656 2646 755 2683 sunt
784 2642 1017 2695 parabolae
1049 2655 1288 2696 sagenae
1319 2645 1475 2686 missae
1507 2646 1551 2686 in
1573 2658 1691 2687 mare
1715 2650 1756 2687 et
1778 2658 1829 2687 ex
1851 2648 1967 2687 omni

228 2723 382 2763 genere
412 2712 590 2764 piscium
624 2714 920 2765 congregantis
951 2713 1089 2755 bonos
1121 2719 1163 2755 et
1184 2715 1322 2756 malos
1343 2715 1489 2760 Matth.
1515 2719 1581 2766 13,
1614 2719 1693 2765 47;
1725 2718 1967 2758 convivii

226 2782 522 2834 nuptialis,
556 2783 610 2824 ad
643 2784 756 2836 quod
783 2784 998 2837 ingressus
1021 2789 1084 2826 est
1106 2786 1235 2826 etiam
1257 2786 1388 2828 homo
1412 2799 1500 2827 non
1521 2787 1698 2828 vestitus
1720 2792 1837 2828 veste
1859 2800 1967 2839 nup·
2018 2822 2027 2832 .

228 2852 316 2892 tiali
345 2852 399 2896 ib.
423 2854 491 2902 22,
515 2855 562 2902 23
593 2854 733 2906 imago
767 2855 952 2904 oviliS,
984 2855 1028 2896 in
1060 2868 1143 2908 quo
1175 2861 1271 2898 sunt
1308 2869 1411 2898 oves
1433 2861 1475 2898 et
1495 2857 1622 2899 hoedi
1643 2858 1696 2901 ib.
1721 2862 1788 2907 25,
1812 2860 1868 2902 32
1891 2858 1968 2899 col.

228 2924 284 2965 41
310 2935 384 2963 ss:
419 2923 656 2965 hoedorum
680 2925 792 2965 enim
818 2926 987 2967 nomine
1009 2926 1052 2967 in
1074 2927 1220 2979 primis
1241 2927 1530 2980 intelliguntur
1552 2927 1707 2977 fideles,
1740 2928 1891 2981 quibus
1914 2928 1968 2969 ad

229 2991 408 3033 salutem
430 2993 586 3035 caritas
622 2993 761 3043 deest3
790 2995 978 3037 domus
1000 3008 1248 3050 magnae,
1278 2999 1321 3039 in
1344 3010 1429 3051 qua
1450 3002 1548 3039 sunt
1569 3010 1674 3039 vasa
1696 3000 1738 3040 in
1759 2999 1967 3040 honorem

231 3067 271 3103 et
293 3074 397 3104 vasa
417 3063 462 3104 in
484 3065 786 3107 contumeliam
808 3070 846 3111 2.
861 3066 965 3107 Tim.
988 3069 1026 3109 2.
1042 3071 1121 3119 2ος
1144 3073 1269 3122 typus
1292 3081 1454 3110 arcae
1477 3068 1549 3110 No
1563 3071 1606 3119 e,
1628 3070 1671 3110 in
1695 3081 1778 3122 qua
1799 3072 1969 3121 praeter
