<?xml version="1.0" encoding="UTF-8"?>
<!DOCTYPE html PUBLIC "-//W3C//DTD XHTML 1.0 Transitional//EN"
    "http://www.w3.org/TR/xhtml1/DTD/xhtml1-transitional.dtd">
<html xmlns="http://www.w3.org/1999/xhtml" xml:lang="en" lang="en">
 <head>
  <title>
</title>
<meta http-equiv="Content-Type" content="text/html;charset=utf-8" />
  <meta name='ocr-system' content='tesseract 3.04.00' />
  <meta name='ocr-capabilities' content='ocr_page ocr_carea ocr_par ocr_line ocrx_word'/>
</head>
<body>
  <div class='ocr_page' id='page_1' title='image "./theologiaedogmat01hurt/theologiaedogmat01hurt_0398.png"; bbox 0 0 2175 3382; ppageno 0'>
   <div class='ocr_carea' id='block_1_1' title="bbox 182 103 1763 156">
    <p class='ocr_par' dir='ltr' id='par_1_1' title="bbox 182 103 1763 156">
     <span class='ocr_line' id='line_1_1' title="bbox 182 103 1763 156; baseline -0.004 -14"><span class='ocrx_word' id='word_1_1' title='bbox 182 114 265 156; x_wconf 62' lang='lat'>338</span> <span class='ocrx_word' id='word_1_2' title='bbox 340 109 397 141; x_wconf 76' lang='lat' dir='ltr'>&#39;l‘r.</span> <span class='ocrx_word' id='word_1_3' title='bbox 418 107 476 141; x_wconf 81' lang='grc' dir='ltr'><strong>[ΙΙ.</strong></span> <span class='ocrx_word' id='word_1_4' title='bbox 497 109 541 141; x_wconf 76' lang='lat' dir='ltr'>‹te</span> <span class='ocrx_word' id='word_1_5' title='bbox 561 107 734 151; x_wconf 84' lang='lat' dir='ltr'>primatu.</span> <span class='ocrx_word' id='word_1_6' title='bbox 753 106 883 139; x_wconf 66' lang='lat' dir='ltr'>&#39;rhesis</span> <span class='ocrx_word' id='word_1_7' title='bbox 896 105 1072 139; x_wconf 76' lang='lat' dir='ltr'>LXXVII.</span> <span class='ocrx_word' id='word_1_8' title='bbox 1084 104 1310 148; x_wconf 69' lang='lat' dir='ltr'>Romepisc.</span> <span class='ocrx_word' id='word_1_9' title='bbox 1323 104 1539 138; x_wconf 78' lang='lat' dir='ltr'>testimonia</span> <span class='ocrx_word' id='word_1_10' title='bbox 1550 103 1622 137; x_wconf 83' lang='lat' dir='ltr'>fide</span> <span class='ocrx_word' id='word_1_11' title='bbox 1638 104 1763 147; x_wconf 74' lang='lat' dir='ltr'>(ligna.</span> 
     </span>
    </p>
   </div>
   <div class='ocr_carea' id='block_1_2' title="bbox 181 226 1931 1520">
    <p class='ocr_par' dir='ltr' id='par_1_2' title="bbox 181 226 1926 626">
     <span class='ocr_line' id='line_1_2' title="bbox 182 226 1924 279; baseline -0.002 -10"><span class='ocrx_word' id='word_1_12' title='bbox 182 233 396 269; x_wconf 88' lang='lat' dir='ltr'>multorum</span> <span class='ocrx_word' id='word_1_13' title='bbox 427 230 698 279; x_wconf 75' lang='lat' dir='ltr'>episcoporum</span> <span class='ocrx_word' id='word_1_14' title='bbox 728 229 979 275; x_wconf 71' lang='lat' dir='ltr'>conscriptae,</span> <span class='ocrx_word' id='word_1_15' title='bbox 1013 232 1059 265; x_wconf 92' lang='lat' dir='ltr'>ut</span> <span class='ocrx_word' id='word_1_16' title='bbox 1090 226 1266 265; x_wconf 79' lang='lat' dir='ltr'>ostendit</span> <span class='ocrx_word' id='word_1_17' title='bbox 1288 226 1538 263; x_wconf 82' lang='lat' dir='ltr'>Coustant</span> <span class='ocrx_word' id='word_1_18' title='bbox 1571 226 1613 262; x_wconf 86' lang='lat' dir='ltr'>in</span> <span class='ocrx_word' id='word_1_19' title='bbox 1645 226 1764 274; x_wconf 81' lang='lat' dir='ltr'>praef.</span> <span class='ocrx_word' id='word_1_20' title='bbox 1794 238 1924 276; x_wconf 84' lang='lat' dir='ltr'>gener.</span> 
     </span>
     <span class='ocr_line' id='line_1_3' title="bbox 183 285 1924 339; baseline -0.003 -11"><span class='ocrx_word' id='word_1_21' title='bbox 183 291 229 329; x_wconf 87' lang='lat' dir='ltr'>ad</span> <span class='ocrx_word' id='word_1_22' title='bbox 253 304 311 339; x_wconf 90' lang='lat' dir='ltr'>ep.</span> <span class='ocrx_word' id='word_1_23' title='bbox 335 302 430 327; x_wconf 87' lang='lat' dir='ltr'>rom.</span> <span class='ocrx_word' id='word_1_24' title='bbox 452 294 560 338; x_wconf 83' lang='lat' dir='ltr'>pont.</span> <span class='ocrx_word' id='word_1_25' title='bbox 583 301 618 337; x_wconf 87' lang='lat' dir='ltr'>p.</span> <span class='ocrx_word' id='word_1_26' title='bbox 649 296 660 328; x_wconf 93' lang='lat'>1</span> <span class='ocrx_word' id='word_1_27' title='bbox 690 301 727 324; x_wconf 91' lang='lat' dir='ltr'>n.</span> <span class='ocrx_word' id='word_1_28' title='bbox 753 294 818 328; x_wconf 84' lang='lat'>33.</span> <span class='ocrx_word' id='word_1_29' title='bbox 862 286 989 331; x_wconf 81' lang='lat' dir='ltr'>Quare</span> <span class='ocrx_word' id='word_1_30' title='bbox 1011 286 1192 324; x_wconf 78' lang='lat' dir='ltr'>Julius</span> <span class='ocrx_word' id='word_1_31' title='bbox 1219 286 1242 322; x_wconf 91' lang='lat'>1.</span> <span class='ocrx_word' id='word_1_32' title='bbox 1275 286 1315 322; x_wconf 90' lang='lat' dir='ltr'>in</span> <span class='ocrx_word' id='word_1_33' title='bbox 1337 285 1568 335; x_wconf 80' lang='lat' dir='ltr'>gravissima</span> <span class='ocrx_word' id='word_1_34' title='bbox 1600 296 1659 333; x_wconf 88' lang='lat' dir='ltr'>ep.</span> <span class='ocrx_word' id='word_1_35' title='bbox 1692 292 1702 324; x_wconf 93' lang='lat' dir='ltr'>l</span> <span class='ocrx_word' id='word_1_36' title='bbox 1743 285 1792 322; x_wconf 87' lang='lat' dir='ltr'>ad</span> <span class='ocrx_word' id='word_1_37' title='bbox 1813 297 1924 323; x_wconf 86' lang='lat' dir='ltr'>euse-</span> 
     </span>
     <span class='ocr_line' id='line_1_4' title="bbox 181 344 1925 396; baseline -0.004 -8"><span class='ocrx_word' id='word_1_38' title='bbox 181 350 318 388; x_wconf 89' lang='lat' dir='ltr'>bianos</span> <span class='ocrx_word' id='word_1_39' title='bbox 341 362 377 386; x_wconf 92' lang='lat' dir='ltr'>n.</span> <span class='ocrx_word' id='word_1_40' title='bbox 404 355 425 389; x_wconf 77' lang='lat'>3</span> <span class='ocrx_word' id='word_1_41' title='bbox 451 349 621 386; x_wconf 81' lang='lat' dir='ltr'>scribere</span> <span class='ocrx_word' id='word_1_42' title='bbox 643 347 796 396; x_wconf 87' lang='lat' dir='ltr'>potuit:</span> <span class='ocrx_word' id='word_1_43' title='bbox 832 346 1072 390; x_wconf 60' lang='lat' dir='ltr'>,Nece-‘sum</span> <span class='ocrx_word' id='word_1_44' title='bbox 1109 349 1168 382; x_wconf 88' lang='lat' dir='ltr'>est</span> <span class='ocrx_word' id='word_1_45' title='bbox 1190 345 1300 382; x_wconf 90' lang='lat' dir='ltr'>vobis</span> <span class='ocrx_word' id='word_1_46' title='bbox 1324 348 1461 381; x_wconf 90' lang='lat' dir='ltr'>notum</span> <span class='ocrx_word' id='word_1_47' title='bbox 1485 344 1620 385; x_wconf 76' lang='lat' dir='ltr'>facere,</span> <span class='ocrx_word' id='word_1_48' title='bbox 1644 344 1798 381; x_wconf 79' lang='lat' dir='ltr'>etiamsi</span> <span class='ocrx_word' id='word_1_49' title='bbox 1821 346 1925 382; x_wconf 78' lang='lat' dir='ltr'>solus</span> 
     </span>
     <span class='ocr_line' id='line_1_5' title="bbox 183 403 1925 457; baseline -0.003 -11"><span class='ocrx_word' id='word_1_50' title='bbox 183 408 412 457; x_wconf 84' lang='lat' dir='ltr'>scripserim,</span> <span class='ocrx_word' id='word_1_51' title='bbox 434 418 511 444; x_wconf 92' lang='lat' dir='ltr'>non</span> <span class='ocrx_word' id='word_1_52' title='bbox 535 406 621 444; x_wconf 89' lang='lat' dir='ltr'>ideo</span> <span class='ocrx_word' id='word_1_53' title='bbox 645 405 719 443; x_wconf 88' lang='lat' dir='ltr'>mei</span> <span class='ocrx_word' id='word_1_54' title='bbox 743 405 874 450; x_wconf 78' lang='lat' dir='ltr'>solius,</span> <span class='ocrx_word' id='word_1_55' title='bbox 912 405 978 442; x_wconf 87' lang='lat' dir='ltr'>sed</span> <span class='ocrx_word' id='word_1_56' title='bbox 1001 405 1176 442; x_wconf 90' lang='lat' dir='ltr'>omnium</span> <span class='ocrx_word' id='word_1_57' title='bbox 1208 404 1491 452; x_wconf 69' lang='lat' dir='ltr'>epi-coporum,</span> <span class='ocrx_word' id='word_1_58' title='bbox 1525 403 1593 451; x_wconf 91' lang='lat' dir='ltr'>qui</span> <span class='ocrx_word' id='word_1_59' title='bbox 1623 403 1667 440; x_wconf 93' lang='lat' dir='ltr'>in</span> <span class='ocrx_word' id='word_1_60' title='bbox 1693 403 1803 440; x_wconf 78' lang='lat' dir='ltr'>ltalia</span> <span class='ocrx_word' id='word_1_61' title='bbox 1833 409 1925 441; x_wconf 81' lang='lat' dir='ltr'>sunt</span> 
     </span>
     <span class='ocr_line' id='line_1_6' title="bbox 182 461 1926 516; baseline -0.004 -10"><span class='ocrx_word' id='word_1_62' title='bbox 182 472 223 506; x_wconf 89' lang='lat' dir='ltr'>et</span> <span class='ocrx_word' id='word_1_63' title='bbox 245 468 311 516; x_wconf 89' lang='lat' dir='ltr'>qui</span> <span class='ocrx_word' id='word_1_64' title='bbox 336 467 376 504; x_wconf 90' lang='lat' dir='ltr'>in</span> <span class='ocrx_word' id='word_1_65' title='bbox 408 467 468 504; x_wconf 88' lang='lat' dir='ltr'>his</span> <span class='ocrx_word' id='word_1_66' title='bbox 489 466 669 515; x_wconf 78' lang='lat' dir='ltr'>partibus</span> <span class='ocrx_word' id='word_1_67' title='bbox 691 465 852 514; x_wconf 85' lang='lat' dir='ltr'>degunt,</span> <span class='ocrx_word' id='word_1_68' title='bbox 888 476 971 501; x_wconf 90' lang='lat' dir='ltr'>esse</span> <span class='ocrx_word' id='word_1_69' title='bbox 995 464 1101 500; x_wconf 86' lang='lat' dir='ltr'>illam</span> <span class='ocrx_word' id='word_1_70' title='bbox 1126 463 1402 500; x_wconf 73' lang='lat' dir='ltr'>sententiam.“</span> <span class='ocrx_word' id='word_1_71' title='bbox 1447 462 1561 499; x_wconf 88' lang='lat' dir='ltr'>Hisce</span> <span class='ocrx_word' id='word_1_72' title='bbox 1595 461 1755 511; x_wconf 78' lang='lat' dir='ltr'>synodis</span> <span class='ocrx_word' id='word_1_73' title='bbox 1791 462 1926 499; x_wconf 86' lang='lat' dir='ltr'>subse-</span> 
     </span>
     <span class='ocr_line' id='line_1_7' title="bbox 182 521 1926 576; baseline -0.004 -12"><span class='ocrx_word' id='word_1_74' title='bbox 182 527 397 576; x_wconf 88' lang='lat' dir='ltr'>quentibus</span> <span class='ocrx_word' id='word_1_75' title='bbox 407 525 547 563; x_wconf 88' lang='lat' dir='ltr'>seculis</span> <span class='ocrx_word' id='word_1_76' title='bbox 556 527 831 562; x_wconf 86' lang='lat' dir='ltr'>successerunt</span> <span class='ocrx_word' id='word_1_77' title='bbox 840 523 1094 560; x_wconf 76' lang='lat' dir='ltr'>cardinalium</span> <span class='ocrx_word' id='word_1_78' title='bbox 1105 522 1311 560; x_wconf 89' lang='lat' dir='ltr'>consilium</span> <span class='ocrx_word' id='word_1_79' title='bbox 1321 533 1583 570; x_wconf 81' lang='lat' dir='ltr'>romanaeque</span> <span class='ocrx_word' id='word_1_80' title='bbox 1593 521 1926 571; x_wconf 80' lang='lat' dir='ltr'>congregationes.</span> 
     </span>
     <span class='ocr_line' id='line_1_8' title="bbox 183 585 795 626; baseline -0.01 -2"><span class='ocrx_word' id='word_1_81' title='bbox 183 586 235 626; x_wconf 84' lang='lat' dir='ltr'>Cf.</span> <span class='ocrx_word' id='word_1_82' title='bbox 259 585 795 624; x_wconf 72' lang='lat' dir='ltr'>Scheeben-l.1n.4‹;3.</span> 
     </span>
    </p>

    <p class='ocr_par' dir='ltr' id='par_1_3' title="bbox 184 638 1928 870">
     <span class='ocr_line' id='line_1_9' title="bbox 301 638 1926 692; baseline -0.004 -9"><span class='ocrx_word' id='word_1_83' title='bbox 301 643 365 692; x_wconf 67' lang='lat'>‘30⁸</span> <span class='ocrx_word' id='word_1_84' title='bbox 378 643 483 689; x_wconf 86' lang='lat' dir='ltr'>Quae</span> <span class='ocrx_word' id='word_1_85' title='bbox 512 643 717 687; x_wconf 84' lang='lat' dir='ltr'>affirmant,</span> <span class='ocrx_word' id='word_1_86' title='bbox 749 641 982 690; x_wconf 85' lang='lat' dir='ltr'>plerumque</span> <span class='ocrx_word' id='word_1_87' title='bbox 1013 641 1180 689; x_wconf 85' lang='lat' dir='ltr'>probant</span> <span class='ocrx_word' id='word_1_88' title='bbox 1211 639 1391 676; x_wconf 78' lang='lat' dir='ltr'>adductis</span> <span class='ocrx_word' id='word_1_89' title='bbox 1424 640 1465 676; x_wconf 93' lang='lat' dir='ltr'>in</span> <span class='ocrx_word' id='word_1_90' title='bbox 1496 638 1670 676; x_wconf 88' lang='lat' dir='ltr'>medium</span> <span class='ocrx_word' id='word_1_91' title='bbox 1703 639 1926 688; x_wconf 87' lang='lat' dir='ltr'>Scripturae</span> 
     </span>
     <span class='ocr_line' id='line_1_10' title="bbox 184 698 1928 749; baseline -0.004 -7"><span class='ocrx_word' id='word_1_92' title='bbox 184 704 309 742; x_wconf 81' lang='lat' dir='ltr'>effatis</span> <span class='ocrx_word' id='word_1_93' title='bbox 333 704 394 741; x_wconf 88' lang='lat' dir='ltr'>vel</span> <span class='ocrx_word' id='word_1_94' title='bbox 416 707 701 741; x_wconf 82' lang='lat' dir='ltr'>antecessorum</span> <span class='ocrx_word' id='word_1_95' title='bbox 724 711 884 737; x_wconf 90' lang='lat' dir='ltr'>suorum</span> <span class='ocrx_word' id='word_1_96' title='bbox 908 699 1032 737; x_wconf 87' lang='lat' dir='ltr'>factis.</span> <span class='ocrx_word' id='word_1_97' title='bbox 1075 699 1127 736; x_wconf 78' lang='lat' dir='ltr'>Cf.</span> <span class='ocrx_word' id='word_1_98' title='bbox 1150 711 1192 736; x_wconf 82' lang='lat' dir='ltr'>ex</span> <span class='ocrx_word' id='word_1_99' title='bbox 1219 712 1276 749; x_wconf 84' lang='lat' dir='ltr'>gr.</span> <span class='ocrx_word' id='word_1_100' title='bbox 1302 700 1330 736; x_wconf 91' lang='lat' dir='ltr'>B</span> <span class='ocrx_word' id='word_1_101' title='bbox 1345 698 1603 735; x_wconf 87' lang='lat' dir='ltr'>onifatius</span> <span class='ocrx_word' id='word_1_102' title='bbox 1627 698 1653 734; x_wconf 94' lang='lat' dir='ltr'>I.</span> <span class='ocrx_word' id='word_1_103' title='bbox 1677 710 1736 747; x_wconf 90' lang='lat' dir='ltr'>ep.</span> <span class='ocrx_word' id='word_1_104' title='bbox 1757 705 1805 738; x_wconf 89' lang='lat'>15</span> <span class='ocrx_word' id='word_1_105' title='bbox 1829 711 1867 736; x_wconf 90' lang='lat' dir='ltr'>n.</span> <span class='ocrx_word' id='word_1_106' title='bbox 1885 705 1928 737; x_wconf 87' lang='lat'>6:</span> 
     </span>
     <span class='ocr_line' id='line_1_11' title="bbox 185 755 1927 811; baseline -0.004 -10"><span class='ocrx_word' id='word_1_107' title='bbox 185 763 426 802; x_wconf 87' lang='lat' dir='ltr'>Gelasius</span> <span class='ocrx_word' id='word_1_108' title='bbox 461 775 519 810; x_wconf 91' lang='lat' dir='ltr'>ep.</span> <span class='ocrx_word' id='word_1_109' title='bbox 557 767 607 800; x_wconf 82' lang='grc'>26</span> <span class='ocrx_word' id='word_1_110' title='bbox 645 760 691 797; x_wconf 86' lang='lat' dir='ltr'>ad</span> <span class='ocrx_word' id='word_1_111' title='bbox 727 759 842 807; x_wconf 86' lang='lat' dir='ltr'>episc.</span> <span class='ocrx_word' id='word_1_112' title='bbox 879 758 1095 796; x_wconf 88' lang='lat' dir='ltr'>Dardaniae</span> <span class='ocrx_word' id='word_1_113' title='bbox 1128 755 1182 809; x_wconf 93' lang='lat' dir='ltr'>(n.</span> <span class='ocrx_word' id='word_1_114' title='bbox 1221 756 1343 809; x_wconf 79' lang='lat'><strong>375):</strong></span> <span class='ocrx_word' id='word_1_115' title='bbox 1380 757 1634 811; x_wconf 76' lang='lat' dir='ltr'>Nicolaus</span> <span class='ocrx_word' id='word_1_116' title='bbox 1657 758 1688 794; x_wconf 92' lang='grc' dir='ltr'>Ι.</span> <span class='ocrx_word' id='word_1_117' title='bbox 1724 770 1783 806; x_wconf 82' lang='grc' dir='ltr'>6ρ.</span> <span class='ocrx_word' id='word_1_118' title='bbox 1818 764 1840 796; x_wconf 68' lang='lat'>8</span> <span class='ocrx_word' id='word_1_119' title='bbox 1879 757 1927 794; x_wconf 88' lang='lat' dir='ltr'>ad</span> 
     </span>
     <span class='ocr_line' id='line_1_12' title="bbox 185 822 413 870; baseline 0.004 -10"><span class='ocrx_word' id='word_1_120' title='bbox 185 823 296 860; x_wconf 78' lang='lat' dir='ltr'>Mich.</span> <span class='ocrx_word' id='word_1_121' title='bbox 321 822 413 870; x_wconf 89' lang='lat' dir='ltr'>imp.</span> 
     </span>
    </p>

    <p class='ocr_par' dir='ltr' id='par_1_4' title="bbox 183 875 1928 988">
     <span class='ocr_line' id='line_1_13' title="bbox 304 875 1928 928; baseline -0.003 -11"><span class='ocrx_word' id='word_1_122' title='bbox 304 880 457 928; x_wconf 59' lang='lat' dir='ltr'>301psa</span> <span class='ocrx_word' id='word_1_123' title='bbox 479 878 722 921; x_wconf 79' lang='lat' dir='ltr'>confidentia,</span> <span class='ocrx_word' id='word_1_124' title='bbox 747 890 827 924; x_wconf 88' lang='lat' dir='ltr'>qua</span> <span class='ocrx_word' id='word_1_125' title='bbox 840 877 1074 924; x_wconf 88' lang='lat' dir='ltr'>loquuntur,</span> <span class='ocrx_word' id='word_1_126' title='bbox 1099 876 1203 913; x_wconf 85' lang='lat' dir='ltr'>haud</span> <span class='ocrx_word' id='word_1_127' title='bbox 1224 876 1414 913; x_wconf 80' lang='lat' dir='ltr'>ultimum</span> <span class='ocrx_word' id='word_1_128' title='bbox 1436 879 1497 913; x_wconf 85' lang='lat' dir='ltr'>est</span> <span class='ocrx_word' id='word_1_129' title='bbox 1518 875 1708 913; x_wconf 89' lang='lat' dir='ltr'>indicium</span> <span class='ocrx_word' id='word_1_130' title='bbox 1719 876 1824 924; x_wconf 84' lang='lat' dir='ltr'>juris</span> <span class='ocrx_word' id='word_1_131' title='bbox 1839 888 1928 912; x_wconf 87' lang='lat' dir='ltr'>auc-</span> 
     </span>
     <span class='ocr_line' id='line_1_14' title="bbox 183 935 1315 988; baseline -0.006 -10"><span class='ocrx_word' id='word_1_132' title='bbox 183 941 436 988; x_wconf 79' lang='lat' dir='ltr'>toritatisque</span> <span class='ocrx_word' id='word_1_133' title='bbox 459 939 507 976; x_wconf 88' lang='lat' dir='ltr'>ab</span> <span class='ocrx_word' id='word_1_134' title='bbox 530 937 635 975; x_wconf 89' lang='lat' dir='ltr'>omni</span> <span class='ocrx_word' id='word_1_135' title='bbox 659 935 794 973; x_wconf 83' lang='lat' dir='ltr'>fraude</span> <span class='ocrx_word' id='word_1_136' title='bbox 816 944 856 973; x_wconf 79' lang='lat' dir='ltr'>et</span> <span class='ocrx_word' id='word_1_137' title='bbox 878 935 1134 984; x_wconf 70' lang='lat' dir='ltr'>usurpatione</span> <span class='ocrx_word' id='word_1_138' title='bbox 1157 935 1315 972; x_wconf 88' lang='lat' dir='ltr'>alienae.</span> 
     </span>
    </p>

    <p class='ocr_par' dir='ltr' id='par_1_5' title="bbox 185 993 1930 1155">
     <span class='ocr_line' id='line_1_15' title="bbox 302 993 1929 1044; baseline -0.004 -7"><span class='ocrx_word' id='word_1_139' title='bbox 302 997 345 1042; x_wconf 74' lang='lat'>4,</span> <span class='ocrx_word' id='word_1_140' title='bbox 367 999 529 1036; x_wconf 86' lang='lat' dir='ltr'>Omnem</span> <span class='ocrx_word' id='word_1_141' title='bbox 553 995 822 1044; x_wconf 78' lang='lat' dir='ltr'>usurpationis</span> <span class='ocrx_word' id='word_1_142' title='bbox 847 994 1109 1042; x_wconf 72' lang='lat' dir='ltr'>suspicionem</span> <span class='ocrx_word' id='word_1_143' title='bbox 1133 994 1246 1032; x_wconf 80' lang='lat' dir='ltr'>exclu</span> <span class='ocrx_word' id='word_1_144' title='bbox 1263 993 1309 1031; x_wconf 83' lang='lat' dir='ltr'>lit</span> <span class='ocrx_word' id='word_1_145' title='bbox 1343 997 1436 1030; x_wconf 90' lang='lat' dir='ltr'>nota</span> <span class='ocrx_word' id='word_1_146' title='bbox 1466 994 1716 1042; x_wconf 89' lang='lat' dir='ltr'>loquentium</span> <span class='ocrx_word' id='word_1_147' title='bbox 1748 993 1929 1030; x_wconf 87' lang='lat' dir='ltr'>doctrina</span> 
     </span>
     <span class='ocr_line' id='line_1_16' title="bbox 185 1052 1930 1102; baseline -0.004 -6"><span class='ocrx_word' id='word_1_148' title='bbox 185 1062 226 1096; x_wconf 87' lang='lat' dir='ltr'>et</span> <span class='ocrx_word' id='word_1_149' title='bbox 248 1060 456 1096; x_wconf 79' lang='lat' dir='ltr'>sanctitas:</span> <span class='ocrx_word' id='word_1_150' title='bbox 479 1068 612 1094; x_wconf 89' lang='lat' dir='ltr'>omnes</span> <span class='ocrx_word' id='word_1_151' title='bbox 637 1055 742 1092; x_wconf 90' lang='lat' dir='ltr'>enim</span> <span class='ocrx_word' id='word_1_152' title='bbox 764 1054 813 1091; x_wconf 87' lang='lat' dir='ltr'>ad</span> <span class='ocrx_word' id='word_1_153' title='bbox 834 1067 866 1091; x_wconf 85' lang='lat' dir='ltr'>a.</span> <span class='ocrx_word' id='word_1_154' title='bbox 893 1060 974 1094; x_wconf 86' lang='lat'>350</span> <span class='ocrx_word' id='word_1_155' title='bbox 999 1066 1135 1102; x_wconf 63' lang='lat' dir='ltr'>usque,</span> <span class='ocrx_word' id='word_1_156' title='bbox 1158 1053 1313 1090; x_wconf 89' lang='lat' dir='ltr'>Liberio</span> <span class='ocrx_word' id='word_1_157' title='bbox 1336 1054 1507 1101; x_wconf 74' lang='lat' dir='ltr'>excepto,</span> <span class='ocrx_word' id='word_1_158' title='bbox 1536 1053 1662 1090; x_wconf 78' lang='lat' dir='ltr'>sancti</span> <span class='ocrx_word' id='word_1_159' title='bbox 1683 1052 1732 1090; x_wconf 88' lang='lat' dir='ltr'>ab</span> <span class='ocrx_word' id='word_1_160' title='bbox 1755 1052 1930 1090; x_wconf 78' lang='lat' dir='ltr'>Ecclesia</span> 
     </span>
     <span class='ocr_line' id='line_1_17' title="bbox 185 1112 1076 1155; baseline -0.007 0"><span class='ocrx_word' id='word_1_161' title='bbox 185 1117 392 1155; x_wconf 87' lang='lat' dir='ltr'>habentur.</span> <span class='ocrx_word' id='word_1_162' title='bbox 438 1115 649 1153; x_wconf 78' lang='lat' dir='ltr'>Maximum</span> <span class='ocrx_word' id='word_1_163' title='bbox 673 1125 764 1150; x_wconf 87' lang='lat' dir='ltr'>vero</span> <span class='ocrx_word' id='word_1_164' title='bbox 787 1125 923 1150; x_wconf 90' lang='lat' dir='ltr'>eorum</span> <span class='ocrx_word' id='word_1_165' title='bbox 948 1112 1076 1150; x_wconf 87' lang='lat' dir='ltr'>verbis</span> 
     </span>
    </p>

    <p class='ocr_par' dir='ltr' id='par_1_6' title="bbox 186 1170 1931 1520">
     <span class='ocr_line' id='line_1_18' title="bbox 305 1170 1929 1224; baseline -0.004 -11"><span class='ocrx_word' id='word_1_166' title='bbox 305 1175 355 1221; x_wconf 78' lang='grc' dir='ltr'>ὃ,</span> <span class='ocrx_word' id='word_1_167' title='bbox 370 1176 523 1224; x_wconf 84' lang='lat' dir='ltr'>pondus</span> <span class='ocrx_word' id='word_1_168' title='bbox 546 1172 904 1220; x_wconf 77' lang='lat' dir='ltr'>auctoritatemque</span> <span class='ocrx_word' id='word_1_169' title='bbox 925 1171 1062 1220; x_wconf 83' lang='lat' dir='ltr'>adjicit</span> <span class='ocrx_word' id='word_1_170' title='bbox 1083 1174 1291 1209; x_wconf 74' lang='lat' dir='ltr'>concentus</span> <span class='ocrx_word' id='word_1_171' title='bbox 1327 1173 1447 1219; x_wconf 87' lang='lat' dir='ltr'>atque</span> <span class='ocrx_word' id='word_1_172' title='bbox 1478 1170 1718 1219; x_wconf 75' lang='lat' dir='ltr'>conspiratio</span> <span class='ocrx_word' id='word_1_173' title='bbox 1749 1170 1929 1216; x_wconf 82' lang='lat' dir='ltr'>aliorum,</span> 
     </span>
     <span class='ocr_line' id='line_1_19' title="bbox 186 1229 1929 1284; baseline -0.004 -11"><span class='ocrx_word' id='word_1_174' title='bbox 186 1236 255 1284; x_wconf 87' lang='lat' dir='ltr'>qui</span> <span class='ocrx_word' id='word_1_175' title='bbox 277 1235 412 1273; x_wconf 89' lang='lat' dir='ltr'>eodem</span> <span class='ocrx_word' id='word_1_176' title='bbox 434 1237 607 1281; x_wconf 91' lang='lat' dir='ltr'>tempore</span> <span class='ocrx_word' id='word_1_177' title='bbox 642 1232 871 1277; x_wconf 88' lang='lat' dir='ltr'>floruerunt,</span> <span class='ocrx_word' id='word_1_178' title='bbox 902 1236 1082 1280; x_wconf 88' lang='lat' dir='ltr'>patrum:</span> <span class='ocrx_word' id='word_1_179' title='bbox 1115 1230 1215 1267; x_wconf 85' lang='lat' dir='ltr'>nihil</span> <span class='ocrx_word' id='word_1_180' title='bbox 1247 1230 1351 1268; x_wconf 88' lang='lat' dir='ltr'>enim</span> <span class='ocrx_word' id='word_1_181' title='bbox 1383 1233 1453 1275; x_wconf 89' lang='lat' dir='ltr'>est,</span> <span class='ocrx_word' id='word_1_182' title='bbox 1486 1230 1589 1277; x_wconf 85' lang='lat' dir='ltr'>quod</span> <span class='ocrx_word' id='word_1_183' title='bbox 1623 1229 1699 1267; x_wconf 88' lang='lat' dir='ltr'>sibi</span> <span class='ocrx_word' id='word_1_184' title='bbox 1730 1229 1929 1267; x_wconf 81' lang='lat' dir='ltr'>vindicent</span> 
     </span>
     <span class='ocr_line' id='line_1_20' title="bbox 187 1288 1928 1343; baseline -0.003 -12"><span class='ocrx_word' id='word_1_185' title='bbox 187 1295 336 1333; x_wconf 91' lang='lat' dir='ltr'>romani</span> <span class='ocrx_word' id='word_1_186' title='bbox 359 1293 542 1343; x_wconf 84' lang='lat' dir='ltr'>episcopi,</span> <span class='ocrx_word' id='word_1_187' title='bbox 578 1291 682 1340; x_wconf 89' lang='lat' dir='ltr'>quod</span> <span class='ocrx_word' id='word_1_188' title='bbox 713 1303 793 1328; x_wconf 88' lang='lat' dir='ltr'>non</span> <span class='ocrx_word' id='word_1_189' title='bbox 813 1290 963 1339; x_wconf 88' lang='lat' dir='ltr'>pariter</span> <span class='ocrx_word' id='word_1_190' title='bbox 984 1303 1005 1327; x_wconf 85' lang='lat' dir='ltr'>a</span> <span class='ocrx_word' id='word_1_191' title='bbox 1028 1290 1178 1327; x_wconf 84' lang='lat' dir='ltr'>coaevis</span> <span class='ocrx_word' id='word_1_192' title='bbox 1208 1289 1399 1338; x_wconf 87' lang='lat' dir='ltr'>episcopis</span> <span class='ocrx_word' id='word_1_193' title='bbox 1430 1288 1528 1337; x_wconf 88' lang='lat' dir='ltr'>ipsis</span> <span class='ocrx_word' id='word_1_194' title='bbox 1559 1289 1775 1332; x_wconf 82' lang='lat' dir='ltr'>tribuatur,</span> <span class='ocrx_word' id='word_1_195' title='bbox 1807 1291 1854 1326; x_wconf 84' lang='lat' dir='ltr'>ut</span> <span class='ocrx_word' id='word_1_196' title='bbox 1885 1301 1928 1326; x_wconf 84' lang='lat' dir='ltr'>ex</span> 
     </span>
     <span class='ocr_line' id='line_1_21' title="bbox 186 1348 1928 1398; baseline -0.002 -6"><span class='ocrx_word' id='word_1_197' title='bbox 186 1353 425 1391; x_wconf 77' lang='lat' dir='ltr'>testimoniis</span> <span class='ocrx_word' id='word_1_198' title='bbox 447 1351 654 1389; x_wconf 86' lang='lat' dir='ltr'>afferendis</span> <span class='ocrx_word' id='word_1_199' title='bbox 687 1350 896 1387; x_wconf 75' lang='lat' dir='ltr'>manifesto</span> <span class='ocrx_word' id='word_1_200' title='bbox 929 1351 1051 1397; x_wconf 86' lang='lat' dir='ltr'>patet.</span> <span class='ocrx_word' id='word_1_201' title='bbox 1094 1348 1233 1386; x_wconf 80' lang='lat' dir='ltr'>Merito</span> <span class='ocrx_word' id='word_1_202' title='bbox 1264 1361 1356 1398; x_wconf 89' lang='lat' dir='ltr'>ergo</span> <span class='ocrx_word' id='word_1_203' title='bbox 1389 1348 1431 1385; x_wconf 88' lang='lat' dir='ltr'>in</span> <span class='ocrx_word' id='word_1_204' title='bbox 1462 1348 1690 1396; x_wconf 78' lang='lat' dir='ltr'>quaestione</span> <span class='ocrx_word' id='word_1_205' title='bbox 1722 1348 1928 1397; x_wconf 85' lang='lat' dir='ltr'>primatus.</span> 
     </span>
     <span class='ocr_line' id='line_1_22' title="bbox 186 1407 1931 1462; baseline -0.003 -12"><span class='ocrx_word' id='word_1_206' title='bbox 186 1413 412 1462; x_wconf 89' lang='lat' dir='ltr'>praesertim</span> <span class='ocrx_word' id='word_1_207' title='bbox 439 1424 527 1449; x_wconf 89' lang='lat' dir='ltr'>cum</span> <span class='ocrx_word' id='word_1_208' title='bbox 550 1410 687 1460; x_wconf 85' lang='lat' dir='ltr'>agitur</span> <span class='ocrx_word' id='word_1_209' title='bbox 709 1409 756 1446; x_wconf 92' lang='lat' dir='ltr'>de</span> <span class='ocrx_word' id='word_1_210' title='bbox 778 1408 953 1458; x_wconf 88' lang='lat' dir='ltr'>ejusdem</span> <span class='ocrx_word' id='word_1_211' title='bbox 976 1408 1258 1457; x_wconf 80' lang='lat' dir='ltr'>praerogativis</span> <span class='ocrx_word' id='word_1_212' title='bbox 1281 1412 1321 1445; x_wconf 91' lang='lat' dir='ltr'>et</span> <span class='ocrx_word' id='word_1_213' title='bbox 1336 1407 1507 1456; x_wconf 85' lang='lat' dir='ltr'>juribus,</span> <span class='ocrx_word' id='word_1_214' title='bbox 1540 1407 1760 1445; x_wconf 86' lang='lat' dir='ltr'>audiuntur</span> <span class='ocrx_word' id='word_1_215' title='bbox 1794 1410 1835 1444; x_wconf 91' lang='lat' dir='ltr'>et</span> <span class='ocrx_word' id='word_1_216' title='bbox 1855 1407 1931 1456; x_wconf 81' lang='lat' dir='ltr'>ipsi</span> 
     </span>
     <span class='ocr_line' id='line_1_23' title="bbox 186 1465 1930 1520; baseline -0.003 -11"><span class='ocrx_word' id='word_1_217' title='bbox 186 1472 338 1509; x_wconf 85' lang='lat' dir='ltr'>romani</span> <span class='ocrx_word' id='word_1_218' title='bbox 359 1470 574 1520; x_wconf 87' lang='lat' dir='ltr'>pontifices.</span> <span class='ocrx_word' id='word_1_219' title='bbox 617 1469 716 1506; x_wconf 86' lang='lat' dir='ltr'>Vere</span> <span class='ocrx_word' id='word_1_220' title='bbox 738 1468 843 1506; x_wconf 90' lang='lat' dir='ltr'>enim</span> <span class='ocrx_word' id='word_1_221' title='bbox 866 1467 980 1505; x_wconf 87' lang='lat' dir='ltr'>docet</span> <span class='ocrx_word' id='word_1_222' title='bbox 1002 1467 1086 1516; x_wconf 89' lang='lat' dir='ltr'>ipse</span> <span class='ocrx_word' id='word_1_223' title='bbox 1110 1468 1332 1504; x_wconf 87' lang='lat' dir='ltr'>Bossuet</span> <span class='ocrx_word' id='word_1_224' title='bbox 1353 1478 1384 1503; x_wconf 90' lang='lat' dir='ltr'>c.</span> <span class='ocrx_word' id='word_1_225' title='bbox 1407 1467 1432 1505; x_wconf 92' lang='lat' dir='ltr'>l.</span> <span class='ocrx_word' id='word_1_226' title='bbox 1456 1479 1486 1504; x_wconf 89' lang='lat' dir='ltr'>c.</span> <span class='ocrx_word' id='word_1_227' title='bbox 1512 1473 1555 1505; x_wconf 84' lang='lat'>6:</span> <span class='ocrx_word' id='word_1_228' title='bbox 1581 1466 1737 1510; x_wconf 67' lang='lat' dir='ltr'>„Audio</span> <span class='ocrx_word' id='word_1_229' title='bbox 1759 1465 1856 1514; x_wconf 88' lang='lat' dir='ltr'>quid</span> <span class='ocrx_word' id='word_1_230' title='bbox 1869 1466 1930 1503; x_wconf 87' lang='lat' dir='ltr'>di-</span> 
     </span>
    </p>
   </div>
   <div class='ocr_carea' id='block_1_3' title="bbox 188 1525 1950 1578">
    <p class='ocr_par' dir='ltr' id='par_1_7' title="bbox 188 1525 1950 1578">
     <span class='ocr_line' id='line_1_24' title="bbox 188 1525 1950 1578; baseline -0.004 -9"><span class='ocrx_word' id='word_1_231' title='bbox 188 1534 296 1569; x_wconf 84' lang='lat' dir='ltr'>cant:</span> <span class='ocrx_word' id='word_1_232' title='bbox 323 1530 503 1568; x_wconf 86' lang='lat' dir='ltr'>Romanis</span> <span class='ocrx_word' id='word_1_233' title='bbox 524 1527 791 1578; x_wconf 89' lang='lat' dir='ltr'>pontificibus,</span> <span class='ocrx_word' id='word_1_234' title='bbox 815 1527 918 1564; x_wconf 84' lang='lat' dir='ltr'>sedis</span> <span class='ocrx_word' id='word_1_235' title='bbox 941 1539 1032 1564; x_wconf 88' lang='lat' dir='ltr'>suae</span> <span class='ocrx_word' id='word_1_236' title='bbox 1055 1526 1287 1576; x_wconf 85' lang='lat' dir='ltr'>dignitatem</span> <span class='ocrx_word' id='word_1_237' title='bbox 1305 1526 1687 1571; x_wconf 80' lang='lat' dir='ltr'>commendantibus,</span> <span class='ocrx_word' id='word_1_238' title='bbox 1709 1526 1751 1562; x_wconf 92' lang='lat' dir='ltr'>in</span> <span class='ocrx_word' id='word_1_239' title='bbox 1773 1525 1950 1574; x_wconf 77' lang='lat' dir='ltr'>propria.</span> 
     </span>
    </p>
   </div>
   <div class='ocr_carea' id='block_1_4' title="bbox 188 1584 1937 2285">
    <p class='ocr_par' dir='ltr' id='par_1_8' title="bbox 188 1584 1937 2285">
     <span class='ocr_line' id='line_1_25' title="bbox 188 1584 1931 1634; baseline -0.003 -6"><span class='ocrx_word' id='word_1_240' title='bbox 188 1590 374 1628; x_wconf 84' lang='lat' dir='ltr'>videlicet</span> <span class='ocrx_word' id='word_1_241' title='bbox 394 1601 510 1627; x_wconf 84' lang='lat' dir='ltr'>causa</span> <span class='ocrx_word' id='word_1_242' title='bbox 531 1600 610 1625; x_wconf 92' lang='lat' dir='ltr'>non</span> <span class='ocrx_word' id='word_1_243' title='bbox 632 1600 713 1625; x_wconf 90' lang='lat' dir='ltr'>esse</span> <span class='ocrx_word' id='word_1_244' title='bbox 747 1586 996 1624; x_wconf 86' lang='lat' dir='ltr'>credendum.</span> <span class='ocrx_word' id='word_1_245' title='bbox 1041 1585 1115 1623; x_wconf 87' lang='lat' dir='ltr'>Sed</span> <span class='ocrx_word' id='word_1_246' title='bbox 1146 1585 1270 1629; x_wconf 89' lang='lat' dir='ltr'>absit;</span> <span class='ocrx_word' id='word_1_247' title='bbox 1302 1585 1388 1633; x_wconf 87' lang='lat' dir='ltr'>pari</span> <span class='ocrx_word' id='word_1_248' title='bbox 1421 1585 1526 1622; x_wconf 90' lang='lat' dir='ltr'>enim</span> <span class='ocrx_word' id='word_1_249' title='bbox 1543 1585 1635 1634; x_wconf 85' lang='lat' dir='ltr'>jure</span> <span class='ocrx_word' id='word_1_250' title='bbox 1667 1584 1849 1628; x_wconf 85' lang='lat' dir='ltr'>dixerint,</span> <span class='ocrx_word' id='word_1_251' title='bbox 1882 1597 1931 1622; x_wconf 91' lang='lat' dir='ltr'>ne</span> 
     </span>
     <span class='ocr_line' id='line_1_26' title="bbox 190 1643 1931 1699; baseline -0.003 -12"><span class='ocrx_word' id='word_1_252' title='bbox 190 1649 380 1699; x_wconf 79' lang='lat' dir='ltr'>episcopis</span> <span class='ocrx_word' id='word_1_253' title='bbox 403 1648 560 1697; x_wconf 85' lang='lat' dir='ltr'>quidem</span> <span class='ocrx_word' id='word_1_254' title='bbox 584 1648 653 1684; x_wconf 88' lang='lat' dir='ltr'>aut</span> <span class='ocrx_word' id='word_1_255' title='bbox 674 1645 918 1696; x_wconf 79' lang='lat' dir='ltr'>presbyteris</span> <span class='ocrx_word' id='word_1_256' title='bbox 940 1657 1022 1682; x_wconf 89' lang='lat' dir='ltr'>esse</span> <span class='ocrx_word' id='word_1_257' title='bbox 1055 1643 1313 1682; x_wconf 60' lang='lat' dir='ltr'>adhibendam</span> <span class='ocrx_word' id='word_1_258' title='bbox 1347 1643 1476 1689; x_wconf 88' lang='lat' dir='ltr'>fidem,</span> <span class='ocrx_word' id='word_1_259' title='bbox 1510 1656 1600 1681; x_wconf 91' lang='lat' dir='ltr'>cum</span> <span class='ocrx_word' id='word_1_260' title='bbox 1630 1644 1838 1682; x_wconf 79' lang='lat' dir='ltr'>sacerdotii</span> <span class='ocrx_word' id='word_1_261' title='bbox 1869 1644 1931 1682; x_wconf 88' lang='lat' dir='ltr'>sui</span> 
     </span>
     <span class='ocr_line' id='line_1_27' title="bbox 190 1702 1930 1757; baseline -0.003 -11"><span class='ocrx_word' id='word_1_262' title='bbox 190 1709 372 1746; x_wconf 88' lang='lat' dir='ltr'>honorem</span> <span class='ocrx_word' id='word_1_263' title='bbox 395 1707 640 1757; x_wconf 80' lang='lat' dir='ltr'>praedicant3</span> <span class='ocrx_word' id='word_1_264' title='bbox 674 1705 779 1754; x_wconf 91' lang='lat' dir='ltr'>quod</span> <span class='ocrx_word' id='word_1_265' title='bbox 801 1709 936 1742; x_wconf 85' lang='lat' dir='ltr'>contra</span> <span class='ocrx_word' id='word_1_266' title='bbox 958 1707 1028 1745; x_wconf 80' lang='lat' dir='ltr'>est,</span> <span class='ocrx_word' id='word_1_267' title='bbox 1072 1704 1170 1741; x_wconf 84' lang='lat' dir='ltr'>Nam</span> <span class='ocrx_word' id='word_1_268' title='bbox 1194 1703 1339 1752; x_wconf 82' lang='lat' dir='ltr'>quibus</span> <span class='ocrx_word' id='word_1_269' title='bbox 1363 1704 1465 1740; x_wconf 88' lang='lat' dir='ltr'>Deus</span> <span class='ocrx_word' id='word_1_270' title='bbox 1497 1703 1588 1751; x_wconf 88' lang='lat' dir='ltr'>sing</span> <span class='ocrx_word' id='word_1_271' title='bbox 1606 1704 1739 1741; x_wconf 69' lang='lat' dir='ltr'>«larem</span> <span class='ocrx_word' id='word_1_272' title='bbox 1774 1702 1930 1740; x_wconf 86' lang='lat' dir='ltr'>honoris</span> 
     </span>
     <span class='ocr_line' id='line_1_28' title="bbox 190 1762 1932 1817; baseline -0.003 -12"><span class='ocrx_word' id='word_1_273' title='bbox 190 1767 474 1817; x_wconf 85' lang='lat' dir='ltr'>dignitatisque</span> <span class='ocrx_word' id='word_1_274' title='bbox 495 1765 806 1815; x_wconf 84' lang='lat' dir='ltr'>praerogativam</span> <span class='ocrx_word' id='word_1_275' title='bbox 827 1763 1008 1809; x_wconf 89' lang='lat' dir='ltr'>contulit,</span> <span class='ocrx_word' id='word_1_276' title='bbox 1040 1763 1177 1800; x_wconf 84' lang='lat' dir='ltr'>iisdem</span> <span class='ocrx_word' id='word_1_277' title='bbox 1210 1762 1378 1811; x_wconf 84' lang='lat' dir='ltr'>inspirat</span> <span class='ocrx_word' id='word_1_278' title='bbox 1401 1774 1538 1800; x_wconf 86' lang='lat' dir='ltr'>verum</span> <span class='ocrx_word' id='word_1_279' title='bbox 1569 1763 1616 1800; x_wconf 91' lang='lat' dir='ltr'>de</span> <span class='ocrx_word' id='word_1_280' title='bbox 1639 1774 1710 1800; x_wconf 87' lang='lat' dir='ltr'>sua</span> <span class='ocrx_word' id='word_1_281' title='bbox 1738 1765 1932 1811; x_wconf 84' lang='lat' dir='ltr'>potestate</span> 
     </span>
     <span class='ocr_line' id='line_1_29' title="bbox 190 1821 1932 1870; baseline -0.003 -6"><span class='ocrx_word' id='word_1_282' title='bbox 190 1839 366 1870; x_wconf 85' lang='lat' dir='ltr'>sensum;</span> <span class='ocrx_word' id='word_1_283' title='bbox 401 1831 449 1863; x_wconf 87' lang='lat' dir='ltr'>ut</span> <span class='ocrx_word' id='word_1_284' title='bbox 470 1838 514 1862; x_wconf 89' lang='lat' dir='ltr'>ea</span> <span class='ocrx_word' id='word_1_285' title='bbox 536 1825 578 1862; x_wconf 90' lang='lat' dir='ltr'>in</span> <span class='ocrx_word' id='word_1_286' title='bbox 602 1824 777 1867; x_wconf 89' lang='lat' dir='ltr'>Domino,</span> <span class='ocrx_word' id='word_1_287' title='bbox 814 1835 904 1860; x_wconf 90' lang='lat' dir='ltr'>cum</span> <span class='ocrx_word' id='word_1_288' title='bbox 924 1835 986 1860; x_wconf 86' lang='lat' dir='ltr'>res</span> <span class='ocrx_word' id='word_1_289' title='bbox 1008 1821 1240 1870; x_wconf 73' lang='lat' dir='ltr'>poposcerit,</span> <span class='ocrx_word' id='word_1_290' title='bbox 1266 1821 1390 1859; x_wconf 89' lang='lat' dir='ltr'>libere</span> <span class='ocrx_word' id='word_1_291' title='bbox 1412 1824 1452 1859; x_wconf 89' lang='lat' dir='ltr'>et</span> <span class='ocrx_word' id='word_1_292' title='bbox 1483 1821 1724 1859; x_wconf 88' lang='lat' dir='ltr'>confidenter</span> <span class='ocrx_word' id='word_1_293' title='bbox 1755 1824 1932 1866; x_wconf 74' lang='lat' dir='ltr'>utantur,</span> 
     </span>
     <span class='ocr_line' id='line_1_30' title="bbox 190 1881 1935 1935; baseline -0.003 -12"><span class='ocrx_word' id='word_1_294' title='bbox 190 1886 336 1935; x_wconf 85' lang='lat' dir='ltr'>fiatque</span> <span class='ocrx_word' id='word_1_295' title='bbox 358 1885 458 1922; x_wconf 87' lang='lat' dir='ltr'>illud</span> <span class='ocrx_word' id='word_1_296' title='bbox 481 1884 587 1933; x_wconf 93' lang='lat' dir='ltr'>quod</span> <span class='ocrx_word' id='word_1_297' title='bbox 610 1883 666 1920; x_wconf 86' lang='lat' dir='ltr'>ait</span> <span class='ocrx_word' id='word_1_298' title='bbox 686 1883 852 1920; x_wconf 85' lang='lat' dir='ltr'>Paulus:</span> <span class='ocrx_word' id='word_1_299' title='bbox 876 1883 1105 1930; x_wconf 66' lang='lat' dir='ltr'>Accepimus</span> <span class='ocrx_word' id='word_1_300' title='bbox 1127 1881 1328 1929; x_wconf 66' lang='lat' dir='ltr'>Spiritum,</span> <span class='ocrx_word' id='word_1_301' title='bbox 1353 1882 1418 1930; x_wconf 72' lang='lat' dir='ltr'>qui</span> <span class='ocrx_word' id='word_1_302' title='bbox 1439 1893 1485 1918; x_wconf 72' lang='lat' dir='ltr'>ex</span> <span class='ocrx_word' id='word_1_303' title='bbox 1509 1881 1587 1918; x_wconf 87' lang='lat' dir='ltr'>Deo</span> <span class='ocrx_word' id='word_1_304' title='bbox 1609 1887 1673 1924; x_wconf 73' lang='lat' dir='ltr'>est,</span> <span class='ocrx_word' id='word_1_305' title='bbox 1701 1885 1743 1918; x_wconf 79' lang='lat' dir='ltr'>ut</span> <span class='ocrx_word' id='word_1_306' title='bbox 1764 1881 1935 1918; x_wconf 81' lang='lat' dir='ltr'>sciamus</span> 
     </span>
     <span class='ocr_line' id='line_1_31' title="bbox 191 1939 1935 1994; baseline -0.003 -12"><span class='ocrx_word' id='word_1_307' title='bbox 191 1958 286 1994; x_wconf 79' lang='lat' dir='ltr'>quae</span> <span class='ocrx_word' id='word_1_308' title='bbox 307 1958 331 1982; x_wconf 88' lang='lat' dir='ltr'>a</span> <span class='ocrx_word' id='word_1_309' title='bbox 354 1945 435 1982; x_wconf 82' lang='lat' dir='ltr'>Deo</span> <span class='ocrx_word' id='word_1_310' title='bbox 457 1945 599 1981; x_wconf 81' lang='lat' dir='ltr'>donata</span> <span class='ocrx_word' id='word_1_311' title='bbox 620 1947 708 1980; x_wconf 76' lang='lat' dir='ltr'>sunt</span> <span class='ocrx_word' id='word_1_312' title='bbox 730 1942 837 1979; x_wconf 70' lang='lat' dir='ltr'>nobis</span> <span class='ocrx_word' id='word_1_313' title='bbox 859 1939 914 1992; x_wconf 90' lang='lat' dir='ltr'>(l.</span> <span class='ocrx_word' id='word_1_314' title='bbox 938 1941 1020 1978; x_wconf 88' lang='lat' dir='ltr'>Cor.</span> <span class='ocrx_word' id='word_1_315' title='bbox 1047 1947 1081 1983; x_wconf 79' lang='lat'>2,</span> <span class='ocrx_word' id='word_1_316' title='bbox 1112 1941 1192 1987; x_wconf 81' lang='lat'>12).</span> <span class='ocrx_word' id='word_1_317' title='bbox 1235 1940 1346 1984; x_wconf 82' lang='lat' dir='ltr'>Quod</span> <span class='ocrx_word' id='word_1_318' title='bbox 1385 1940 1545 1988; x_wconf 79' lang='lat' dir='ltr'>quidem</span> <span class='ocrx_word' id='word_1_319' title='bbox 1567 1940 1687 1977; x_wconf 87' lang='lat' dir='ltr'>semel</span> <span class='ocrx_word' id='word_1_320' title='bbox 1713 1940 1776 1977; x_wconf 91' lang='lat' dir='ltr'>hic</span> <span class='ocrx_word' id='word_1_321' title='bbox 1809 1939 1935 1977; x_wconf 89' lang='lat' dir='ltr'>dicere</span> 
     </span>
     <span class='ocr_line' id='line_1_32' title="bbox 191 1998 1933 2053; baseline -0.003 -12"><span class='ocrx_word' id='word_1_322' title='bbox 191 2004 352 2053; x_wconf 81' lang='lat' dir='ltr'>placuit,</span> <span class='ocrx_word' id='word_1_323' title='bbox 384 2006 431 2041; x_wconf 90' lang='lat' dir='ltr'>ut</span> <span class='ocrx_word' id='word_1_324' title='bbox 458 2002 706 2040; x_wconf 85' lang='lat' dir='ltr'>temerariam</span> <span class='ocrx_word' id='word_1_325' title='bbox 737 2013 779 2038; x_wconf 89' lang='lat' dir='ltr'>ac</span> <span class='ocrx_word' id='word_1_326' title='bbox 809 2000 1018 2049; x_wconf 86' lang='lat' dir='ltr'>pessimam</span> <span class='ocrx_word' id='word_1_327' title='bbox 1049 1999 1340 2048; x_wconf 86' lang='lat' dir='ltr'>responsionem</span> <span class='ocrx_word' id='word_1_328' title='bbox 1373 2000 1636 2036; x_wconf 88' lang='lat' dir='ltr'>confutarem:</span> <span class='ocrx_word' id='word_1_329' title='bbox 1668 1998 1933 2048; x_wconf 82' lang='lat' dir='ltr'>profiteorque</span> 
     </span>
     <span class='ocr_line' id='line_1_33' title="bbox 191 2050 1937 2110; baseline -0.003 -10"><span class='ocrx_word' id='word_1_330' title='bbox 191 2076 253 2101; x_wconf 91' lang='lat' dir='ltr'>me</span> <span class='ocrx_word' id='word_1_331' title='bbox 275 2063 322 2100; x_wconf 91' lang='lat' dir='ltr'>de</span> <span class='ocrx_word' id='word_1_332' title='bbox 345 2062 447 2100; x_wconf 86' lang='lat' dir='ltr'>sedis</span> <span class='ocrx_word' id='word_1_333' title='bbox 468 2061 706 2110; x_wconf 84' lang='lat' dir='ltr'>apostolicae</span> <span class='ocrx_word' id='word_1_334' title='bbox 728 2060 931 2108; x_wconf 83' lang='lat' dir='ltr'>majesta-te</span> <span class='ocrx_word' id='word_1_335' title='bbox 962 2071 1212 2096; x_wconf 86' lang='lat' dir='ltr'>romanorum</span> <span class='ocrx_word' id='word_1_336' title='bbox 1245 2058 1476 2107; x_wconf 84' lang='lat' dir='ltr'>pontificum</span> <span class='ocrx_word' id='word_1_337' title='bbox 1509 2050 1710 2096; x_wconf 77' lang='lat' dir='ltr'>doetr‘inae</span> <span class='ocrx_word' id='word_1_338' title='bbox 1741 2061 1782 2095; x_wconf 86' lang='lat' dir='ltr'>et</span> <span class='ocrx_word' id='word_1_339' title='bbox 1813 2058 1937 2095; x_wconf 81' lang='lat' dir='ltr'>tradi-</span> 
     </span>
     <span class='ocr_line' id='line_1_34' title="bbox 192 2117 1936 2168; baseline -0.003 -9"><span class='ocrx_word' id='word_1_340' title='bbox 192 2122 288 2160; x_wconf 86' lang='lat' dir='ltr'>tioni</span> <span class='ocrx_word' id='word_1_341' title='bbox 312 2122 573 2159; x_wconf 75' lang='lat' dir='ltr'>crediturum:</span> <span class='ocrx_word' id='word_1_342' title='bbox 607 2132 844 2168; x_wconf 87' lang='lat' dir='ltr'>quamquam</span> <span class='ocrx_word' id='word_1_343' title='bbox 866 2131 1002 2156; x_wconf 89' lang='lat' dir='ltr'>eorum</span> <span class='ocrx_word' id='word_1_344' title='bbox 1025 2117 1156 2155; x_wconf 82' lang='lat' dir='ltr'>sedem</span> <span class='ocrx_word' id='word_1_345' title='bbox 1179 2130 1258 2155; x_wconf 90' lang='lat' dir='ltr'>non</span> <span class='ocrx_word' id='word_1_346' title='bbox 1291 2117 1366 2166; x_wconf 86' lang='lat' dir='ltr'>ipsi</span> <span class='ocrx_word' id='word_1_347' title='bbox 1397 2117 1533 2167; x_wconf 82' lang='lat' dir='ltr'>magis,</span> <span class='ocrx_word' id='word_1_348' title='bbox 1565 2129 1685 2165; x_wconf 81' lang='lat' dir='ltr'>quain</span> <span class='ocrx_word' id='word_1_349' title='bbox 1716 2117 1862 2164; x_wconf 81' lang='lat' dir='ltr'>reliqui</span> <span class='ocrx_word' id='word_1_350' title='bbox 1894 2129 1936 2154; x_wconf 88' lang='lat' dir='ltr'>ac</span> 
     </span>
     <span class='ocr_line' id='line_1_35' title="bbox 191 2175 1932 2227; baseline -0.004 -8"><span class='ocrx_word' id='word_1_351' title='bbox 191 2184 276 2218; x_wconf 87' lang='lat' dir='ltr'>tota</span> <span class='ocrx_word' id='word_1_352' title='bbox 307 2181 487 2225; x_wconf 72' lang='lat' dir='ltr'>Ecclesia,</span> <span class='ocrx_word' id='word_1_353' title='bbox 523 2184 641 2227; x_wconf 87' lang='lat' dir='ltr'>atque</span> <span class='ocrx_word' id='word_1_354' title='bbox 675 2177 883 2215; x_wconf 88' lang='lat' dir='ltr'>orientales</span> <span class='ocrx_word' id='word_1_355' title='bbox 916 2177 1021 2214; x_wconf 90' lang='lat' dir='ltr'>haud</span> <span class='ocrx_word' id='word_1_356' title='bbox 1055 2177 1186 2214; x_wconf 89' lang='lat' dir='ltr'>minus</span> <span class='ocrx_word' id='word_1_357' title='bbox 1220 2189 1338 2225; x_wconf 88' lang='lat' dir='ltr'>quam</span> <span class='ocrx_word' id='word_1_358' title='bbox 1368 2176 1629 2214; x_wconf 83' lang='lat' dir='ltr'>occidentales</span> <span class='ocrx_word' id='word_1_359' title='bbox 1662 2175 1932 2225; x_wconf 64' lang='lat' dir='ltr'>praedicant-‘¹</span> 
     </span>
     <span class='ocr_line' id='line_1_36' title="bbox 194 2236 1306 2285; baseline -0.005 -7"><span class='ocrx_word' id='word_1_360' title='bbox 194 2240 246 2277; x_wconf 87' lang='lat' dir='ltr'>Cf.</span> <span class='ocrx_word' id='word_1_361' title='bbox 269 2241 558 2278; x_wconf 85' lang='lat' dir='ltr'>Rothensee</span> <span class='ocrx_word' id='word_1_362' title='bbox 580 2238 657 2276; x_wconf 89' lang='lat' dir='ltr'>Der</span> <span class='ocrx_word' id='word_1_363' title='bbox 679 2237 829 2274; x_wconf 89' lang='lat' dir='ltr'>Primat</span> <span class='ocrx_word' id='word_1_364' title='bbox 849 2237 918 2274; x_wconf 88' lang='lat' dir='ltr'>des</span> <span class='ocrx_word' id='word_1_365' title='bbox 942 2237 1102 2285; x_wconf 88' lang='lat' dir='ltr'>Papstes</span> <span class='ocrx_word' id='word_1_366' title='bbox 1124 2236 1155 2281; x_wconf 93' lang='lat' dir='ltr'>I,</span> <span class='ocrx_word' id='word_1_367' title='bbox 1186 2242 1234 2275; x_wconf 89' lang='lat'>14</span> <span class='ocrx_word' id='word_1_368' title='bbox 1259 2247 1306 2273; x_wconf 91' lang='lat' dir='ltr'>ss.</span> 
     </span>
    </p>
   </div>
   <div class='ocr_carea' id='block_1_5' title="bbox 198 2316 1936 2444">
    <p class='ocr_par' dir='ltr' id='par_1_9' title="bbox 198 2316 1936 2444">
     <span class='ocr_line' id='line_1_37' title="bbox 313 2316 1935 2371; baseline -0.005 -8"><span class='ocrx_word' id='word_1_369' title='bbox 313 2322 412 2364; x_wconf 78' lang='lat'><strong>372.</strong></span> <span class='ocrx_word' id='word_1_370' title='bbox 435 2319 619 2360; x_wconf 84' lang='lat' dir='ltr'>Romani</span> <span class='ocrx_word' id='word_1_371' title='bbox 650 2317 838 2371; x_wconf 88' lang='lat' dir='ltr'>episcopi</span> <span class='ocrx_word' id='word_1_372' title='bbox 868 2318 1096 2370; x_wconf 82' lang='lat' dir='ltr'>primatum</span> <span class='ocrx_word' id='word_1_373' title='bbox 1120 2320 1331 2358; x_wconf 82' lang='lat' dir='ltr'>testantur</span> <span class='ocrx_word' id='word_1_374' title='bbox 1366 2318 1406 2360; x_wconf 91' lang='lat'>1.</span> <span class='ocrx_word' id='word_1_375' title='bbox 1438 2320 1502 2357; x_wconf 84' lang='lat' dir='ltr'>tot</span> <span class='ocrx_word' id='word_1_376' title='bbox 1532 2316 1852 2357; x_wconf 76' lang='lat' dir='ltr'>consultationes</span> <span class='ocrx_word' id='word_1_377' title='bbox 1884 2327 1935 2356; x_wconf 81' lang='lat' dir='ltr'>ex</span> 
     </span>
     <span class='ocr_line' id='line_1_38' title="bbox 198 2386 1936 2444; baseline -0.003 -13"><span class='ocrx_word' id='word_1_378' title='bbox 198 2390 346 2443; x_wconf 85' lang='lat' dir='ltr'>quavis</span> <span class='ocrx_word' id='word_1_379' title='bbox 368 2389 484 2431; x_wconf 89' lang='lat' dir='ltr'>orbis</span> <span class='ocrx_word' id='word_1_380' title='bbox 507 2391 631 2443; x_wconf 83' lang='lat' dir='ltr'>plaga</span> <span class='ocrx_word' id='word_1_381' title='bbox 654 2390 710 2431; x_wconf 83' lang='lat' dir='ltr'>ad</span> <span class='ocrx_word' id='word_1_382' title='bbox 730 2390 860 2430; x_wconf 82' lang='lat' dir='ltr'>sedem</span> <span class='ocrx_word' id='word_1_383' title='bbox 881 2389 1149 2444; x_wconf 76' lang='lat' dir='ltr'>apostolicam</span> <span class='ocrx_word' id='word_1_384' title='bbox 1173 2389 1335 2439; x_wconf 77' lang='lat' dir='ltr'>missae,</span> <span class='ocrx_word' id='word_1_385' title='bbox 1356 2392 1403 2428; x_wconf 88' lang='lat' dir='ltr'>ut</span> <span class='ocrx_word' id='word_1_386' title='bbox 1425 2392 1541 2440; x_wconf 88' lang='lat' dir='ltr'>patet</span> <span class='ocrx_word' id='word_1_387' title='bbox 1562 2398 1613 2428; x_wconf 88' lang='lat' dir='ltr'>ex</span> <span class='ocrx_word' id='word_1_388' title='bbox 1637 2386 1829 2439; x_wconf 87' lang='lat' dir='ltr'>plurimis</span> <span class='ocrx_word' id='word_1_389' title='bbox 1852 2386 1936 2439; x_wconf 89' lang='lat' dir='ltr'>epi-</span> 
     </span>
    </p>
   </div>
   <div class='ocr_carea' id='block_1_6' title="bbox 197 2457 1992 2515">
    <p class='ocr_par' dir='ltr' id='par_1_10' title="bbox 197 2457 1992 2515">
     <span class='ocr_line' id='line_1_39' title="bbox 197 2457 1992 2515; baseline -0.003 -13"><span class='ocrx_word' id='word_1_390' title='bbox 197 2461 326 2507; x_wconf 86' lang='lat' dir='ltr'>stolis,</span> <span class='ocrx_word' id='word_1_391' title='bbox 350 2473 458 2513; x_wconf 88' lang='lat' dir='ltr'>quae</span> <span class='ocrx_word' id='word_1_392' title='bbox 473 2462 615 2502; x_wconf 86' lang='lat' dir='ltr'>adhuc</span> <span class='ocrx_word' id='word_1_393' title='bbox 629 2464 857 2513; x_wconf 85' lang='lat' dir='ltr'>supersunt</span> <span class='ocrx_word' id='word_1_394' title='bbox 875 2461 919 2515; x_wconf 87' lang='lat'>1),</span> <span class='ocrx_word' id='word_1_395' title='bbox 941 2459 1093 2512; x_wconf 87' lang='lat' dir='ltr'>quibus</span> <span class='ocrx_word' id='word_1_396' title='bbox 1109 2458 1352 2512; x_wconf 87' lang='lat' dir='ltr'>speciminis</span> <span class='ocrx_word' id='word_1_397' title='bbox 1367 2458 1503 2509; x_wconf 85' lang='lat' dir='ltr'>gratia</span> <span class='ocrx_word' id='word_1_398' title='bbox 1525 2457 1635 2499; x_wconf 89' lang='lat' dir='ltr'>adde</span> <span class='ocrx_word' id='word_1_399' title='bbox 1657 2457 1937 2498; x_wconf 87' lang='lat' dir='ltr'>consultatio·</span> <span class='ocrx_word' id='word_1_400' title='bbox 1990 2475 1992 2478; x_wconf 54' lang='lat'>&gt;</span> 
     </span>
    </p>
   </div>
   <div class='ocr_carea' id='block_1_7' title="bbox 198 2527 1938 2868">
    <p class='ocr_par' dir='ltr' id='par_1_11' title="bbox 198 2527 1938 2868">
     <span class='ocr_line' id='line_1_40' title="bbox 198 2527 1937 2588; baseline -0.002 -16"><span class='ocrx_word' id='word_1_401' title='bbox 198 2543 296 2573; x_wconf 86' lang='lat' dir='ltr'>nem</span> <span class='ocrx_word' id='word_1_402' title='bbox 328 2531 580 2586; x_wconf 73' lang='lat' dir='ltr'>Dionysii</span> <span class='ocrx_word' id='word_1_403' title='bbox 612 2532 718 2574; x_wconf 86' lang='lat' dir='ltr'>alex.</span> <span class='ocrx_word' id='word_1_404' title='bbox 751 2531 882 2588; x_wconf 90' lang='lat' dir='ltr'>(apud</span> <span class='ocrx_word' id='word_1_405' title='bbox 913 2530 1140 2572; x_wconf 88' lang='lat' dir='ltr'>Eusebium</span> <span class='ocrx_word' id='word_1_406' title='bbox 1172 2529 1219 2573; x_wconf 88' lang='lat' dir='ltr'>H.</span> <span class='ocrx_word' id='word_1_407' title='bbox 1241 2528 1391 2578; x_wconf 90' lang='lat' dir='ltr'>E.V11,</span> <span class='ocrx_word' id='word_1_408' title='bbox 1424 2529 1482 2586; x_wconf 79' lang='lat'>9),</span> <span class='ocrx_word' id='word_1_409' title='bbox 1513 2541 1598 2582; x_wconf 84' lang='lat' dir='ltr'>qua</span> <span class='ocrx_word' id='word_1_410' title='bbox 1630 2528 1682 2570; x_wconf 86' lang='lat' dir='ltr'>de</span> <span class='ocrx_word' id='word_1_411' title='bbox 1714 2527 1937 2581; x_wconf 88' lang='lat' dir='ltr'>cujusdam</span> 
     </span>
     <span class='ocr_line' id='line_1_41' title="bbox 198 2598 1938 2659; baseline -0.002 -16"><span class='ocrx_word' id='word_1_412' title='bbox 198 2602 411 2655; x_wconf 88' lang='lat' dir='ltr'>baptismo</span> <span class='ocrx_word' id='word_1_413' title='bbox 433 2603 615 2656; x_wconf 79' lang='lat' dir='ltr'>Xystum</span> <span class='ocrx_word' id='word_1_414' title='bbox 637 2603 681 2644; x_wconf 93' lang='lat' dir='ltr'>II.</span> <span class='ocrx_word' id='word_1_415' title='bbox 714 2603 757 2659; x_wconf 81' lang='lat'>(†</span> <span class='ocrx_word' id='word_1_416' title='bbox 783 2604 888 2657; x_wconf 74' lang='grc'>258)</span> <span class='ocrx_word' id='word_1_417' title='bbox 919 2602 1112 2650; x_wconf 85' lang='lat' dir='ltr'>consulit,</span> <span class='ocrx_word' id='word_1_418' title='bbox 1144 2601 1354 2642; x_wconf 86' lang='lat' dir='ltr'>scribens:</span> <span class='ocrx_word' id='word_1_419' title='bbox 1393 2599 1612 2651; x_wconf 83' lang='lat' dir='ltr'>„Profecto</span> <span class='ocrx_word' id='word_1_420' title='bbox 1645 2611 1753 2651; x_wconf 88' lang='lat' dir='ltr'>opus</span> <span class='ocrx_word' id='word_1_421' title='bbox 1784 2598 1938 2648; x_wconf 90' lang='lat' dir='ltr'>habeo,</span> 
     </span>
     <span class='ocr_line' id='line_1_42' title="bbox 198 2669 1936 2724; baseline -0.003 -10"><span class='ocrx_word' id='word_1_422' title='bbox 198 2672 340 2722; x_wconf 82' lang='lat' dir='ltr'>frater,</span> <span class='ocrx_word' id='word_1_423' title='bbox 370 2674 548 2714; x_wconf 87' lang='lat' dir='ltr'>consilio</span> <span class='ocrx_word' id='word_1_424' title='bbox 570 2678 644 2715; x_wconf 87' lang='lat' dir='ltr'>tuo</span> <span class='ocrx_word' id='word_1_425' title='bbox 668 2678 710 2714; x_wconf 89' lang='lat' dir='ltr'>et</span> <span class='ocrx_word' id='word_1_426' title='bbox 731 2673 986 2714; x_wconf 87' lang='lat' dir='ltr'>sententiam</span> <span class='ocrx_word' id='word_1_427' title='bbox 1009 2678 1127 2713; x_wconf 86' lang='lat' dir='ltr'>tuam</span> <span class='ocrx_word' id='word_1_428' title='bbox 1150 2677 1315 2724; x_wconf 82' lang='lat' dir='ltr'>expeto,</span> <span class='ocrx_word' id='word_1_429' title='bbox 1347 2683 1401 2712; x_wconf 86' lang='lat' dir='ltr'>ne</span> <span class='ocrx_word' id='word_1_430' title='bbox 1431 2670 1539 2712; x_wconf 88' lang='lat' dir='ltr'>forte</span> <span class='ocrx_word' id='word_1_431' title='bbox 1570 2670 1660 2723; x_wconf 82' lang='lat' dir='ltr'>ipse</span> <span class='ocrx_word' id='word_1_432' title='bbox 1692 2669 1936 2718; x_wconf 85' lang='lat' dir='ltr'>halluciner,</span> 
     </span>
     <span class='ocr_line' id='line_1_43' title="bbox 201 2740 1937 2797; baseline -0.003 -12"><span class='ocrx_word' id='word_1_433' title='bbox 201 2744 276 2785; x_wconf 88' lang='lat' dir='ltr'>tali</span> <span class='ocrx_word' id='word_1_434' title='bbox 297 2744 350 2785; x_wconf 86' lang='lat' dir='ltr'>ad</span> <span class='ocrx_word' id='word_1_435' title='bbox 373 2756 442 2785; x_wconf 90' lang='lat' dir='ltr'>me</span> <span class='ocrx_word' id='word_1_436' title='bbox 464 2745 635 2796; x_wconf 85' lang='lat' dir='ltr'>negotio</span> <span class='ocrx_word' id='word_1_437' title='bbox 659 2744 835 2792; x_wconf 86' lang='lat' dir='ltr'>delato,“</span> <span class='ocrx_word' id='word_1_438' title='bbox 865 2744 978 2797; x_wconf 88' lang='lat' dir='ltr'>quod</span> <span class='ocrx_word' id='word_1_439' title='bbox 1002 2743 1100 2784; x_wconf 92' lang='lat' dir='ltr'>dein</span> <span class='ocrx_word' id='word_1_440' title='bbox 1122 2743 1306 2795; x_wconf 71' lang='lat' dir='ltr'>exponit.</span> <span class='ocrx_word' id='word_1_441' title='bbox 1332 2742 1563 2783; x_wconf 88' lang='lat' dir='ltr'>Luculenta</span> <span class='ocrx_word' id='word_1_442' title='bbox 1585 2753 1686 2782; x_wconf 88' lang='lat' dir='ltr'>vero</span> <span class='ocrx_word' id='word_1_443' title='bbox 1709 2746 1808 2781; x_wconf 88' lang='lat' dir='ltr'>sunt</span> <span class='ocrx_word' id='word_1_444' title='bbox 1830 2740 1937 2781; x_wconf 88' lang='lat' dir='ltr'>haec</span> 
     </span>
     <span class='ocr_line' id='line_1_44' title="bbox 199 2811 1936 2868; baseline -0.002 -13"><span class='ocrx_word' id='word_1_445' title='bbox 199 2814 235 2855; x_wconf 95' lang='lat' dir='ltr'>H</span> <span class='ocrx_word' id='word_1_446' title='bbox 245 2815 258 2855; x_wconf 92' lang='lat' dir='ltr'>i</span> <span class='ocrx_word' id='word_1_447' title='bbox 270 2826 293 2856; x_wconf 91' lang='lat' dir='ltr'>e</span> <span class='ocrx_word' id='word_1_448' title='bbox 304 2827 325 2855; x_wconf 88' lang='lat' dir='ltr'>r</span> <span class='ocrx_word' id='word_1_449' title='bbox 337 2827 362 2856; x_wconf 94' lang='lat' dir='ltr'>o</span> <span class='ocrx_word' id='word_1_450' title='bbox 375 2827 403 2855; x_wconf 91' lang='lat' dir='ltr'>n</span> <span class='ocrx_word' id='word_1_451' title='bbox 414 2827 441 2868; x_wconf 81' lang='lat' dir='ltr'>y</span> <span class='ocrx_word' id='word_1_452' title='bbox 452 2815 521 2854; x_wconf 92' lang='lat' dir='ltr'>mi</span> <span class='ocrx_word' id='word_1_453' title='bbox 542 2826 605 2867; x_wconf 90' lang='lat' dir='ltr'>ep.</span> <span class='ocrx_word' id='word_1_454' title='bbox 623 2818 706 2859; x_wconf 77' lang='lat'>123</span> <span class='ocrx_word' id='word_1_455' title='bbox 721 2827 760 2855; x_wconf 94' lang='lat' dir='ltr'>n.</span> <span class='ocrx_word' id='word_1_456' title='bbox 780 2818 832 2859; x_wconf 87' lang='lat'>10</span> <span class='ocrx_word' id='word_1_457' title='bbox 846 2814 898 2855; x_wconf 89' lang='lat' dir='ltr'>de</span> <span class='ocrx_word' id='word_1_458' title='bbox 919 2826 965 2856; x_wconf 88' lang='lat' dir='ltr'>se</span> <span class='ocrx_word' id='word_1_459' title='bbox 987 2813 1228 2856; x_wconf 86' lang='lat' dir='ltr'>referentis:</span> <span class='ocrx_word' id='word_1_460' title='bbox 1258 2812 1388 2864; x_wconf 80' lang='lat' dir='ltr'>„Cum</span> <span class='ocrx_word' id='word_1_461' title='bbox 1408 2814 1452 2854; x_wconf 92' lang='lat' dir='ltr'>in</span> <span class='ocrx_word' id='word_1_462' title='bbox 1466 2813 1625 2854; x_wconf 87' lang='lat' dir='ltr'>chartis</span> <span class='ocrx_word' id='word_1_463' title='bbox 1639 2811 1936 2853; x_wconf 85' lang='lat' dir='ltr'>ecclesiasticis</span> 
     </span>
    </p>
   </div>
   <div class='ocr_carea' id='block_1_8' title="bbox 197 2963 1939 3116">
    <p class='ocr_par' dir='ltr' id='par_1_12' title="bbox 197 2963 1939 3116">
     <span class='ocr_line' id='line_1_45' title="bbox 344 2963 1938 3011; baseline -0.001 -12"><span class='ocrx_word' id='word_1_464' title='bbox 344 2969 367 3008; x_wconf 85' lang='lat'>¹)</span> <span class='ocrx_word' id='word_1_465' title='bbox 386 2965 677 3001; x_wconf 80' lang='lat' dir='ltr'>praestantiores</span> <span class='ocrx_word' id='word_1_466' title='bbox 699 2966 883 3000; x_wconf 87' lang='lat' dir='ltr'>edidimus</span> <span class='ocrx_word' id='word_1_467' title='bbox 901 2977 1024 3011; x_wconf 85' lang='lat' dir='ltr'>opusc.</span> <span class='ocrx_word' id='word_1_468' title='bbox 1043 2966 1105 3000; x_wconf 68' lang='lat' dir='ltr'>XV</span> <span class='ocrx_word' id='word_1_469' title='bbox 1116 2966 1156 3001; x_wconf 88' lang='grc' dir='ltr'>[Ι.</span> <span class='ocrx_word' id='word_1_470' title='bbox 1175 2965 1309 3000; x_wconf 87' lang='lat' dir='ltr'><strong>XVIII.</strong></span> <span class='ocrx_word' id='word_1_471' title='bbox 1327 2965 1437 2999; x_wconf 85' lang='lat' dir='ltr'>XXV.</span> <span class='ocrx_word' id='word_1_472' title='bbox 1456 2964 1586 2999; x_wconf 85' lang='lat' dir='ltr'>XXVI.</span> <span class='ocrx_word' id='word_1_473' title='bbox 1604 2964 1655 2999; x_wconf 84' lang='lat' dir='ltr'>Cf.</span> <span class='ocrx_word' id='word_1_474' title='bbox 1675 2965 1714 2998; x_wconf 89' lang='lat' dir='ltr'>in</span> <span class='ocrx_word' id='word_1_475' title='bbox 1730 2963 1860 3008; x_wconf 85' lang='lat' dir='ltr'>primis</span> <span class='ocrx_word' id='word_1_476' title='bbox 1877 2963 1938 2997; x_wconf 86' lang='lat' dir='ltr'>Si—</span> 
     </span>
     <span class='ocr_line' id='line_1_46' title="bbox 197 3016 1939 3064; baseline -0.002 -11"><span class='ocrx_word' id='word_1_477' title='bbox 197 3018 315 3053; x_wconf 88' lang='lat' dir='ltr'>ricii</span> <span class='ocrx_word' id='word_1_478' title='bbox 332 3030 388 3064; x_wconf 91' lang='lat' dir='ltr'>ep.</span> <span class='ocrx_word' id='word_1_479' title='bbox 409 3022 426 3053; x_wconf 97' lang='grc'><strong>1</strong></span> <span class='ocrx_word' id='word_1_480' title='bbox 447 3020 494 3053; x_wconf 89' lang='lat' dir='ltr'>ad</span> <span class='ocrx_word' id='word_1_481' title='bbox 515 3019 715 3053; x_wconf 83' lang='lat' dir='ltr'>Himerium</span> <span class='ocrx_word' id='word_1_482' title='bbox 736 3031 772 3054; x_wconf 87' lang='lat' dir='ltr'>n.</span> <span class='ocrx_word' id='word_1_483' title='bbox 793 3023 823 3054; x_wconf 91' lang='lat'>1.</span> <span class='ocrx_word' id='word_1_484' title='bbox 843 3021 883 3055; x_wconf 87' lang='lat'>6:</span> <span class='ocrx_word' id='word_1_485' title='bbox 903 3030 958 3064; x_wconf 70' lang='lat' dir='ltr'>ep,</span> <span class='ocrx_word' id='word_1_486' title='bbox 980 3024 1022 3053; x_wconf 75' lang='grc'>10</span> <span class='ocrx_word' id='word_1_487' title='bbox 1042 3032 1076 3056; x_wconf 86' lang='lat' dir='ltr'>n.</span> <span class='ocrx_word' id='word_1_488' title='bbox 1097 3021 1137 3058; x_wconf 77' lang='lat'>23</span> <span class='ocrx_word' id='word_1_489' title='bbox 1165 3017 1451 3053; x_wconf 86' lang='lat' dir='ltr'>Innocentii</span> <span class='ocrx_word' id='word_1_490' title='bbox 1479 3017 1506 3051; x_wconf 89' lang='lat' dir='ltr'>l.</span> <span class='ocrx_word' id='word_1_491' title='bbox 1527 3029 1584 3063; x_wconf 85' lang='lat' dir='ltr'>ep.</span> <span class='ocrx_word' id='word_1_492' title='bbox 1604 3021 1624 3051; x_wconf 78' lang='lat'>2</span> <span class='ocrx_word' id='word_1_493' title='bbox 1655 3017 1702 3051; x_wconf 86' lang='lat' dir='ltr'>ad</span> <span class='ocrx_word' id='word_1_494' title='bbox 1722 3016 1939 3051; x_wconf 85' lang='lat' dir='ltr'>Victricium</span> 
     </span>
     <span class='ocr_line' id='line_1_47' title="bbox 198 3070 1204 3116; baseline -0.001 -10"><span class='ocrx_word' id='word_1_495' title='bbox 198 3084 234 3107; x_wconf 87' lang='lat' dir='ltr'>n.</span> <span class='ocrx_word' id='word_1_496' title='bbox 252 3075 286 3107; x_wconf 87' lang='lat'>6.</span> <span class='ocrx_word' id='word_1_497' title='bbox 308 3076 359 3108; x_wconf 91' lang='lat'>10.</span> <span class='ocrx_word' id='word_1_498' title='bbox 380 3074 530 3107; x_wconf 77' lang='lat'>24—31.</span> <span class='ocrx_word' id='word_1_499' title='bbox 549 3074 613 3111; x_wconf 83' lang='lat'>37;</span> <span class='ocrx_word' id='word_1_500' title='bbox 632 3070 885 3106; x_wconf 83' lang='lat' dir='ltr'>Bonifatii</span> <span class='ocrx_word' id='word_1_501' title='bbox 903 3083 959 3116; x_wconf 89' lang='lat' dir='ltr'>ep.</span> <span class='ocrx_word' id='word_1_502' title='bbox 983 3077 1023 3107; x_wconf 86' lang='lat'>15</span> <span class='ocrx_word' id='word_1_503' title='bbox 1042 3085 1078 3107; x_wconf 89' lang='lat' dir='ltr'>n.</span> <span class='ocrx_word' id='word_1_504' title='bbox 1100 3076 1115 3106; x_wconf 94' lang='lat' dir='ltr'>l</span> <span class='ocrx_word' id='word_1_505' title='bbox 1137 3072 1204 3109; x_wconf 82' lang='lat' dir='ltr'>etc,</span> 
     </span>
    </p>
   </div>
  </div>
 </body>
</html>
