2175 3382
531 136 717 170 Romanus
735 136 932 180 episcopus
944 136 1027 180 jure
1047 135 1173 169 divino
1193 140 1333 171 exercet
1354 137 1566 181 primatum.
1829 142 1916 184 409

178 257 218 294 in
240 257 349 295 urbis
370 257 667 307 praerogativis
712 257 908 294 Nituntur
935 257 1038 294 enim
1061 258 1234 306 primatu
1258 259 1374 305 Petri,
1403 259 1471 307 qui
1494 259 1648 297 divinae
1669 263 1730 297 est
1751 259 1916 298 institu-

181 315 313 355 tionis.
335 316 387 353 Of.
410 329 447 353 n.
473 322 554 357 338
573 318 588 340 ²
611 318 651 353 et:
672 315 917 353 Palmieri
941 316 1120 354 Scholion
1142 318 1233 365 post
1254 317 1310 354 th.
1338 325 1400 357 10.

297 399 394 440 386.
418 395 651 440 Scholion
676 395 741 437 ΙΙ.
785 394 967 436 Romam·
990 396 1285 449 episcop-‚disum
1307 396 1446 437 divino
1469 402 1653 437 exercent
1671 399 1915 451 primatum.

177 491 232 496 —-
255 466 529 507 Institutionis
551 466 731 515 divinae,
764 465 946 518 ideoque
976 465 1083 517 juris
1116 466 1244 506 divini
1275 477 1369 507 esse
1391 467 1619 519 primatum
1643 469 1914 513 ostendimus

180 535 259 587 Qui
294 548 392 589 ergo
424 536 596 588 legitimi
628 536 737 577 illius
763 541 861 577 sunt
883 536 1073 584 heredes,
1106 536 1202 588 jure
1233 537 1376 578 divino
1400 537 1515 578 illum
1538 543 1747 582 exercent.
1789 539 1916 592 Atqui

179 607 453 659 probavimus
474 607 682 659 legitimos
716 607 758 647 in
791 607 977 659 primatu
1010 619 1281 648 successores
1318 619 1412 648 esse
1443 620 1647 649 romanos
1679 610 1913 662 episcopos.

181 677 279 719 Jure
301 678 426 730 igitur
456 677 644 718 divino
667 677 835 718 romani
858 678 1048 730 episcopi
1070 682 1270 718 exercent
1291 679 1532 730 primatum,
1564 684 1609 719 ut
1640 684 1757 731 patet
1787 682 1915 721 etiam

180 761 231 789 ex
252 748 528 790 conciliorum
552 748 866 789 definitionibus
889 751 947 804 (n.
972 749 1089 805 388).
1132 748 1334 800 Quamvis
1357 761 1457 791 vero
1481 762 1556 802 per
1578 750 1775 791 homines
1797 755 1839 791 et
1860 751 1914 792 ab

179 818 419 860 hominibus
442 817 685 870 designetur
706 819 967 859 successoris
989 830 1186 871 persona,
1221 831 1273 859 ea
1303 823 1447 860 tamen
1478 832 1565 861 non
1596 819 1651 860 ab
1674 821 1915 862 hominibus

180 901 258 930 nec
289 900 365 942 per
394 889 588 929 homines
620 888 751 929 habet
781 889 988 941 primatus
1018 893 1287 941 potestatem.
1331 888 1449 930 Sicut
1471 891 1600 931 etiam
1623 891 1819 933 homines
1842 892 1915 934 de-

179 961 345 1014 signant
365 959 602 1012 subjectum
627 959 909 1001 ordinandum
932 960 975 1001 in
997 960 1279 1009 sacerdotem,
1310 961 1424 1013 quod
1456 965 1600 1002 tamen
1633 974 1720 1003 non
1752 963 1806 1003 ab
1838 964 1915 1004 ho-

180 1030 364 1072 minibus
384 1030 515 1072 habet
535 1035 792 1083 potestatem
816 1031 1110 1080 consecrandi,
1131 1031 1206 1072 sed
1228 1033 1269 1072 vi
1292 1031 1582 1082 ordinationis,
1615 1046 1724 1087 quae
1748 1034 1915 1076 divinae

181 1107 243 1143 est
272 1103 559 1143 institutionis.
601 1101 707 1143 Hinc
739 1102 999 1155 distinguunt
1020 1102 1207 1154 theologi
1230 1103 1339 1144 inter
1364 1103 1411 1144 le
1424 1115 1483 1156 ge
1497 1116 1537 1144 m
1560 1115 1636 1145 seu
1653 1104 1724 1157 jus
1745 1117 1915 1145 succes-

179 1174 308 1214 sionis
341 1178 383 1214 et
413 1173 791 1214 conditionem
824 1184 899 1214 seu
931 1172 1089 1214 factum
1112 1174 1405 1216 successionis.
1448 1174 1533 1215 Lex
1560 1186 1635 1216 seu
1652 1175 1722 1227 jus
1744 1188 1915 1217 succes-

181 1245 310 1286 sionis
343 1249 407 1286 est
437 1244 604 1285 divinae
636 1244 930 1292 institutionis;
961 1243 1094 1285 voluit
1124 1245 1237 1285 enim
1269 1244 1471 1295 Christus,
1506 1250 1552 1286 ut
1582 1245 1731 1287 Petrus
1757 1246 1915 1287 habeat

179 1327 447 1357 successores
481 1315 523 1355 in
558 1315 753 1367 primatu,
789 1315 859 1368 qui
893 1319 1120 1367 propterea
1155 1315 1307 1356 eadem
1338 1316 1544 1368 primatus
1576 1318 1830 1358 auctoritate
1865 1329 1914 1358 ac

182 1386 330 1427 Petrus
352 1385 564 1427 fruantur:
598 1385 672 1426 sed
696 1389 741 1426 ut
761 1397 911 1426 revera
933 1385 1001 1426 hic
1022 1386 1163 1438 potius
1186 1398 1314 1439 quam
1337 1386 1405 1428 ille
1428 1387 1481 1427 sit
1502 1399 1737 1433 successor,
1760 1389 1914 1440 pendet

180 1469 204 1497 a
226 1456 444 1509 multiplici
465 1456 576 1497 facto
608 1461 649 1497 et
671 1455 889 1497 voluntate
911 1456 1111 1497 humana.
1153 1456 1381 1498 Hominum
1405 1458 1518 1498 enim
1540 1459 1839 1514 (quorundam,
1869 1464 1913 1500 ut

177 1532 277 1579 puta
300 1526 596 1582 cardinalium)
621 1532 684 1568 est
706 1527 871 1579 eligere,
894 1527 1116 1579 designare
1139 1539 1248 1576 eum,
1272 1529 1343 1581 qui
1365 1529 1417 1569 sit
1439 1541 1682 1570 successor:
1707 1530 1913 1570 electione

177 1609 278 1639 vero
311 1597 434 1646 factal
466 1602 688 1651 tamquam
719 1598 961 1639 conditione
993 1598 1143 1650 posita,
1176 1600 1215 1639 vi
1247 1599 1521 1641 institutionis
1552 1600 1720 1641 divinae
1754 1600 1912 1642 electus

174 1673 430 1721 potestatem
453 1669 727 1721 consequitur
748 1669 966 1721 primatus.
1009 1668 1099 1709 Hoc
1121 1681 1250 1710 sensu
1272 1670 1492 1711 verissime
1514 1670 1698 1712 affirmat
1720 1669 1913 1713 Gelasius

175 1741 217 1781 in
250 1740 421 1781 decreto
458 1739 510 1780 de
545 1737 772 1791 Scripturis
807 1739 1024 1780 canonicis
1061 1739 1172 1780 edito
1215 1741 1259 1780 in
1301 1741 1479 1781 concilio
1514 1753 1696 1782 romano
1731 1754 1768 1784 a.
1802 1745 1911 1786 496:

182 1809 362 1861 „Sancta
383 1822 563 1851 romana
592 1810 781 1851 Ecclesia
815 1810 938 1851 nullis
960 1810 1175 1863 synodicis
1198 1812 1437 1852 constitutis
1460 1812 1613 1853 ceteris
1635 1812 1825 1854 ecclesiis
1851 1814 1914 1868 (ut

176 1894 237 1923 ex.
260 1894 316 1935 gr.
339 1882 521 1923 ecclesia
543 1881 686 1934 aliqua
708 1882 1038 1934 metropolitana
1061 1882 1252 1923 ecclesiis
1274 1882 1354 1923 sibi
1377 1882 1596 1939 subjectis)
1620 1884 1812 1936 praelata
1835 1888 1913 1933 est,

175 1953 249 1994 sed
271 1953 515 2005 evangelica
537 1965 643 1994 voce
666 1953 835 1994 Domini
867 1957 909 1994 et
940 1952 1174 1995 Salvatoris
1198 1954 1331 1995 nostri
1353 1955 1582 2007 primatum
1607 1955 1807 1996 obtinuit:
1850 1955 1913 1995 Tu

176 2039 214 2065 es
235 2024 398 2076 Petrus,
420 2024 648 2077 inquientis
670 2029 746 2065 etc.
772 2057 778 2064 .
805 2058 811 2064 .
836 2057 843 2065 .
867 2023 939 2065 Est
961 2036 1061 2076 ergo
1085 2025 1223 2077 prima
1245 2024 1357 2066 Petri
1380 2026 1563 2077 apostoli
1585 2025 1709 2067 sedes
1732 2037 1914 2066 romana

176 2095 374 2141 Ecclesia,
396 2107 484 2136 non
506 2095 670 2136 habens
693 2095 920 2144 maculam
943 2107 1081 2148 neque
1104 2108 1265 2147 rugam,
1287 2107 1367 2137 nec
1389 2096 1545 2149 aliquid
1568 2096 1846 2148 hujusmodi.“

296 2181 392 2223 387.
409 2178 639 2223 Scholion
655 2178 748 2222 Ill.
774 2177 989 2219 Primatus
1006 2179 1104 2231 jure
1126 2178 1373 2219 immutabili
1396 2179 1580 2219 adnexus
1602 2179 1688 2219 sedi
1702 2192 1913 2219 romanae.

176 2248 402 2300 Quaeritur
423 2254 580 2298 autem,
602 2262 704 2290 num
728 2250 856 2290 etiam
880 2261 932 2289 ex
949 2249 1044 2301 Jure
1067 2249 1208 2290 divino
1223 2261 1427 2290 romanus
1450 2250 1748 2302 episcopus
1770 2250 1914 2303 potius

177 2332 305 2373 quam
326 2320 434 2361 alius
456 2320 510 2360 sit
530 2319 644 2360 Petri
666 2320 708 2359 in
729 2320 914 2372 primatu
937 2331 1172 2368 successor,
1205 2332 1260 2360 an
1292 2331 1393 2361 vero
1425 2324 1591 2360 tantum
1609 2320 1705 2372 jure
1727 2321 1909 2362 eccle-

176 2391 440 2432 siastico?
463 2402 550 2439 seu,
571 2394 714 2431 utrum
731 2390 827 2442 jure
850 2390 1004 2439 divino,
1028 2402 1083 2430 an
1106 2390 1395 2431 ecclesiastico
1410 2394 1576 2432 tantum
1590 2387 1797 2443 primatus
1820 2392 1911 2433 alli-

176 2465 296 2514 gatus
318 2461 372 2502 sit
392 2461 623 2502 cathedrae
645 2473 864 2511 romanae,
896 2461 1004 2502 adeo
1038 2466 1083 2502 ut
1113 2461 1242 2502 aliam
1273 2462 1316 2502 in
1339 2461 1484 2502 sedem
1507 2462 1728 2504 transferri
1749 2464 1913 2516 possit?

176 2543 283 2585 quae
306 2531 499 2585 quaestio
522 2536 619 2584 post
640 2531 672 2571 F
686 2530 747 2572 eb
759 2544 779 2571 r
791 2543 816 2572 ο
828 2532 919 2572 niu
932 2545 973 2571 m
996 2531 1174 2572 celebris
1189 2531 1301 2572 sacta
1316 2536 1390 2575 est.
1423 2532 1499 2573 Hic
1514 2533 1628 2574 enim
1643 2538 1739 2586 post
1753 2546 1914 2586 paucos

176 2602 384 2654 quosdam
404 2602 629 2654 theologos
651 2602 824 2643 scholae
848 2606 1003 2651 cerset,
1035 2602 1268 2643 Ecclesiam
1291 2603 1408 2655 gravi
1440 2603 1492 2645 de
1524 2616 1656 2645 causa
1681 2617 1807 2657 posse
1830 2606 1914 2657 pri-

174 2678 335 2715 matum
356 2674 401 2714 in
422 2674 550 2714 aliam
572 2674 803 2714 transferre
826 2673 983 2716 sedem.
1004 2673 1132 2726 Atqui
1153 2673 1278 2714 Pius
1301 2673 1367 2714 IX.
1382 2674 1601 2716 damnavit
1622 2688 1740 2728 prop.
1764 2675 1914 2729 syllabi

175 2746 251 2788 35:
271 2725 427 2794 ⁶¹„Nihil
459 2748 574 2786 vetat
609 2744 786 2796 alicujus
821 2744 1031 2795 generalis
1065 2744 1232 2785 concilii
1265 2746 1477 2786 sententia
1511 2750 1586 2787 aut
1616 2747 1912 2787 universorum

177 2814 428 2867 populorum
459 2815 572 2856 facto
604 2827 818 2856 summum
841 2814 1133 2867 pontificatum
1165 2827 1191 2856 a
1221 2827 1402 2857 romano
1427 2817 1628 2869 episcopo
1651 2821 1779 2870 atque
1802 2815 1913 2858 Urbe

178 2885 231 2925 ad
262 2885 390 2926 alium
421 2886 667 2938 episcopum
700 2885 912 2938 aliamque
935 2885 1151 2927 civitatem
1173 2855 1429 2928 transferri)
1476 2887 1625 2928 Merito
1651 2892 1793 2928 autem
1817 2899 1911 2928 eam

178 2955 404 3005 damnavit,
426 2968 524 2997 cum
546 2968 633 2997 non
655 2956 793 2997 solum
808 2956 1122 2997 consectarium
1143 2957 1197 2998 sit
1219 2969 1426 2999 erroneae
1449 2958 1670 2999 doctrinae
1691 2957 1746 2998 ab
1768 2956 1912 2997 Eccle-

178 3026 241 3067 sia
269 3027 312 3066 in
341 3025 539 3067 Richerio
572 3027 748 3079 aliisque
779 3026 1010 3068 damnatae
1032 3028 1088 3082 (n.
1112 3030 1196 3072 351
1220 3029 1314 3085 ss.);
1346 3028 1422 3069 sed
1455 3029 1584 3069 etiam
1618 3029 1716 3081 quia
1749 3027 1910 3068 nullum

178 3096 284 3137 illius
306 3097 528 3149 vestigium
550 3098 760 3150 reperitur
792 3098 834 3138 in
865 3098 1064 3139 universa
1085 3097 1274 3140 Ecclesia
1303 3111 1380 3151 per
1411 3099 1554 3140 secula
1577 3097 1803 3146 tredecim‚·
1833 3108 1912 3137 nec
