2175 3382
240 129 294 168 34
398 124 515 156 'si-act.
539 123 560 156 1.
579 122 764 166 Apologia
782 120 885 166 relig.
905 122 1032 156 christ.
1050 122 1177 156 'l‘hesis
1195 123 1251 157 Vt.
1275 121 1456 157 Vaticiuia
1469 123 1634 167 dignosci
1647 128 1811 168 possunt.

239 242 390 282 summi
414 241 631 289 momenti,
655 241 768 294 quod
791 241 936 294 nequit
958 241 1134 282 admitti.
1168 241 1273 282 Cum
1297 242 1408 282 enim
1431 242 1626 283 homines
1649 248 1873 285 teneantur
1885 243 1975 286 Deo

238 312 442 353 revelanti
465 311 650 361 credere,
673 324 769 352 cum
785 312 1057 353 revelationis
1072 313 1242 353 criteria
1264 313 1348 353 sint
1373 313 1577 354 miracula
1600 318 1641 354 et
1662 313 1902 356 habeantur
1921 315 1975 356 ab

237 383 479 424 hominibus
501 395 580 435 pro
602 382 677 423 Dei
699 382 867 435 loquela
891 386 932 423 et
954 383 1220 424 testimonio:
1254 384 1290 424 si
1321 384 1363 424 in
1397 383 1608 436 adjunctis
1639 397 1768 437 supra
1800 396 1975 427 enume-

236 455 339 495 ratis
362 466 496 506 opera
520 455 589 508 (ex
612 453 854 508 hypothesi)
878 465 965 494 non
988 459 1163 506 possent
1185 455 1387 506 cognosci
1411 459 1629 507 tamquam
1652 455 1876 505 naturalia,
1902 457 1976 498 sed

236 524 421 577 speciem
455 537 558 578 prae
592 536 638 566 se
670 524 828 566 ferrent
860 536 1037 577 operum
1060 524 1156 565 Dei:
1188 524 1397 572 homines,
1430 538 1513 578 quo
1537 526 1671 578 magis
1703 527 1759 579 pii
1789 539 1977 581 suaeque

239 595 384 637 salutis
408 608 632 644 memores,
666 607 716 637 eo
751 595 988 648 promptius
1019 600 1193 648 propter
1224 597 1507 637 reverentiam
1531 596 1618 638 Deo
1652 596 1838 638 debitam
1865 598 1977 651 ejus-

237 667 353 708 modi
374 668 626 709 institutioni
650 672 870 719 tamquam
893 666 967 708 Dei
998 667 1248 708 revelationi
1282 668 1516 713 crederent,
1550 673 1676 722 atque
1708 669 1765 710 ita
1798 670 1977 722 pietas

236 749 336 790 erga
358 739 491 780 Deum
519 751 650 780 causa
673 738 879 779 efficax
902 743 1015 779 esset
1037 739 1205 781 erroris.

353 823 421 866 26.
445 821 627 863 Facilius
643 825 786 863 autem
810 833 911 863 vera
934 822 1136 863 vaticinia
1160 834 1185 862 a
1208 822 1466 874 conjecturis
1480 822 1678 864 humanis
1692 823 1978 865 naturalibus-

240 904 321 945 que
343 892 720 945 praesensionibus
743 893 925 934 discerni
947 897 1138 945 possunt,
1169 893 1204 933 si
1235 893 1322 934 scil.
1355 905 1441 934 non
1464 893 1708 935 dubitanter
1729 893 1802 935 sed
1825 899 1978 936 certa

236 964 577 1014 asseveratione;
612 976 700 1005 non
735 965 968 1017 aequivoce
1004 964 1078 1005 sed
1112 964 1282 1013 clare·,
1317 977 1402 1005 non
1438 963 1653 1006 indefinite
1685 965 1758 1006 sed
1792 965 1976 1007 deter-

233 1035 436 1076 minate
467 1039 785 1088 proponuntur3
820 1036 855 1076 si
886 1040 1112 1076 versantur
1145 1036 1259 1076 circa
1293 1040 1469 1076 eventus
1501 1047 1587 1077 non
1619 1036 1881 1089 propinquos
1901 1037 1976 1078 sed

233 1110 497 1156 remotos;
530 1118 616 1147 non
639 1107 906 1147 necessarios
929 1106 1005 1148 sed
1026 1106 1258 1155 liberos;
1292 1119 1379 1148 non
1402 1107 1615 1159 simplices
1637 1106 1712 1148 sed
1734 1108 1975 1160 comple-

231 1189 348 1224 xos3
378 1189 467 1218 non
499 1177 613 1218 circa
644 1190 776 1219 unum
809 1181 975 1218 tantum
998 1177 1073 1219 sed
1096 1178 1211 1218 circa
1233 1177 1446 1219 multos.
1491 1175 1536 1218 Si
1566 1177 1775 1230 ejusmodi
1795 1177 1978 1219 habetur

233 1247 465 1300 praedictio
490 1260 626 1301 eaque
659 1253 860 1290 accurate
893 1249 1167 1302 adimpletur:
1203 1248 1545 1290 concludendum
1581 1249 1670 1297 erit,
1703 1248 1838 1290 Deum
1869 1249 1977 1290 haec

232 1319 576 1370 praenunciasse.

348 1406 515 1455 Propter
536 1406 896 1455 aequivocationem
919 1419 986 1444 seu
1010 1418 1148 1443 sensus
1171 1406 1472 1455 ambiguitatem
1494 1406 1639 1444 famosa
1661 1408 1772 1443 erant
1796 1408 1977 1444 veterum

232 1465 398 1504 oracula.
436 1464 559 1509 Quam
583 1466 630 1503 ob
652 1478 735 1503 rem
758 1465 894 1503 scribit
917 1466 1091 1503 Cicero
1114 1465 1161 1503 de
1186 1465 1430 1503 divinatione
1453 1465 1478 1502 l.
1504 1471 1525 1505 2
1551 1477 1580 1502 c.
1606 1471 1681 1506 56:
1715 1465 1831 1509 „Jam
1862 1465 1911 1502 ad
1936 1467 1976 1502 te

231 1523 346 1561 venio
369 1527 501 1562 sancte
524 1525 664 1574 Apollo
688 1555 695 1562 .
719 1555 727 1562 .
751 1556 758 1562 .
781 1525 864 1562 tuis
887 1525 991 1562 enim
1013 1525 1180 1562 oraculis
1197 1525 1440 1574 Chrysippus
1454 1527 1585 1562 totum
1599 1525 1783 1562 volumen
1796 1524 1977 1573 implevit

230 1583 374 1631 partim
395 1584 518 1630 falsis,
542 1587 589 1622 ut
611 1597 681 1634 ego
705 1584 854 1633 opinor,
889 1584 1033 1633 partim
1055 1596 1148 1621 casu
1169 1584 1284 1628 veris,
1308 1585 1356 1621 ut
1376 1583 1421 1620 fit
1441 1584 1484 1621 in
1506 1584 1611 1621 omni
1635 1583 1812 1621 oratione
1833 1583 1976 1633 saepis-

231 1642 338 1688 sime,
370 1643 516 1692 partim
538 1643 760 1692 flexiloquis
782 1645 823 1681 et
844 1644 1034 1689 obscuris,
1070 1645 1117 1680 ut
1147 1643 1343 1692 interpres
1376 1645 1489 1693 egeat
1513 1643 1728 1692 interprete
1750 1645 1789 1680 et
1811 1655 1894 1680 sors
1915 1655 1976 1680 re-

225 1701 382 1739 ferenda
404 1702 456 1740 sit
477 1702 525 1740 ad
548 1705 684 1747 sortes,
706 1703 857 1752 partim
870 1703 1064 1753 ambiguis
1079 1704 1118 1739 et
1131 1715 1230 1751 quae
1242 1702 1291 1739 ad
1303 1701 1549 1739 dialecticam
1572 1702 1781 1739 deferenda
1802 1702 1881 1739 sint
1900 1700 1974 1753 Ῑ).<ζ

346 1767 410 1802 27.
434 1762 658 1811 Exceptioni
671 1762 818 1810 satisfit.
841 1762 983 1800 Contra
997 1774 1052 1808 ea,
1077 1774 1177 1810 quae
1200 1762 1402 1810 hucusque
1426 1761 1732 1810 disputavimus,
1757 1761 1976 1810 excipitur:

228 1822 363 1859 Omnis
387 1822 536 1872 religio,
561 1822 679 1859 etiam
701 1821 810 1868 falsa,
837 1833 908 1859 sua
925 1823 1050 1870 jactat
1070 1821 1280 1865 miracula:
1303 1821 1344 1858 id
1367 1823 1510 1866 autem,
1535 1820 1582 1857 ad
1605 1820 1710 1869 quod
1733 1832 1866 1858 omnes
1886 1833 1975 1869 pro-

224 1883 377 1927 vocant,
400 1881 540 1929 nequit
562 1894 644 1918 esse
666 1893 780 1918 verae
801 1880 1006 1930 religionis
1027 1883 1141 1918 nota:
1175 1881 1240 1917 vel
1271 1880 1411 1917 saltem
1441 1880 1533 1917 inde
1556 1880 1668 1928 sequi
1689 1879 1866 1926 videtur,
1900 1879 1976 1916 mi-

222 1941 358 1978 racula
379 1953 471 1979 vera
493 1954 514 1977 a
535 1940 645 1978 falsis
672 1953 751 1977 non
773 1940 868 1977 satis
891 1940 1071 1977 discerni.
1113 1940 1260 1977 Verum
1293 1937 1334 1978 1.
1366 1942 1643 1987 retorquemus
1675 1937 1975 1988 argumentum}

222 2013 311 2037 nam
335 2000 460 2037 omnis
483 1999 615 2037 schola
634 1999 914 2048 philosophica,
948 1999 1026 2037 imo
1050 2011 1159 2036 error
1181 1999 1308 2036 omnis
1330 1998 1508 2035 vindicat
1531 1998 1612 2035 suis
1634 1998 1793 2035 assertis
1815 1997 1975 2035 eviden-

222 2059 339 2096 tiam:
375 2071 503 2108 neque
525 2061 658 2096 tamen
681 2061 887 2108 propterea
910 2058 1000 2107 quis
1024 2058 1155 2103 infert,
1179 2057 1419 2095 evidentiam
1451 2069 1531 2094 non
1553 2069 1635 2094 esse
1657 2057 1837 2094 veritatis
1858 2056 1974 2094 crite-

223 2118 342 2164 rium,
366 2119 428 2156 vel
451 2118 686 2156 evidentiam
711 2118 902 2155 sinceram
925 2117 1104 2166 dignosci
1126 2129 1205 2154 non
1226 2129 1340 2165 posse
1364 2129 1385 2153 a
1407 2116 1551 2165 spuria.
1595 2116 1783 2164 Sequitur
1816 2117 1975 2153 tantum

221 2177 266 2220 ⁴3.
290 2190 387 2227 opus
409 2190 492 2216 esse
514 2177 735 2215 attentione
750 2179 790 2214 et
803 2177 991 2222 examine,
1015 2177 1133 2214 etiam
1146 2176 1189 2213 in
1205 2175 1470 2213 discernendis
1485 2175 1683 2213 miraculis
1697 2175 1803 2212 veris
1817 2188 1839 2212 a
1852 2175 1974 2212 falsis.

223 2238 308 2275 Imo
332 2236 375 2277 3.
400 2249 445 2274 ex
468 2237 540 2274 hoc
561 2237 644 2286 ipso
667 2236 770 2274 facto
791 2236 925 2286 potius
947 2236 1140 2284 sequitur,
1174 2235 1351 2272 omnium
1373 2235 1552 2285 gentium
1575 2246 1766 2272 consensu
1787 2234 1976 2272 miracula

227 2309 310 2334 esse
332 2290 584 2334 revelationis
607 2296 786 2340 criteria;
818 2307 948 2344 neque
980 2295 1087 2332 enim
1118 2294 1315 2332 communi
1348 2294 1637 2342 conspiratione
1669 2293 1716 2330 ad
1743 2293 1813 2330 illa
1832 2306 1974 2342 provo-

226 2358 370 2401 carent,
394 2355 476 2393 nisi
500 2355 546 2393 de
567 2356 640 2393 hoc
661 2354 855 2404 principio
870 2366 1028 2403 prorsus
1045 2356 1253 2393 constaret.
1277 2354 1458 2391 Ceterum
1473 2349 1517 2392 4.
1534 2352 1567 2390 si
1582 2352 1849 2401 inspiciuntur
1861 2352 1973 2397 facta,

228 2428 327 2463 quae
350 2415 518 2452 subinde
536 2414 740 2464 jactabant
761 2414 930 2463 gentiles
953 2416 1154 2462 tamquam
1176 2412 1427 2462 prodigiosa,
1459 2412 1585 2461 primo
1616 2412 1762 2450 obtutu
1784 2411 1910 2450 omnis
1931 2411 1974 2448 in

228 2474 274 2511 iis
297 2474 493 2512 eva-nescit
515 2473 699 2511 miraculi
721 2475 759 2510 et
782 2473 932 2510 criterii
955 2472 1111 2510 divinae
1141 2471 1394 2509 revelationis
1426 2471 1596 2520 species;
1627 2471 1690 2508 vel
1721 2471 1826 2520 quod
1850 2472 1973 2508 nutet

229 2546 363 2571 eorum
385 2534 530 2571 veritas
552 2533 759 2578 historica,
797 2532 861 2569 vel
882 2531 988 2580 quod
1009 2544 1088 2569 non
1110 2531 1332 2568 referantur
1354 2531 1394 2567 in
1417 2530 1618 2568 doctrinae
1641 2529 1861 2579 cujuspiam
1883 2542 1974 2567 con-

229 2592 488 2630 firmationem
509 2595 684 2641 patrata,
718 2592 783 2629 vel
805 2591 975 2639 denique
999 2591 1103 2639 quod
1125 2590 1315 2627 virtutem
1338 2589 1510 2626 divinam
1532 2602 1612 2627 non
1635 2589 1810 2639 exigant,
1843 2600 1933 2635 cum
1954 2601 1975 2625 a

229 2652 415 2689 daemone
438 2651 525 2688 fieri
546 2651 749 2700 potuerint
766 2648 813 2704 2).
875 2675 881 2677 -

378 2781 402 2819 ¹)
433 2777 485 2811 Cf.
505 2776 550 2810 de
569 2776 767 2821 gentilium
785 2776 944 2810 oraculis
963 2778 1000 2809 et
1018 2776 1205 2813 vaticiniis
1223 2775 1490 2819 prophet-arum
1509 2774 1537 2808 T
1548 2774 1573 2807 h
1585 2785 1603 2807 e
1615 2785 1635 2808 o
1648 2773 1672 2807 d
1683 2784 1703 2807 o
1714 2785 1731 2807 r
1743 2784 1761 2807 e
1771 2774 1822 2807 tu
1833 2784 1848 2806 s
1866 2783 1973 2807 serm.

238 2834 280 2866 10
298 2830 342 2865 de
359 2840 478 2876 graec.
497 2830 612 2864 effect.
635 2829 826 2863 curatione
844 2830 881 2863 et
897 2829 926 2862 E
937 2841 960 2863 u
973 2840 988 2862 s
1000 2839 1019 2862 e
1032 2829 1054 2863 b
1065 2829 1077 2862 i
1088 2840 1113 2862 u
1125 2840 1141 2862 s
1158 2828 1358 2862 demonstr.
1378 2837 1507 2872 evang.
1525 2827 1551 2861 l.
1568 2831 1588 2860 5
1607 2837 1637 2860 c.
1658 2830 1688 2867 1,
1707 2836 1749 2860 ac
1766 2826 1975 2871 generatim

232 2886 277 2919 de
294 2885 364 2919 hoc
378 2885 598 2928 argumento
618 2882 650 2915 H
662 2883 738 2916 ein
750 2894 767 2915 r
779 2883 792 2916 i
804 2894 822 2916 c
834 2883 858 2916 h
876 2881 1041 2927 dogmat.
1056 2880 1258 2926 Theologie
1271 2882 1298 2914 t.
1317 2885 1334 2916 1
1349 2882 1369 2924 ξ
1383 2883 1448 2918 43;
1467 2880 1499 2914 H
1512 2879 1603 2914 etti
1614 2890 1730 2925 nger
1747 2882 1767 2923 ξ
1782 2881 1825 2913 25
1838 2893 1845 2915 z
1863 2877 1974 2924 Apol.

232 2937 296 2972 des
316 2936 540 2971 Christenth.
562 2937 588 2970 I.
607 2935 691 2969 diss.
715 2939 774 2972 13:
794 2936 822 2969 B
835 2946 853 2969 e
866 2947 883 2970 c
895 2936 977 2970 ker
995 2935 1055 2970 die
1073 2935 1322 2979 Weissagung
1340 2934 1395 2967 als
1413 2932 1616 2967 Kriterium
1634 2932 1697 2967 der
1711 2932 1974 2978 Offenbarung,
2028 2930 2031 2931 ⁷

230 2991 352 3025 Mainz
372 2992 484 3029 189ος
504 2989 728 3023 Wilmers
746 2999 804 3033 op,
823 2989 885 3023 cit.
902 2999 1006 3033 prop.
1026 2993 1069 3023 41
1090 3000 1136 3022 ss.

378 3047 404 3086 2)
424 3043 476 3079 Cf.
496 3041 677 3087 ejusmodi
694 3041 882 3082 miracula,
902 3040 1037 3084 quibus
1054 3040 1313 3085 gloriabantur
1330 3038 1503 3085 gentiles,
1527 3038 1624 3083 apud
1644 3038 1689 3073 M.
1709 3038 1735 3072 F
1747 3038 1839 3072 elic
1852 3048 1918 3072 em
1934 3037 1974 3072 in

236 3096 388 3131 Octavio
406 3107 442 3130 n.
460 3097 481 3129 7
501 3094 570 3130 col.
588 3107 625 3130 n.
645 3096 689 3129 26
708 3106 734 3128 s.
754 3094 793 3128 in
810 3095 932 3128 nostra
953 3094 1040 3128 edit.
1059 3104 1182 3138 opusc.
1202 3096 1228 3127 t.
1246 3093 1324 3127 XV.
1344 3103 1425 3126 cum
1454 3093 1578 3126 annot.
1597 3091 1792 3136 subjectis:
1821 3091 1860 3126 et
1877 3090 1971 3125 Ori-
