2175 3382
944 123 1081 157 censeri
1099 123 1226 167 possit.
1867 133 1956 175 525

214 243 434 281 afferuntur
454 257 476 281 a
498 244 682 281 Suarez
703 244 802 292 disp.
822 246 978 284 losect.
1003 251 1024 283 6
1042 244 1452 292 Tzwrecremata,
1470 248 1954 300 Albe1·tinuS‚Caje-

213 304 389 348 tanus,
413 303 628 349 Bannez,
654 302 834 348 Canus,
850 303 1001 352 Vega,
1024 303 1273 347 Corduba,
1299 305 1473 342 Castro
1497 308 1536 343 et
1558 307 1635 343 alii.
1659 308 1809 357 Negare
1832 310 1949 348 etiam

213 361 371 399 videtur
402 361 652 399 Schrader
682 362 706 398 1.
729 373 770 407 c.‚
802 361 1076 399 Franzelin
1108 362 1155 399 de
1185 363 1309 400 tradit
1339 377 1374 412 p.
1403 371 1480 403 122
1500 366 1527 401 3.
1571 366 1838 409 „Contrariam
1863 381 1951 406 sen-

212 420 388 468 tentiam,
412 420 546 469 inquit
566 421 702 469 Lugo
730 422 818 458 sect.
847 428 894 461 15
922 418 941 463 ἓ
968 427 988 461 5
1014 433 1051 458 11.
1076 427 1172 465 326,
1205 421 1345 459 docent
1375 423 1501 460 nostri
1534 424 1709 462 doctores
1735 424 1948 476 (Suarez,

211 479 459 528 Vasquez,
483 479 699 523 Tanner,
723 479 986 524 Valentia,
1009 479 1271 517 Platelius
1295 478 1395 533 etc).
1422 482 1667 520 Recentiores
1689 486 1952 525 communiter

211 566 219 574 .
242 568 250 575 .
274 567 282 574 .
304 551 422 587 quam
443 551 514 588 ego
537 539 653 575 etiam
678 538 913 575 sententiam
929 551 1060 575 veram
1081 538 1275 583 existimo,
1299 542 1338 576 et
1360 541 1527 589 supponi
1549 542 1708 579 videtur
1730 543 1771 580 in
1793 545 1951 583 decreto

209 597 421 634 Martini
441 597 498 644 V.‚
521 597 626 646 quod
647 596 798 634 factum
827 597 904 633 fuit
936 597 977 633 in
1000 597 1162 634 concilio
1194 599 1638 645 constantiensi‚«
1674 602 1754 639 scil.
1782 603 1950 650 jubetur

210 658 418 704 suspectus
440 657 485 693 de
508 656 706 693 erroribus
721 655 882 693 Wicleffi
905 657 943 693 et
957 656 1062 693 Huss
1085 656 1319 706 interrogari
1337 654 1384 709 (a.
1404 655 1495 709 24):
1512 659 1641 703 „Item
1656 662 1790 697 utrum
1806 664 1948 709 eredat,

210 715 313 764 quod
343 728 446 764 papa
477 715 660 753 canonice
681 715 841 759 electus,
874 715 942 763 qui
964 727 1034 763 pro
1055 717 1231 764 tempore
1253 715 1385 761 fuerit,
1418 717 1502 765 ejus
1523 719 1681 756 nomine
1703 721 1859 768 proprio
1882 735 1946 759 ex-

208 785 353 822 presso,
387 773 441 811 sit
463 786 662 811 successor
682 773 718 810 b.
741 774 847 811 Petri
875 774 1020 811 habens
1043 786 1266 823 supremam
1288 776 1561 813 auctoritatem
1583 778 1624 814 in
1645 778 1814 816 Ecclesia
1836 781 1944 818 Dei«

208 832 313 877 Quae
345 833 541 870 sententia
566 833 680 881 juxta
706 845 937 881 responsum
961 830 1063 885 (sub.
1085 834 1144 870 lit.
1168 831 1229 886 6.)
1252 834 1412 872 videtur
1432 835 1695 884 praeferenda.
1738 839 1947 887 Propterea

207 892 312 929 enim
332 892 503 930 revelata
525 894 586 929 est
606 892 852 938 universalis,
876 894 923 929 ut
944 892 1151 930 accedente
1164 890 1359 932 Ecclesiae
1381 895 1646 942 propositione
1661 898 1749 934 tuto
1764 898 1945 944 sciamus,

207 951 302 999 quid
324 950 538 988 tenendum
561 950 614 988 sit
637 951 683 988 de
705 951 972 1000 singularibus
994 952 1342 1000 propositionibus,
1366 966 1387 990 a
1410 953 1553 1001 quibus
1576 956 1780 1004 tantopere
1803 958 1947 1005 pendet

206 1009 355 1047 bonum
368 1010 561 1047 Ecclesiae
583 1012 623 1047 et
645 1010 901 1060 singulorum.
926 1011 1102 1048 Ceterum
1126 1011 1326 1049 dissensus
1347 1024 1425 1049 non
1446 1015 1504 1050 est
1517 1014 1619 1050 tanti
1634 1017 1833 1061 momenti,
1858 1029 1945 1054 cum

206 1069 234 1106 ii
267 1069 450 1118 theologi,
482 1070 551 1117 qui
582 1071 729 1118 negant
759 1069 797 1105 id
831 1081 913 1106 esse
934 1070 1164 1117 revelatum,
1197 1072 1386 1108 tueantur
1408 1071 1448 1108 id
1471 1075 1601 1109 tamen
1622 1074 1837 1112 tenendum
1860 1088 1944 1113 esse

206 1140 370 1165 assensu
400 1128 690 1165 infallibili
722 1129 921 1176 tamquam
954 1129 1100 1166 factum
1131 1129 1410 1178 dogmaticum,
1446 1131 1485 1167 in
1518 1144 1595 1180 quo
1619 1133 1852 1171 stabiliendo
1874 1135 1945 1172 Ec-

206 1187 320 1225 clesia
351 1189 412 1224 est
443 1187 664 1224 infallibilis
697 1185 751 1239 (n.
777 1184 889 1240 281).
934 1187 986 1225 Cf.
1008 1188 1089 1224 Liv.
1113 1189 1279 1237 Meyer
1309 1189 1401 1227 hist.
1424 1192 1598 1227 controv.
1622 1191 1668 1228 de
1699 1193 1855 1230 auxiliis
1878 1193 1945 1240 IV,

208 1253 273 1286 36.
302 1269 347 1274 -—
373 1247 468 1283 Fere
499 1246 633 1283 eadem
665 1246 741 1283 dici
771 1248 936 1295 possunt
967 1247 1014 1283 de
1046 1247 1284 1295 quaestione,
1317 1261 1415 1285 num
1446 1249 1508 1286 hic
1531 1250 1592 1286 vel
1624 1250 1692 1288 ille
1716 1254 1873 1290 sanctus
1895 1253 1944 1290 ab

204 1305 378 1343 Ecclesia
407 1306 634 1343 solemniter
664 1306 910 1343 canonizatus
943 1306 995 1343 sit
1026 1306 1067 1342 in
1089 1307 1204 1344 coelo.
1247 1307 1456 1344 Affirmant
1478 1308 1543 1345 alii
1567 1307 1630 1360 (cf.
1654 1310 1860 1348 Maurus
1883 1325 1943 1361 op.

202 1364 322 1402 theol.
343 1365 368 1401 l.
395 1371 414 1404 7
432 1377 467 1412 q.
497 1371 574 1404 140
599 1378 636 1404 n.
656 1365 735 1413 17),
758 1366 961 1414 negabunt
982 1365 1050 1401 alii
1073 1366 1250 1403 contenti
1273 1367 1500 1412 assertione,
1524 1368 1565 1404 id
1587 1368 1835 1407 referendum
1859 1384 1942 1409 esse

204 1424 251 1460 ad
272 1423 373 1461 facta
395 1423 624 1473 dogmatica,
649 1424 696 1461 de
719 1424 863 1472 quibus
884 1424 1086 1461 infallibili
1108 1427 1260 1462 constat
1282 1425 1520 1463 certitudine
1544 1424 1596 1479 (n.
1623 1426 1735 1480 279).

322 1503 364 1545 4.
390 1506 599 1550 Quaeritur
629 1519 723 1543 num
755 1507 858 1554 quod
891 1509 950 1543 est
971 1507 1195 1544 virtualiter
1223 1509 1378 1544 tantum
1401 1509 1630 1556 revelatum,
1664 1513 1709 1547 ut
1733 1513 1940 1559 conclusio,

203 1577 303 1614 quae
325 1578 370 1602 ex
392 1565 540 1613 duplici
562 1565 772 1613 praemissa
805 1566 977 1603 revelata
998 1567 1059 1603 vel
1082 1579 1127 1603 ex
1150 1579 1227 1603 una
1247 1567 1428 1612 revelata,
1462 1568 1583 1605 altera
1605 1571 1840 1608 naturaliter
1861 1573 1941 1609 evi-

203 1624 312 1662 denti
334 1625 515 1665 infertur,
541 1625 594 1661 sit
615 1625 811 1672 objectum
834 1625 923 1662 fidei
946 1625 1110 1662 divinae.
1135 1626 1448 1673 Respondemus:
1466 1627 1668 1665 Conclusio
1691 1642 1769 1666 non
1791 1634 1851 1667 est
1873 1632 1940 1668 ob-

197 1684 346 1732 jectum
378 1683 464 1720 fidei
499 1683 664 1728 divinae,
698 1683 732 1720 si
753 1684 851 1721 ratio
874 1696 1053 1721 assensus
1077 1685 1214 1721 saltem
1237 1685 1414 1733 partialis
1439 1687 1496 1722 est
1518 1687 1724 1724 bonitas
1748 1689 1939 1728 illationis

202 1743 264 1780 vel
294 1743 510 1791 praemissa
540 1743 662 1779 altera
693 1755 771 1779 non
793 1743 984 1780 revelata:
1018 1743 1110 1791 quia
1137 1747 1233 1780 tunc
1255 1756 1436 1781 assensus
1459 1758 1536 1782 non
1559 1746 1730 1794 amplius
1753 1748 1941 1787 innititur

204 1802 312 1839 sola
342 1802 577 1838 auctoritate
611 1801 679 1838 Dei
709 1802 929 1844 revelantis,
962 1802 1026 1839 sed
1063 1815 1149 1839 cum
1173 1803 1242 1839 hac
1265 1803 1373 1839 aliud
1395 1805 1593 1842 concurrit
1614 1806 1826 1851 motivum;
1861 1808 1938 1845 for-

202 1861 315 1898 malis
336 1873 428 1898 vero
450 1860 652 1897 tendentia
675 1863 783 1897 actus
806 1860 895 1897 fidei
917 1861 1072 1898 divinae
1095 1864 1155 1899 est
1178 1862 1440 1899 essentialiter
1462 1864 1572 1901 haec:
1597 1864 1715 1901 Credo
1739 1866 1820 1912 hoc,
1847 1869 1940 1915 quia

202 1920 306 1957 Deus
328 1920 370 1956 id
391 1919 509 1964 dixit3
535 1932 603 1956 seu
625 1920 712 1956 aliis
736 1919 882 1957 verbis:
907 1920 1100 1958 conclusio
1123 1921 1315 1969 eju÷modi
1336 1934 1415 1958 non
1438 1924 1498 1958 est
1520 1922 1566 1959 de
1588 1923 1674 1967 fide,
1700 1925 1732 1960 si
1756 1926 1937 1975 syllogis-

201 1991 287 2016 mus
318 1981 376 2016 est
407 1978 672 2015 illativus:
706 1981 766 2015 est
786 1979 848 2016 vel
880 1980 1017 2016 saltem
1048 1980 1193 2028 poterit
1225 1992 1307 2017 esse
1339 1980 1385 2017 de
1417 1980 1501 2025 fide,
1535 1982 1566 2018 si
1599 1983 1855 2032 syllogismus
1879 1989 1937 2023 est

200 2039 359 2075 tantum
380 2037 707 2085 explicativu
721 2050 758 2081 s,
793 2038 824 2074 si
852 2038 999 2075 scilicet
1022 2051 1100 2076 una
1122 2051 1166 2076 ex
1187 2039 1413 2088 praemissis
1437 2040 1646 2078 adhibetur
1668 2042 1715 2078 ad
1739 2044 1934 2092 explican-

201 2097 306 2143 dum,
330 2097 425 2145 quid
446 2097 487 2133 in
509 2097 632 2133 altera
653 2097 820 2133 revelata
842 2097 1032 2145 implicite
1054 2110 1098 2134 ex
1120 2098 1319 2146 loquentis
1343 2098 1561 2136 intentione
1585 2101 1842 2147 contineatur,
1867 2116 1935 2141 seu

201 2158 261 2193 est
280 2158 438 2193 tantum
460 2155 631 2193 conditio
654 2156 851 2205 applicans
874 2157 1063 2193 rationem
1085 2157 1286 2194 formalem
1309 2157 1409 2194 fidei.
1432 2158 1477 2194 In
1501 2159 1620 2206 priori
1636 2172 1726 2197 casu
1741 2163 1935 2200 conclusio

201 2215 345 2252 dicitur
365 2215 684 2263 theologica,
719 2215 829 2263 cujus
862 2215 1058 2252 certitudo
1081 2216 1208 2253 minor
1230 2216 1388 2265 quidem
1410 2219 1470 2254 est
1493 2230 1547 2263 ea,
1580 2231 1656 2266 qua
1678 2221 1823 2268 gaudet
1846 2234 1936 2259 con-

200 2274 323 2311 clusio
346 2274 392 2310 de
414 2274 500 2318 fide,
524 2274 648 2322 major
669 2276 813 2310 tamem
836 2275 1071 2311 certitudine
1091 2275 1351 2312 conclusionis
1367 2287 1445 2312 non
1458 2277 1709 2326 theologicae.
1735 2278 1808 2322 Qui
1831 2281 1934 2318 enim

200 2345 283 2369 eam
294 2335 465 2382 negaret,
477 2336 609 2380 posset
623 2346 647 2381 p
658 2346 678 2369 r
689 2346 709 2369 a
721 2345 740 2369 6
753 2345 769 2369 s
782 2346 808 2370 u
819 2333 882 2369 mi
897 2334 1125 2372 haereticus.
1140 2334 1230 2381 quia
1242 2335 1382 2371 merito
1395 2336 1669 2382 praesumitur,
1684 2350 1934 2376 61111111οΠ116-

199 2404 290 2441 gare
312 2392 530 2429 illationem
551 2392 613 2428 vel
644 2391 883 2439 principium
916 2392 1074 2429 evidens
1098 2394 1288 2436 naturale,
1322 2393 1387 2431 sed
1408 2393 1531 2441 ipsam
1552 2397 1804 2443 praemissam
1826 2412 1932 2436 reve-

199 2451 328 2488 latam.
353 2450 404 2490 Cf.
427 2451 546 2488 Pesc
561 2450 585 2486 h
608 2450 700 2487 VIII
721 2463 757 2486 n.
784 2456 864 2491 253
891 2463 941 2489 ss.

317 2545 413 2586 503.
436 2542 500 2582 De
521 2541 729 2583 Ecclesiae
754 2544 1046 2597 propositione.
1086 2569 1136 2573 —
1161 2543 1374 2585 Hactenus
1407 2546 1458 2586 de
1490 2547 1698 2588 materiali
1730 2548 1825 2589 fidei
1856 2549 1932 2589 ob-

194 2612 320 2664 jecto.
361 2612 457 2654 Jam
489 2612 645 2665 aliquid
677 2613 899 2653 dicendum
932 2614 984 2654 de
1016 2626 1067 2654 ea
1100 2615 1353 2663 conditione,
1386 2629 1494 2668 quae
1516 2619 1759 2659 necessaria
1783 2624 1855 2667 est.¹
1888 2624 1934 2660 ut

197 2683 354 2724 veritas
376 2683 564 2724 revelata
586 2683 799 2735 objectum
835 2684 887 2724 sit
918 2683 1012 2724 fidei
1045 2685 1281 2726 catholicae
1305 2688 1360 2740 (n.
1383 2687 1499 2742 498),
1534 2688 1619 2729 scil.
1643 2689 1694 2729 de
1716 2689 1930 2731 Ecclesiae

198 2754 498 2805 propositione,
521 2753 572 2794 de
596 2766 679 2806 qua
700 2755 858 2806 pariter
880 2760 994 2795 certo
1018 2755 1140 2797 nobis
1163 2761 1360 2798 constare
1386 2758 1521 2801 debet.

318 2836 357 2878 1.
380 2835 605 2886 Quaeritur
636 2837 851 2889 quomodo
875 2836 1062 2878 Ecclesia
1093 2838 1330 2879 doctrinam
1367 2840 1552 2893 aliquam
1575 2841 1805 2882 revelatam
1828 2855 1927 2893 pro-

198 2911 341 2958 ponat,
364 2906 471 2947 adeo
494 2912 539 2946 ut
561 2906 703 2948 fideles
726 2912 950 2948 teneantur
981 2908 1094 2948 illam
1127 2909 1206 2949 fide
1238 2911 1411 2952 credere
1434 2912 1653 2959 catholica,
1689 2924 1762 2952 seu
1787 2914 1927 2965 cujus-

198 2976 314 3017 modi
335 2977 386 3016 sit
408 2977 516 3018 haec
537 2977 749 3018 Ecclesiae
772 2979 1015 3030 propositio.
1058 2977 1134 3019 Cui
1163 2982 1401 3032 quaestioni
1431 2986 1477 3022 ut
1508 2983 1829 3031 satisfaciamus,
1852 2984 1927 3023 ad-

198 3047 304 3087 verti
326 3046 460 3096 debet,
483 3047 635 3099 duplex
658 3061 751 3090 esse
773 3049 985 3090 Ecclesiae
1009 3050 1295 3101 magisterium
1327 3064 1403 3093 seu
1435 3053 1613 3093 docendi
1644 3053 1829 3095 modum.
1862 3054 1920 3095 al-
