2175 3382
803 93 839 125 et
856 92 1030 125 vaticinia
1048 92 1239 136 possibilia
1256 96 1351 127 sunt.
1881 102 1936 142 29

325 212 601 250 Miraculorum
624 214 735 250 varia
756 214 905 261 speeies.
928 235 985 241 —-
1007 214 1171 251 Ratione
1194 216 1383 263 prioris
1415 217 1644 255 characteris
1677 219 1934 269 distinguun-

203 272 270 309 tur
290 271 478 309 miracula
503 269 540 312 l.
562 271 604 308 in
625 284 679 316 ea,
704 284 803 320 quae
824 274 988 309 naturae
1010 273 1112 310 vires
1128 277 1314 321 superant
1327 277 1395 312 aut
1410 276 1558 313 ratione
1581 278 1677 322 sui,
1702 280 1771 315 aut
1783 278 1936 316 ratione

203 330 427 379 subjecti
447 330 489 367 in
511 343 588 379 quo
610 330 723 376 fiunt,
747 333 816 368 aut
837 331 987 368 ratione
1009 332 1143 369 modi
1165 343 1241 380 quo
1262 335 1481 381 patrantur,
1505 347 1621 382 quam
1644 336 1932 375 distinctionem

202 402 230 427 s.
253 389 461 426 Thomas
482 390 506 426 l.
529 403 566 438 p.
589 402 624 438 q.
654 396 730 430 105
756 403 788 426 a.
805 395 826 430 S
850 390 907 427 ita
927 390 1114 439 explicat:
1140 391 1329 434 ‚Excedit
1349 392 1499 440 aliquid
1522 393 1749 431 facultatem
1771 398 1934 433 naturae

201 447 432 497 tripliciter3
463 461 542 486 uno
564 449 677 486 modo
700 451 891 496 quantum
916 449 964 486 ad
987 450 1247 487 substantiam
1271 450 1361 487 facti
1375 480 1383 495 ,
1416 451 1518 488 sicut
1549 453 1653 499 quod
1675 453 1752 489 duo
1775 466 1933 503 corpora

203 506 286 544 sint
314 506 444 553 simul,
475 508 538 545 vel
561 507 665 555 quod
687 508 745 544 sol
775 508 1012 552 retrocedat,
1046 511 1115 545 aut
1146 509 1251 556 quod
1283 522 1422 558 corpus
1444 510 1657 547 humanum
1680 512 1931 561 glorificetur,

202 565 306 614 quod
336 565 448 603 nullo
479 566 592 604 modo
623 569 766 604 natura
795 567 919 604 facere
949 569 1091 615 potest.
1134 567 1310 605 Secundo
1343 569 1493 616 aliquid
1525 570 1675 606 excedit
1705 570 1932 608 facultatem

200 627 365 662 naturae
387 637 465 662 non
488 627 682 674 quantum
703 625 752 663 ad
773 626 825 669 id,
858 626 962 674 quod
986 626 1039 671 fit,
1073 626 1140 663 sed
1173 629 1363 674 quantum
1397 627 1442 664 ad
1466 628 1515 673 id,
1553 628 1595 665 in
1625 641 1702 676 quo
1724 629 1779 666 fit.
1823 630 1930 668 Sicut

200 683 446 721 resuscitatio
468 687 713 722 mortuorum
735 686 775 722 et
795 684 1030 722 illuminatio
1053 697 1254 723 coecorum
1277 688 1317 722 et
1339 686 1493 723 similia.
1517 688 1650 724 Potest
1670 688 1772 725 enim
1794 692 1931 726 natura

201 754 360 780 causare
381 742 515 788 vitam,
549 745 615 781 sed
638 756 717 781 non
737 743 779 780 in
801 747 976 789 mortuo,
1008 746 1047 781 et
1067 746 1198 793 potest
1218 747 1414 793 praestare
1436 746 1587 790 visum,
1622 747 1688 783 sed
1711 759 1788 784 non
1811 759 1931 785 coeco.

200 802 330 839 Tertio
361 803 475 840 modo
506 803 658 840 excedit
687 802 836 851 aliquid
859 802 1087 840 facultatem
1107 806 1271 840 naturae
1303 806 1496 852 quantum
1517 805 1564 841 ad
1587 805 1746 842 modum
1769 808 1808 843 et
1831 807 1932 843 ordi-

200 873 289 897 nem
311 860 488 898 faciendi.
522 861 633 899 Sicut
654 874 741 899 cum
763 861 906 910 aliquis
939 862 1070 899 subito
1091 875 1162 911 per
1183 862 1374 900 virtutem
1405 863 1579 900 divinam
1601 877 1622 900 a
1643 864 1749 901 febre
1773 869 1934 902 curatur

200 919 348 968 absque
369 921 570 958 curatione
600 923 640 958 et
661 922 846 958 consueto
868 933 1049 969 processu
1071 922 1234 958 naturae
1256 922 1298 958 in
1319 922 1477 967 talibus,
1511 925 1579 959 aut
1602 934 1689 960 cum
1713 924 1845 961 statim
1868 930 1933 961 atii-

200 978 337 1016 divina
356 979 506 1018 virtute
527 979 569 1017 in
590 980 746 1029 pluvias
761 980 949 1017 densatur
969 980 1116 1029 absque
1131 980 1378 1018 naturalibus
1400 983 1527 1018 causis
1551 1011 1558 1018 .
1582 1011 1589 1018 .
1614 1011 1620 1018 .
1644 986 1682 1018 et
1703 983 1929 1031 hujusmodi

198 1040 338 1075 tenent
357 1038 534 1076 infimum
557 1039 686 1076 locum
708 1039 751 1076 in
771 1039 983 1076 miraculis.
995 1044 1012 1062 «
1056 1039 1108 1076 Cf.
1141 1040 1187 1076 de
1220 1041 1300 1088 pot.
1333 1053 1369 1088 q.
1395 1047 1416 1080 6
1441 1054 1472 1085 a,
1500 1046 1520 1079 2
1546 1041 1594 1077 ad
1619 1047 1654 1080 3.
1688 1063 1743 1068 —
1767 1042 1931 1079 Ratione

199 1097 426 1135 alterius
449 1097 694 1141 characteris,
717 1098 757 1135 vi
778 1098 891 1146 cujus
913 1098 1103 1135 miracula
1134 1101 1227 1136 sunt
1258 1099 1419 1136 effectus
1451 1102 1606 1148 praeter
1628 1100 1803 1137 ordinem
1826 1113 1930 1138 com-

198 1156 373 1194 muniter
394 1161 603 1201 servatum,
626 1157 929 1207 distinguuntur
949 1155 993 1197 2.
1016 1158 1122 1203 inea,
1146 1170 1244 1206 quae
1267 1161 1360 1195 sunt
1381 1159 1444 1196 vel
1467 1171 1588 1207 supr
1598 1172 1629 1203 a,
1654 1160 1716 1196 vel
1739 1162 1929 1204 contra,

198 1215 262 1252 vel
291 1218 500 1264 praeter
529 1217 635 1266 leges
664 1216 812 1254 ordinis
843 1229 949 1254 nunc
979 1216 1161 1264 vigentis.
1212 1217 1444 1254 Miraculum
1475 1219 1533 1254 est
1565 1230 1683 1266 supra
1715 1220 1931 1267 praesentis

199 1273 345 1313 ordinis
364 1276 484 1325 leges,
508 1276 541 1313 si
562 1275 713 1313 excedit
734 1288 867 1313 omnes
890 1276 973 1323 ejus
994 1275 1107 1320 vires,
1131 1278 1178 1313 ut
1200 1288 1286 1313 cum
1301 1276 1423 1313 Josue
1446 1277 1564 1314 solem
1582 1277 1705 1325 jussit
1727 1279 1848 1322 stare;
1872 1282 1932 1315 est

198 1335 333 1371 contra
353 1335 529 1384 ejusdem
550 1335 667 1385 leges,
691 1335 725 1372 si
745 1334 907 1372 effectus
929 1337 988 1372 est
1008 1328 1124 1383 plane
1147 1335 1366 1372 contrarius
1388 1336 1468 1381 illi,
1502 1335 1572 1383 qui
1593 1336 1634 1372 in
1665 1336 1769 1373 hisce
1792 1337 1930 1385 adjun-

198 1392 271 1430 ctis
292 1394 509 1431 secundum
529 1395 635 1444 leges
658 1394 769 1442 sequi
791 1394 968 1439 deberet,
1001 1396 1047 1431 ut
1069 1407 1157 1431 cum
1178 1396 1260 1431 tres
1290 1395 1403 1442 pueri
1434 1407 1513 1432 non
1538 1395 1869 1433 comburebantur
1889 1397 1930 1433 in

197 1451 350 1490 fornace
372 1453 546 1503 ardenti3
568 1455 629 1490 est
649 1455 804 1502 praeter
825 1454 930 1503 leges
951 1457 1126 1499 naturae,
1149 1453 1182 1490 si
1204 1453 1364 1490 effectus
1385 1453 1538 1491 viribus
1562 1466 1630 1491 seu
1652 1454 1791 1491 mediis
1814 1457 1930 1492 natu-

196 1511 346 1549 ralibus
368 1512 558 1550 obtinerit
578 1512 711 1561 possit,
736 1512 940 1549 obtinetur
960 1524 1052 1549 vero
1075 1512 1258 1561 sepositis
1273 1512 1411 1550 mediis
1434 1512 1695 1553 naturalibus,
1719 1516 1765 1550 ut
1780 1515 1930 1551 sanatio

195 1569 340 1608 infirmi
370 1572 453 1608 sola
481 1571 728 1609 invocatione
758 1571 928 1608 nominis
958 1571 1056 1608 Jesu
1087 1571 1233 1608 effecta.
1259 1593 1308 1598 -—
1333 1572 1644 1621 Distinguuntur
1676 1570 1718 1612 3.
1743 1572 1928 1610 miracula

196 1629 239 1667 in
268 1630 512 1668 absoluta
541 1632 582 1667 et
611 1630 857 1668 relativa:
890 1630 960 1667 illa
980 1632 1074 1667 sunt
1095 1630 1267 1675 effectus,
1291 1631 1359 1678 qui
1381 1632 1567 1679 superant
1588 1631 1690 1667 vires
1713 1632 1838 1669 omnis
1860 1645 1929 1669 na-

196 1691 309 1726 turae
330 1691 500 1734 creatae3
526 1690 618 1727 haec
639 1702 729 1726 vero
753 1691 847 1727 sunt
869 1689 1042 1733 effectus,
1067 1689 1135 1737 qui
1158 1691 1345 1738 superant
1366 1692 1529 1727 naturae
1551 1690 1706 1737 quidem
1720 1690 1927 1729 inferioris,

196 1761 275 1785 non
296 1761 388 1786 vero
409 1751 575 1786 naturae
597 1750 749 1785 creatae
771 1748 981 1797 superioris
1003 1750 1049 1785 ut
1072 1749 1280 1797 angelicae.

315 1831 635 1869 Vaticinium
665 1843 757 1868 vero
789 1831 890 1868 solet
921 1830 1094 1867 definiri:
1127 1831 1348 1879 praesensio
1381 1833 1419 1867 et
1440 1830 1653 1879 praedictio
1677 1834 1780 1868 certa
1802 1832 1926 1869 futuri

195 1890 362 1939 alicujus
382 1892 558 1935 eventus,
581 1890 651 1939 qui
670 1890 712 1927 in
734 1890 859 1927 causis
880 1889 1132 1927 naturalibus
1153 1889 1339 1938 praesciri
1360 1902 1440 1926 non
1461 1892 1604 1938 potest.

313 1986 381 2026 20.
404 1982 778 2026 Demonstratio.
828 1981 1026 2022 Admissa
1056 1982 1186 2022 semel
1218 1981 1294 2022 Dei
1325 1981 1582 2030 exsistentia,
1615 1993 1743 2033 quam
1775 1982 1817 2022 in
1850 1982 1929 2023 ha(¹

196 2053 480 2105 disputatione
503 2053 792 2105 supponimus,
816 2052 1116 2094 miraculorum
1140 2051 1396 2104 possibilitas
1413 2051 1596 2092 absurde
1610 2055 1797 2104 negatur.
1820 2051 1928 2093 Nam

316 2124 357 2167 1.
381 2136 464 2176 quo
486 2124 699 2176 potentior
721 2128 786 2164 est
807 2123 948 2176 aliqua
970 2135 1112 2172 causa,
1136 2134 1187 2163 eo
1210 2122 1333 2175 plura
1356 2121 1522 2163 efficere
1537 2123 1703 2174 poterit,
1726 2135 1834 2175 quae
1856 2136 1927 2163 su-

195 2199 344 2247 perent
365 2194 538 2236 effectus
560 2206 787 2235 causarum
808 2193 1066 2237 inferiorum.
1088 2193 1213 2246 Atqui
1234 2193 1347 2234 Deus
1370 2193 1560 2245 potentia
1583 2192 1741 2233 infinite
1764 2194 1927 2234 excedit

196 2277 367 2307 omnem
387 2271 568 2306 naturae
590 2269 799 2306 virtutem.
842 2264 1001 2306 Poterit
1023 2276 1122 2316 ergo
1145 2276 1222 2316 pro
1245 2263 1362 2304 libito
1387 2263 1526 2304 facere
1550 2275 1657 2316 quae
1680 2269 1778 2304 sunt
1799 2277 1925 2316 supra

195 2335 262 2377 vel
283 2340 433 2377 contra
454 2340 704 2377 consuetum
727 2340 906 2376 naturae
929 2335 1121 2376 ordinem
1143 2335 1167 2378 i.
1183 2347 1217 2379 e.
1232 2334 1457 2381 miracula3
1480 2346 1580 2374 nam
1602 2334 1655 2374 ad
1670 2334 1751 2375 hoc
1765 2333 1929 2376 sufficit.

194 2411 374 2448 naturae
388 2407 498 2448 vires
513 2406 668 2448 elidere
682 2406 749 2448 vel
761 2407 952 2455 vincere3
975 2419 1058 2459 qua
1081 2406 1245 2446 ratione
1260 2405 1325 2446 vel
1348 2405 1477 2446 homo
1500 2405 1622 2457 plura
1644 2409 1793 2458 potest,
1817 2417 1925 2458 quae

195 2481 294 2518 sunt
323 2490 453 2530 supra
473 2478 541 2519 vel
571 2481 721 2518 contra
751 2480 949 2518 naturam
981 2489 1026 2518 se
1049 2476 1303 2518 inferiorem.
1347 2475 1488 2527 Quare
1510 2477 1618 2517 sicut
1640 2481 1812 2528 propter
1833 2476 1923 2516 infi-

195 2547 329 2588 nitam
349 2547 426 2589 Dei
448 2549 720 2589 eminentiam
755 2561 884 2601 supra
906 2547 1139 2601 quamlibet
1169 2552 1368 2588 naturam
1390 2547 1642 2587 rationalem
1665 2546 1828 2587 admitti
1850 2546 1925 2587 de-

195 2618 297 2660 bent
318 2620 361 2659 in
383 2619 531 2660 ordine
553 2619 689 2671 logico
712 2620 914 2672 mysteria
935 2631 1011 2660 seu
1024 2619 1223 2660 veritates
1238 2617 1617 2671 superrationales:
1639 2619 1697 2657 ita
1718 2616 1830 2657 haud
1845 2617 1924 2656 im-

195 2689 347 2730 merito
369 2689 412 2729 in
434 2689 581 2731 ordine
604 2690 829 2743 dynamico
852 2690 1074 2742 possibiles
1096 2690 1296 2730 censendi
1318 2693 1414 2730 sunt
1437 2688 1619 2736 effectus,
1643 2688 1712 2740 qui
1727 2693 1924 2739 superent

195 2760 306 2801 vires
327 2765 506 2801 naturae
527 2761 551 2804 i.
574 2773 609 2804 e.
631 2761 857 2802 miracula:
881 2761 994 2813 quod
1017 2761 1130 2801 enim
1153 2765 1250 2802 sunt
1272 2759 1473 2813 mysteria
1495 2770 1598 2811 prae
1620 2759 1795 2810 ratione,
1827 2764 1920 2798 sunt

197 2830 401 2872 miracula
423 2843 525 2883 prae
546 2835 710 2872 natura.

313 2902 358 2944 2.
381 2900 494 2943 Sane
533 2902 738 2943 miracula
779 2906 955 2943 eatenus
995 2906 1159 2943 tantum
1194 2901 1471 2953 impossibilia
1502 2899 1704 2940 affirmari
1734 2905 1920 2950 possunt.

197 2975 406 3024 quatenus
435 2977 614 3024 negatur
634 2973 701 3014 vel
728 2987 770 3018 a.
795 2974 1102 3026 omnipotentia
1123 2973 1218 3020 Dei;
1250 2973 1315 3013 vel
1341 2974 1385 3016 b.
1408 2972 1519 3012 Deus
1541 2971 1742 3011 asseritur
1764 2970 1919 3021 depen-

197 3042 300 3083 dens
323 3054 349 3083 a
369 3042 530 3095 legibus
552 3048 752 3094 naturae,
775 3045 842 3085 vel
856 3057 898 3088 c.
913 3056 1116 3096 praesens
1139 3044 1242 3085 ordo
1266 3048 1445 3084 naturae
1468 3043 1663 3083 statuitur
1685 3041 1805 3081 unice
1820 3052 1919 3092 pos-
