2175 3382
252 156 329 194 154
444 149 563 182 'Pi-m.
585 148 625 181 11.
648 147 697 181 De
716 147 928 181 traditione.
948 145 1076 180 'l'hesis
1095 145 1239 180 xxvii.
1260 146 1311 179 De
1329 145 1533 179 scholarum
1554 146 1592 178 et
1610 144 1767 179 maxime

246 280 322 308 suo
343 266 510 307 silentio
531 266 777 318 deciperet⁴⁶
807 264 951 318 quue
974 265 1107 316 magis
1129 264 1240 317 quod
1256 263 1454 311 Ecclesia,
1476 264 1510 304 si
1532 275 1638 316 quas
1659 263 1859 304 haereses
1879 275 1980 304 con-

245 338 472 385 demnavit,
495 337 529 377 si
552 349 635 390 qua
657 337 708 378 de
733 336 811 377 fide
834 342 875 377 et
898 336 1088 376 moribus
1110 336 1281 376 decreta
1305 335 1407 378 tulit.
1432 335 1471 375 in
1496 335 1683 387 utrisque
1703 333 1979 375 scholastico-

245 421 337 449 rum
360 408 500 449 studio
524 413 564 448 et
587 407 803 459 diligentia
827 407 1099 447 vehementer
1121 405 1416 459 adjuvabatur.

365 481 408 522 3.
434 478 608 520 Accedit
630 479 803 519 ductum
837 490 886 518 ex
911 477 1088 518 historia
1110 481 1418 529 argumentum,
1440 488 1523 529 quo
1547 475 1764 524 doeemur,
1794 487 1881 524 eos,
1911 476 1981 529 qui

245 550 435 591 unanimi
457 550 700 591 scholarum
725 549 997 590 consensioni
1021 549 1062 588 in
1085 548 1316 588 christiana
1339 547 1601 588 institutione
1623 546 1895 598 pertinaciter
1914 556 1981 586 re-

245 625 496 673 pugnarunt,
539 621 675 661 serius
716 620 834 661 ocius
875 621 1010 671 ipsam
1043 619 1270 659 incurrisse
1302 618 1491 659 haeresis
1522 617 1677 658 labem.
1731 615 1982 667 „Connexae

245 693 398 745 quippe
421 696 530 738 sunt,
553 691 687 744 inquit
709 691 928 731 verissime
942 690 1089 730 Melch.
1104 687 1283 730 Canus
1305 689 1327 729 l.
1345 701 1376 733 c,
1393 702 1426 729 c.
1445 691 1481 736 1,
1496 693 1537 730 et
1559 688 1675 729 suere
1696 699 1865 740 semper
1887 692 1982 740 post

245 767 389 804 natam
407 762 610 809 scholam,
625 761 798 802 scholae
815 762 1072 813 contemptio
1089 765 1130 801 et
1143 761 1369 801 haeresum
1386 764 1560 812 pestes.“
1590 758 1731 810 Quare
1746 758 1802 799 nil
1816 758 1980 807 mirum,

245 838 286 874 et
300 845 386 882 θος,
409 833 478 886 qui
494 833 718 874 recentiori
741 836 881 873 aetate
903 833 946 872 in
968 832 1096 872 rebus
1118 831 1368 884 dogmaticis
1389 835 1595 879 errarunt,
1618 830 1785 871 animos
1805 829 1983 883 gessisse

249 905 290 945 in
313 904 482 945 scholas
505 902 704 952 infensos,
728 907 770 944 et
792 903 974 943 vicissim
999 903 1177 954 depositi
1200 902 1398 943 custodes
1420 901 1596 943 tutelam
1619 901 1660 942 in
1683 905 1819 942 semet
1839 911 1983 942 susce-

247 976 357 1027 pisse
380 975 624 1016 scholarum
644 975 686 1030 1).

369 1062 530 1098 Uberior
553 1062 667 1098 thesis
689 1061 907 1098 declaratio.
932 1083 986 1086 —
1009 1059 1070 1096 Ad
1092 1059 1308 1108 pleniorem
1331 1058 1557 1095 assertionis
1580 1057 1886 1107 intelligentiam

364 1117 402 1160 l.
424 1123 584 1157 notetur
605 1132 675 1157 nos
697 1120 807 1168 loqui
828 1119 968 1156 nonde
982 1118 1176 1156 sententia
1198 1118 1277 1155 sin
1288 1131 1314 1167 g
1325 1131 1350 1155 u
1363 1118 1376 1154 l
1387 1131 1408 1154 a
1419 1117 1500 1154 riu
1512 1131 1549 1154 m
1571 1117 1818 1165 quorun-lam
1839 1121 1856 1152 t-
1867 1117 1892 1154 h
1905 1130 1924 1154 e
1938 1129 1978 1154 0-

244 1180 497 1229 logorum‚
521 1179 587 1216 sed
609 1179 655 1216 de
679 1178 913 1216 unanimi
935 1181 975 1215 et
997 1177 1263 1215 constanti
1286 1176 1575 1226 conspiratione
1598 1176 1891 1213 scholarum
1912 1188 1980 1225 per

243 1241 398 1287 tempus
420 1238 665 1282 diuturnum,
690 1240 729 1275 et
751 1237 909 1286 quidem
933 1237 975 1274 in
998 1236 1218 1274 doctrinam
1242 1237 1415 1285 aliquam
1437 1248 1514 1273 non
1529 1235 1892 1284 quomodocunque,
1915 1234 1981 1272 sed

244 1310 360 1345 quam
384 1297 519 1334 dicant
540 1298 752 1335 revelatam
775 1299 893 1345 atque
916 1296 1023 1334 fide
1044 1296 1266 1334 tenendam.

362 1367 403 1409 2.
427 1368 578 1406 Scholis
610 1369 709 1405 hanc
739 1367 1015 1405 auctoritatem
1043 1380 1123 1405 non
1144 1367 1399 1410 vindicamus,
1432 1366 1546 1414 quasi
1569 1366 1722 1403 scholae
1745 1365 1982 1403 scholarum-

244 1440 319 1476 que
341 1428 513 1477 theologi
537 1428 616 1465 sint
638 1440 827 1477 organum
850 1427 951 1464 illud
972 1426 1198 1464 immediate
1221 1440 1242 1463 a
1257 1426 1410 1463 Christo
1434 1425 1663 1462 institutum
1688 1424 1736 1461 ad
1751 1436 1982 1462 conservan-

244 1486 333 1524 dam
363 1487 582 1524 doctrinam
612 1488 825 1524 revelatam
857 1486 929 1523 sub
961 1486 1183 1523 assistentia
1206 1485 1377 1534 Spiritus
1399 1484 1601 1529 veritatis3
1634 1484 1699 1521 sed
1723 1486 1918 1531 quatenus
1938 1495 1983 1520 ex

245 1557 378 1583 earum
410 1546 698 1595 conspiratione
731 1549 836 1583 certo
868 1547 1020 1583 constat
1042 1545 1087 1582 de
1109 1544 1324 1582 traditione
1346 1546 1386 1581 et
1406 1543 1614 1581 intellectu
1637 1542 1829 1580 catholico
1859 1542 1983 1591 ipsius

245 1605 498 1643 successionis
528 1605 774 1654 apostolicae.
817 1604 942 1649 Quare
977 1605 1081 1641 inter
1102 1606 1267 1653 patrum*
1283 1615 1513 1640 consensum
1536 1606 1575 1639 et
1596 1602 1870 1651 theologorum
1892 1613 1982 1639 con-

245 1664 495 1713 spirationem
533 1665 637 1702 haud
659 1664 985 1702 contemnendum
1010 1666 1069 1701 est
1093 1663 1323 1700 discrimen:
1356 1675 1446 1699 nam
1469 1672 1511 1702 a.
1535 1664 1664 1710 patres
1686 1660 1767 1698 fere
1788 1672 1923 1698 omnes
1943 1660 1983 1698 vi

244 1724 419 1761 muneris
450 1736 694 1761 successores
727 1726 820 1760 sunt
851 1723 1126 1771 apostolorum,
1158 1722 1326 1770 ideoque
1347 1724 1469 1759 testes
1491 1720 1708 1758 authentici
1729 1719 1981 1757 revelationis

245 1786 284 1819 et
314 1783 475 1820 heredes
506 1783 755 1820 assistentiae
787 1782 962 1819 divinae:
994 1781 1214 1820 scholastici
1237 1793 1328 1818 vero
1360 1780 1503 1817 minori
1537 1792 1581 1817 ex
1604 1782 1715 1828 parte
1735 1779 1900 1816 fuerunt
1920 1778 1983 1816 vel

242 1840 336 1879 facti
357 1846 451 1879 sunt
473 1842 655 1891 episcopi,
680 1842 771 1879 hinc
791 1854 860 1890 per
881 1854 920 1878 se
942 1852 1022 1878 non
1043 1844 1138 1878 sunt
1159 1843 1278 1878 testes
1300 1839 1538 1883 authentici3
1575 1837 1622 1879 b.
1646 1841 1777 1887 patres
1799 1837 1880 1875 fere
1900 1836 1981 1875 sin-

242 1902 327 1949 guli
350 1901 397 1938 ab
418 1901 589 1938 Ecclesia
610 1901 754 1938 diserte
769 1901 831 1937 vel
854 1901 1147 1948 aequivalenter
1159 1900 1224 1937 vel
1246 1900 1385 1937 saltem
1408 1899 1526 1936 tacite
1550 1899 1645 1936 sunt-
1666 1896 1882 1947 approbati,
1905 1909 1983 1934 non

242 1972 335 1996 vero
358 1960 507 2009 singuli
531 1960 760 2005 scholastici,
785 1960 819 1996 si
840 1971 984 2008 paucos
1007 1959 1186 2008 excipias.

361 2028 402 2072 3.
424 2031 510 2068 Etsi
542 2032 663 2068 verba
692 2031 790 2079 Eph.
818 2037 854 2074 4,
885 2038 926 2070 11
947 2044 954 2067 :
989 2030 1037 2067 Et
1060 2032 1139 2078 ipse
1171 2027 1383 2082 (Christ-us)
1416 2030 1517 2066 dedit
1541 2062 1548 2069 ,
1572 2059 1578 2065 .
1603 2061 1611 2068 ,
1628 2032 1805 2076 pastores
1837 2032 1872 2064 et
1894 2028 1980 2064 doc-

243 2094 340 2126 tores
362 2092 430 2128 etc.
446 2090 663 2140 generatim
685 2102 764 2127 non
785 2092 963 2138 spectant
985 2090 1030 2126 ad
1054 2089 1228 2126 doctores
1252 2101 1268 2125 s
1282 2088 1602 2125 cholasticos
1620 2086 1664 2140 2),
1688 2089 1821 2123 tamen
1843 2086 1891 2123 ad
1914 2086 1980 2123 de-

242 2150 566 2186 monstrationem
588 2150 727 2186 saltem
747 2149 957 2186 mediatam
980 2148 1157 2185 adhiberi
1178 2149 1355 2196 possunt.
1378 2147 1511 2184 Posita
1532 2146 1637 2183 enim
1659 2145 1891 2183 auctoritate
1913 2145 1982 2181 do-

243 2208 365 2252 cendi,
390 2221 488 2256 quae
510 2208 746 2246 successioni
777 2208 1012 2256 apostolicae
1046 2220 1067 2244 a
1090 2207 1240 2244 Christo
1262 2206 1393 2244 verbis
1415 2206 1495 2243 illis
1519 2205 1659 2243 collata
1681 2205 1982 2247 demonstratur,

244 2269 374 2314 potest
395 2280 438 2304 ex
461 2268 699 2305 connexione
722 2280 765 2304 ac
786 2268 976 2305 relatione
999 2267 1151 2304 scholae
1167 2266 1213 2302 ad
1227 2268 1403 2314 pastores
1419 2270 1458 2302 et
1472 2265 1648 2302 doctores
1664 2263 1855 2301 divinitus
1868 2262 1983 2300 insti-

242 2328 351 2363 tutos
365 2326 491 2375 ipsius
508 2327 659 2364 scholae
674 2327 811 2364 deduci
826 2326 1050 2363 auctoritas.
1073 2325 1135 2362 Ad
1148 2338 1230 2362 rem
1246 2325 1275 2361 P
1287 2324 1299 2361 i
1311 2337 1338 2361 u
1350 2337 1366 2361 s
1381 2324 1444 2361 IX.
1459 2324 1500 2361 in
1514 2323 1574 2361 lit.
1590 2323 1634 2360 ad
1654 2323 1820 2371 archiep.
1833 2334 1984 2359 monae.

247 2391 311 2424 21.
335 2385 420 2423 Dec.
451 2392 557 2426 1863
581 2386 737 2423 scribit:
771 2386 936 2433 »Neque
965 2384 1253 2434 ignorabamus,
1278 2384 1319 2420 in
1342 2383 1549 2421 Germania
1571 2383 1690 2419 etiam
1710 2382 1849 2419 falsam
1870 2381 1980 2418 inva-

358 2537 360 2539 ’
393 2528 415 2570 ¹)
435 2527 486 2562 Cf.
508 2528 758 2573 Kleutgen
784 2529 912 2563 Theol.
933 2529 997 2562 der
1014 2528 1164 2562 Vorzeit
1181 2528 1208 2561 t.
1231 2531 1243 2562 1
1267 2529 1352 2561 sect.
1374 2529 1386 2560 1
1411 2539 1445 2561 n.
1464 2528 1511 2562 70
1528 2538 1594 2564 ss.;
1621 2527 1647 2561 t.
1668 2530 1691 2559 4
1708 2537 1743 2569 p.
1762 2529 1782 2559 2
1801 2524 1835 2561 d.
1857 2528 1873 2558 1
1893 2534 1921 2559 e.
1941 2527 1980 2562 6:

244 2580 381 2615 Philos.
402 2581 467 2614 der
484 2581 629 2616 Vorzeit
650 2594 684 2615 n.
703 2585 724 2616 8
741 2593 795 2621 ss.⁷
825 2582 888 2625 qui
916 2591 1054 2615 errores
1082 2581 1135 2615 de
1162 2581 1207 2615 la
1226 2581 1463 2621 Mennais‚
1488 2579 1718 2618 Bautain,
1746 2577 1982 2618 Gioberti,

246 2635 277 2668 H
288 2645 307 2668 e
317 2646 335 2668 r
346 2646 379 2668 m
393 2644 413 2668 e
424 2634 463 2668 si
475 2635 487 2668 i
501 2662 507 2674 ,
538 2635 568 2670 G
579 2639 602 2669 ii
614 2648 636 2669 n
648 2637 664 2669 t
675 2635 699 2668 h
711 2646 729 2669 e
740 2636 782 2668 ri
809 2637 845 2669 et
872 2635 1121 2669 aberrationes
1139 2633 1398 2679 philosophiae
1416 2632 1628 2667 recentioris
1654 2632 1742 2666 huic
1758 2630 1986 2675 contemptui

245 2687 442 2725 adscribit:
473 2688 503 2722 G
516 2689 629 2722 ener
646 2687 686 2721 in
702 2687 816 2722 theol.
835 2688 957 2733 dogm.
978 2687 1092 2723 schol.
1110 2690 1137 2721 t.
1158 2690 1174 2721 1
1196 2687 1319 2721 Prodr.
1342 2692 1359 2722 1
1378 2698 1407 2721 c.
1427 2690 1447 2721 2
1466 2691 1482 2728 ἓ
1500 2689 1523 2720 8
1541 2697 1606 2723 ss:
1636 2684 1914 2728 Dechamps‚
1942 2683 1986 2717 de

244 2741 455 2785 haenjans.
474 2741 498 2776 l.
517 2745 538 2775 2
557 2741 649 2784 disp.
673 2744 684 2774 l
708 2752 737 2775 c.
757 2746 795 2775 5:
815 2741 1066 2775 Scheeben
1085 2742 1105 2786 ξ
1125 2742 1170 2782 27
1188 2742 1233 2775 cf.
1252 2753 1286 2777 n.
1308 2742 1418 2776 1109:
1439 2738 1677 2774 Heinrich
1696 2739 1723 2772 t.
1741 2737 1888 2779 11582.

389 2798 416 2835 ²²)
434 2794 593 2828 Nomine
607 2795 630 2828 d
652 2800 787 2828 olorum
802 2794 932 2838 Ephes.
947 2797 980 2828 4.
999 2797 1035 2828 11
1053 2794 1152 2827 haud
1164 2793 1396 2827 incommode
1409 2796 1566 2837 possunt
1576 2789 1740 2835 intelligi
1751 2799 1823 2824 nou
1838 2791 1985 2824 tantum

243 2849 283 2892 ii,
300 2848 365 2892 qui
382 2848 419 2882 vi
438 2849 598 2890 muneris
618 2851 703 2882 sunt
721 2848 760 2881 in
779 2847 939 2881 Ecclesia
957 2848 1124 2881 doctores
1141 2847 1163 2880 i.
1184 2857 1213 2882 e.
1232 2849 1397 2892 pastores
1415 2856 1478 2880 seu
1502 2843 1676 2890 episcopi,
1703 2844 1767 2877 sed
1791 2843 1904 2877 etiam
1921 2843 1986 2887 qui

247 2901 403 2947 speciale
422 2902 636 2935 doctoratus
654 2900 836 2934 charisma
853 2900 899 2934 ad
916 2900 1119 2934 utilitatem
1135 2899 1320 2934 Ecclesiae
1344 2899 1523 2934 divinitus
1548 2897 1776 2941 acceperunt.
1797 2896 1986 2940 Ejusmodi

246 2966 332 2989 vero
350 2953 532 2989 charisma
550 2953 674 2998 plures
702 2952 831 2986 saltem
861 2963 903 2986 ex
930 2951 1016 2992 illis,
1046 2962 1137 2995 quos
1164 2952 1310 2986 scholae
1326 2950 1521 2995 theologos
1539 2950 1781 2995 appellamus,
1809 2948 1896 2982 licet
1912 2958 1986 2982 non

245 3007 381 3041 fuerint
403 3006 579 3051 episcopi,
607 3006 646 3040 in
673 3005 870 3050 specialem
888 3005 1074 3039 Ecclesiae
1100 3004 1307 3039 utilitatem
1335 3005 1518 3048 accepisse
1544 3002 1672 3047 negari
1701 3001 1843 3044 nequit,
1873 3000 1904 3035 si
1929 3001 1986 3035 tot

246 3060 463 3105 pontificum
481 3060 649 3094 encomia
668 3059 928 3103 expendamus,
956 3058 1091 3101 quibus
1118 3057 1346 3103 theologiam
1373 3056 1637 3092 scholasticam
1655 3056 1816 3100 ejusque,
1835 3064 1929 3098 quae
1946 3053 1985 3088 in

246 3113 449 3148 Ecclesiam
465 3112 730 3151 redundarunt,
750 3112 943 3145 commoda
961 3110 1157 3145 extollunt.
