<?xml version="1.0" encoding="UTF-8"?>
<!DOCTYPE html PUBLIC "-//W3C//DTD XHTML 1.0 Transitional//EN"
    "http://www.w3.org/TR/xhtml1/DTD/xhtml1-transitional.dtd">
<html xmlns="http://www.w3.org/1999/xhtml" xml:lang="en" lang="en">
 <head>
  <title>
</title>
<meta http-equiv="Content-Type" content="text/html;charset=utf-8" />
  <meta name='ocr-system' content='tesseract 3.04.00' />
  <meta name='ocr-capabilities' content='ocr_page ocr_carea ocr_par ocr_line ocrx_word'/>
</head>
<body>
  <div class='ocr_page' id='page_1' title='image "./theologiaedogmat01hurt/theologiaedogmat01hurt_0287.png"; bbox 0 0 2175 3382; ppageno 0'>
   <div class='ocr_carea' id='block_1_1' title="bbox 868 151 1959 200">
    <p class='ocr_par' dir='ltr' id='par_1_1' title="bbox 868 151 1959 200">
     <span class='ocr_line' id='line_1_1' title="bbox 868 151 1959 200; baseline 0.008 -15"><span class='ocrx_word' id='word_1_1' title='bbox 868 151 1154 196; x_wconf 84' lang='lat' dir='ltr'>Exceptionibus</span> <span class='ocrx_word' id='word_1_2' title='bbox 1172 152 1315 186; x_wconf 84' lang='lat' dir='ltr'>satisfit.</span> <span class='ocrx_word' id='word_1_3' title='bbox 1873 157 1927 200; x_wconf 79' lang='grc'>27</span> <span class='ocrx_word' id='word_1_4' title='bbox 1937 159 1959 200; x_wconf 81' lang='grc'>7</span> 
     </span>
    </p>
   </div>
   <div class='ocr_carea' id='block_1_2' title="bbox 220 273 1965 444">
    <p class='ocr_par' dir='ltr' id='par_1_2' title="bbox 220 273 1965 444">
     <span class='ocr_line' id='line_1_2' title="bbox 220 273 1965 325; baseline 0.001 -13"><span class='ocrx_word' id='word_1_5' title='bbox 220 275 447 324; x_wconf 84' lang='lat' dir='ltr'>frequenter</span> <span class='ocrx_word' id='word_1_6' title='bbox 468 274 640 323; x_wconf 89' lang='lat' dir='ltr'>elliptice</span> <span class='ocrx_word' id='word_1_7' title='bbox 663 274 784 323; x_wconf 81' lang='lat' dir='ltr'>accipi</span> <span class='ocrx_word' id='word_1_8' title='bbox 806 285 876 322; x_wconf 92' lang='lat' dir='ltr'>pro</span> <span class='ocrx_word' id='word_1_9' title='bbox 900 286 1006 319; x_wconf 90' lang='grc'><strong>,11011</strong></span> <span class='ocrx_word' id='word_1_10' title='bbox 1029 273 1219 318; x_wconf 86' lang='lat' dir='ltr'>solum‘,</span> <span class='ocrx_word' id='word_1_11' title='bbox 1254 273 1347 310; x_wconf 90' lang='lat' dir='ltr'>adeo</span> <span class='ocrx_word' id='word_1_12' title='bbox 1379 275 1425 310; x_wconf 90' lang='lat' dir='ltr'>ut</span> <span class='ocrx_word' id='word_1_13' title='bbox 1447 274 1486 310; x_wconf 91' lang='lat' dir='ltr'>in</span> <span class='ocrx_word' id='word_1_14' title='bbox 1518 275 1639 312; x_wconf 83' lang='lat' dir='ltr'>altero</span> <span class='ocrx_word' id='word_1_15' title='bbox 1670 276 1844 314; x_wconf 91' lang='lat' dir='ltr'>membro</span> <span class='ocrx_word' id='word_1_16' title='bbox 1873 289 1965 325; x_wconf 88' lang='lat' dir='ltr'>par-</span> 
     </span>
     <span class='ocr_line' id='line_1_3' title="bbox 220 332 1964 380; baseline 0.001 -9"><span class='ocrx_word' id='word_1_17' title='bbox 220 334 345 371; x_wconf 82' lang='lat' dir='ltr'>ticula</span> <span class='ocrx_word' id='word_1_18' title='bbox 377 333 623 370; x_wconf 78' lang='lat' dir='ltr'>adversativa</span> <span class='ocrx_word' id='word_1_19' title='bbox 658 345 688 379; x_wconf 92' lang='grc'>,3</span> <span class='ocrx_word' id='word_1_20' title='bbox 700 346 719 370; x_wconf 89' lang='grc'>0</span> <span class='ocrx_word' id='word_1_21' title='bbox 731 333 766 369; x_wconf 76' lang='grc'><strong>(1·’</strong></span> <span class='ocrx_word' id='word_1_22' title='bbox 801 332 997 370; x_wconf 79' lang='lat' dir='ltr'>adverbiis</span> <span class='ocrx_word' id='word_1_23' title='bbox 1033 332 1058 377; x_wconf 92' lang='grc'>,1</span> <span class='ocrx_word' id='word_1_24' title='bbox 1069 345 1095 368; x_wconf 89' lang='grc'>11</span> <span class='ocrx_word' id='word_1_25' title='bbox 1130 345 1154 380; x_wconf 89' lang='lat' dir='ltr'>p</span> <span class='ocrx_word' id='word_1_26' title='bbox 1166 333 1210 369; x_wconf 92' lang='lat' dir='ltr'>ri</span> <span class='ocrx_word' id='word_1_27' title='bbox 1223 332 1286 369; x_wconf 90' lang='lat' dir='ltr'>mi</span> <span class='ocrx_word' id='word_1_28' title='bbox 1299 335 1328 369; x_wconf 83' lang='lat' dir='ltr'>s‘</span> <span class='ocrx_word' id='word_1_29' title='bbox 1362 332 1426 369; x_wconf 88' lang='lat' dir='ltr'>vel</span> <span class='ocrx_word' id='word_1_30' title='bbox 1461 346 1498 380; x_wconf 89' lang='lat' dir='ltr'>,p</span> <span class='ocrx_word' id='word_1_31' title='bbox 1512 345 1532 370; x_wconf 93' lang='grc'>0</span> <span class='ocrx_word' id='word_1_32' title='bbox 1544 333 1584 370; x_wconf 92' lang='lat' dir='ltr'>ti</span> <span class='ocrx_word' id='word_1_33' title='bbox 1597 345 1613 370; x_wconf 92' lang='grc'>3</span> <span class='ocrx_word' id='word_1_34' title='bbox 1627 334 1716 370; x_wconf 90' lang='lat' dir='ltr'>sim</span> <span class='ocrx_word' id='word_1_35' title='bbox 1728 340 1817 372; x_wconf 85' lang='lat' dir='ltr'>um‘</span> <span class='ocrx_word' id='word_1_36' title='bbox 1859 347 1964 373; x_wconf 91' lang='lat' dir='ltr'>com-</span> 
     </span>
     <span class='ocr_line' id='line_1_4' title="bbox 221 389 543 444; baseline -0.006 -14"><span class='ocrx_word' id='word_1_37' title='bbox 221 392 319 441; x_wconf 89' lang='lat' dir='ltr'>pleri</span> <span class='ocrx_word' id='word_1_38' title='bbox 342 393 482 429; x_wconf 85' lang='lat' dir='ltr'>debeat</span> <span class='ocrx_word' id='word_1_39' title='bbox 502 389 543 444; x_wconf 77' lang='lat'>¹).</span> 
     </span>
    </p>
   </div>
   <div class='ocr_carea' id='block_1_3' title="bbox 219 471 1973 2590">
    <p class='ocr_par' dir='ltr' id='par_1_3' title="bbox 219 471 1970 1408">
     <span class='ocr_line' id='line_1_5' title="bbox 339 471 1963 522; baseline 0.003 -11"><span class='ocrx_word' id='word_1_40' title='bbox 339 474 464 519; x_wconf 80' lang='lat' dir='ltr'>Quare</span> <span class='ocrx_word' id='word_1_41' title='bbox 485 471 525 513; x_wconf 80' lang='lat'>4.</span> <span class='ocrx_word' id='word_1_42' title='bbox 552 474 631 511; x_wconf 88' lang='lat' dir='ltr'>illis</span> <span class='ocrx_word' id='word_1_43' title='bbox 654 473 694 510; x_wconf 91' lang='lat' dir='ltr'>in</span> <span class='ocrx_word' id='word_1_44' title='bbox 717 474 810 510; x_wconf 91' lang='lat' dir='ltr'>locis</span> <span class='ocrx_word' id='word_1_45' title='bbox 832 473 904 510; x_wconf 93' lang='lat' dir='ltr'>hoc</span> <span class='ocrx_word' id='word_1_46' title='bbox 924 475 1083 510; x_wconf 76' lang='lat' dir='ltr'>tantum</span> <span class='ocrx_word' id='word_1_47' title='bbox 1117 473 1369 522; x_wconf 84' lang='lat' dir='ltr'>significatur,</span> <span class='ocrx_word' id='word_1_48' title='bbox 1401 473 1534 510; x_wconf 89' lang='lat' dir='ltr'>fideles</span> <span class='ocrx_word' id='word_1_49' title='bbox 1565 486 1647 512; x_wconf 91' lang='lat' dir='ltr'>esse</span> <span class='ocrx_word' id='word_1_50' title='bbox 1678 473 1963 521; x_wconf 63' lang='grc' dir='ltr'>θεοδιδάκτους</span> 
     </span>
     <span class='ocr_line' id='line_1_6' title="bbox 219 531 1961 579; baseline 0.001 -8"><span class='ocrx_word' id='word_1_51' title='bbox 219 547 241 571; x_wconf 88' lang='grc'>3</span> <span class='ocrx_word' id='word_1_52' title='bbox 262 534 340 571; x_wconf 88' lang='lat' dir='ltr'>Deo</span> <span class='ocrx_word' id='word_1_53' title='bbox 364 533 539 578; x_wconf 85' lang='lat' dir='ltr'>edoctos3</span> <span class='ocrx_word' id='word_1_54' title='bbox 575 532 776 570; x_wconf 87' lang='lat' dir='ltr'>verissime</span> <span class='ocrx_word' id='word_1_55' title='bbox 798 534 929 569; x_wconf 90' lang='lat' dir='ltr'>autem</span> <span class='ocrx_word' id='word_1_56' title='bbox 953 531 1140 569; x_wconf 89' lang='lat' dir='ltr'>dicuntur</span> <span class='ocrx_word' id='word_1_57' title='bbox 1170 531 1305 569; x_wconf 89' lang='lat' dir='ltr'>fideles</span> <span class='ocrx_word' id='word_1_58' title='bbox 1338 532 1532 569; x_wconf 91' lang='lat' dir='ltr'>divinitus</span> <span class='ocrx_word' id='word_1_59' title='bbox 1563 534 1699 579; x_wconf 82' lang='lat' dir='ltr'>edocti,</span> <span class='ocrx_word' id='word_1_60' title='bbox 1733 534 1809 571; x_wconf 85' lang='lat' dir='ltr'>etsi</span> <span class='ocrx_word' id='word_1_61' title='bbox 1840 547 1861 571; x_wconf 91' lang='lat' dir='ltr'>a</span> <span class='ocrx_word' id='word_1_62' title='bbox 1883 535 1961 572; x_wconf 92' lang='lat' dir='ltr'>Deo</span> 
     </span>
     <span class='ocr_line' id='line_1_7' title="bbox 219 590 1963 641; baseline 0.001 -12"><span class='ocrx_word' id='word_1_63' title='bbox 219 605 289 641; x_wconf 87' lang='lat' dir='ltr'>per</span> <span class='ocrx_word' id='word_1_64' title='bbox 311 592 487 630; x_wconf 88' lang='lat' dir='ltr'>homines</span> <span class='ocrx_word' id='word_1_65' title='bbox 510 591 737 636; x_wconf 74' lang='lat' dir='ltr'>edocentur,</span> <span class='ocrx_word' id='word_1_66' title='bbox 762 591 866 639; x_wconf 91' lang='lat' dir='ltr'>quod</span> <span class='ocrx_word' id='word_1_67' title='bbox 889 601 931 630; x_wconf 80' lang='lat' dir='ltr'>a.</span> <span class='ocrx_word' id='word_1_68' title='bbox 955 591 1106 639; x_wconf 87' lang='lat' dir='ltr'>primus</span> <span class='ocrx_word' id='word_1_69' title='bbox 1127 590 1305 628; x_wconf 87' lang='lat' dir='ltr'>fidelium</span> <span class='ocrx_word' id='word_1_70' title='bbox 1329 591 1464 628; x_wconf 83' lang='lat' dir='ltr'>doctor</span> <span class='ocrx_word' id='word_1_71' title='bbox 1484 591 1563 629; x_wconf 89' lang='lat' dir='ltr'>fuit</span> <span class='ocrx_word' id='word_1_72' title='bbox 1584 593 1688 630; x_wconf 89' lang='lat' dir='ltr'>Deus</span> <span class='ocrx_word' id='word_1_73' title='bbox 1715 592 1963 638; x_wconf 82' lang='lat' dir='ltr'>incarnatus;</span> 
     </span>
     <span class='ocr_line' id='line_1_8' title="bbox 221 649 1966 700; baseline 0.001 -12"><span class='ocrx_word' id='word_1_74' title='bbox 221 651 325 700; x_wconf 87' lang='lat' dir='ltr'>quod</span> <span class='ocrx_word' id='word_1_75' title='bbox 348 649 396 691; x_wconf 86' lang='lat' dir='ltr'>b.</span> <span class='ocrx_word' id='word_1_76' title='bbox 421 651 598 688; x_wconf 86' lang='lat' dir='ltr'>doctores</span> <span class='ocrx_word' id='word_1_77' title='bbox 621 650 784 687; x_wconf 87' lang='lat' dir='ltr'>humani</span> <span class='ocrx_word' id='word_1_78' title='bbox 807 650 890 687; x_wconf 91' lang='lat' dir='ltr'>scil.</span> <span class='ocrx_word' id='word_1_79' title='bbox 912 650 1110 687; x_wconf 83' lang='lat' dir='ltr'>Ecclesiae</span> <span class='ocrx_word' id='word_1_80' title='bbox 1132 650 1306 687; x_wconf 89' lang='lat' dir='ltr'>ministri</span> <span class='ocrx_word' id='word_1_81' title='bbox 1340 662 1421 687; x_wconf 91' lang='lat' dir='ltr'>non</span> <span class='ocrx_word' id='word_1_82' title='bbox 1452 651 1558 688; x_wconf 88' lang='lat' dir='ltr'>aliud</span> <span class='ocrx_word' id='word_1_83' title='bbox 1591 654 1819 700; x_wconf 88' lang='lat' dir='ltr'>proponunt</span> <span class='ocrx_word' id='word_1_84' title='bbox 1849 665 1966 700; x_wconf 89' lang='lat' dir='ltr'>quam</span> 
     </span>
     <span class='ocr_line' id='line_1_9' title="bbox 220 706 1966 760; baseline 0.001 -13"><span class='ocrx_word' id='word_1_85' title='bbox 220 709 440 747; x_wconf 76' lang='lat' dir='ltr'>doctrinam</span> <span class='ocrx_word' id='word_1_86' title='bbox 462 723 483 747; x_wconf 86' lang='lat' dir='ltr'>a</span> <span class='ocrx_word' id='word_1_87' title='bbox 505 710 586 746; x_wconf 91' lang='lat' dir='ltr'>Deo</span> <span class='ocrx_word' id='word_1_88' title='bbox 610 706 825 757; x_wconf 67' lang='lat' dir='ltr'>acceptam,</span> <span class='ocrx_word' id='word_1_89' title='bbox 849 709 953 758; x_wconf 89' lang='lat' dir='ltr'>quod</span> <span class='ocrx_word' id='word_1_90' title='bbox 976 717 1018 748; x_wconf 74' lang='lat' dir='ltr'>e.</span> <span class='ocrx_word' id='word_1_91' title='bbox 1042 709 1142 745; x_wconf 87' lang='lat' dir='ltr'>hanc</span> <span class='ocrx_word' id='word_1_92' title='bbox 1162 709 1287 758; x_wconf 84' lang='lat' dir='ltr'>ipsam</span> <span class='ocrx_word' id='word_1_93' title='bbox 1302 709 1444 746; x_wconf 81' lang='lat' dir='ltr'>docent</span> <span class='ocrx_word' id='word_1_94' title='bbox 1455 722 1535 747; x_wconf 90' lang='lat' dir='ltr'>non</span> <span class='ocrx_word' id='word_1_95' title='bbox 1549 711 1783 748; x_wconf 85' lang='lat' dir='ltr'>auctoritate</span> <span class='ocrx_word' id='word_1_96' title='bbox 1797 711 1966 760; x_wconf 84' lang='lat' dir='ltr'>propria,</span> 
     </span>
     <span class='ocr_line' id='line_1_10' title="bbox 222 766 1968 816; baseline 0.001 -10"><span class='ocrx_word' id='word_1_97' title='bbox 222 769 288 806; x_wconf 92' lang='lat' dir='ltr'>sed</span> <span class='ocrx_word' id='word_1_98' title='bbox 320 768 555 806; x_wconf 88' lang='lat' dir='ltr'>auctoritate</span> <span class='ocrx_word' id='word_1_99' title='bbox 587 770 627 805; x_wconf 90' lang='lat' dir='ltr'>et</span> <span class='ocrx_word' id='word_1_100' title='bbox 657 768 842 805; x_wconf 82' lang='lat' dir='ltr'>missione</span> <span class='ocrx_word' id='word_1_101' title='bbox 873 767 1072 805; x_wconf 87' lang='lat' dir='ltr'>divinitus</span> <span class='ocrx_word' id='word_1_102' title='bbox 1103 770 1279 816; x_wconf 87' lang='lat' dir='ltr'>accepta;</span> <span class='ocrx_word' id='word_1_103' title='bbox 1311 767 1418 816; x_wconf 90' lang='lat' dir='ltr'>quod</span> <span class='ocrx_word' id='word_1_104' title='bbox 1449 766 1492 808; x_wconf 84' lang='lat' dir='ltr'>d.</span> <span class='ocrx_word' id='word_1_105' title='bbox 1523 769 1565 806; x_wconf 90' lang='lat' dir='ltr'>in</span> <span class='ocrx_word' id='word_1_106' title='bbox 1595 769 1766 806; x_wconf 90' lang='lat' dir='ltr'>docendo</span> <span class='ocrx_word' id='word_1_107' title='bbox 1796 770 1968 807; x_wconf 75' lang='lat' dir='ltr'>Ecclesia</span> 
     </span>
     <span class='ocr_line' id='line_1_11' title="bbox 223 826 1967 877; baseline 0.001 -12"><span class='ocrx_word' id='word_1_108' title='bbox 223 827 393 877; x_wconf 81' lang='lat' dir='ltr'>Spiritus</span> <span class='ocrx_word' id='word_1_109' title='bbox 416 840 443 864; x_wconf 93' lang='lat' dir='ltr'>s.</span> <span class='ocrx_word' id='word_1_110' title='bbox 467 826 693 864; x_wconf 82' lang='lat' dir='ltr'>assistentia</span> <span class='ocrx_word' id='word_1_111' title='bbox 714 826 884 871; x_wconf 59' lang='lat' dir='ltr'>fruitam</span> <span class='ocrx_word' id='word_1_112' title='bbox 909 826 1015 875; x_wconf 87' lang='lat' dir='ltr'>quod</span> <span class='ocrx_word' id='word_1_113' title='bbox 1038 837 1079 866; x_wconf 74' lang='lat' dir='ltr'>e.</span> <span class='ocrx_word' id='word_1_114' title='bbox 1103 827 1197 864; x_wconf 86' lang='lat' dir='ltr'>dum</span> <span class='ocrx_word' id='word_1_115' title='bbox 1218 827 1395 864; x_wconf 87' lang='lat' dir='ltr'>homines</span> <span class='ocrx_word' id='word_1_116' title='bbox 1418 827 1511 865; x_wconf 87' lang='lat' dir='ltr'>foris</span> <span class='ocrx_word' id='word_1_117' title='bbox 1533 840 1645 865; x_wconf 89' lang='lat' dir='ltr'>aures</span> <span class='ocrx_word' id='word_1_118' title='bbox 1667 829 1840 877; x_wconf 89' lang='lat' dir='ltr'>pulsant,</span> <span class='ocrx_word' id='word_1_119' title='bbox 1863 829 1967 866; x_wconf 89' lang='lat' dir='ltr'>Deus</span> 
     </span>
     <span class='ocr_line' id='line_1_12' title="bbox 221 886 1966 937; baseline 0.001 -14"><span class='ocrx_word' id='word_1_120' title='bbox 221 887 389 924; x_wconf 82' lang='lat' dir='ltr'>interius</span> <span class='ocrx_word' id='word_1_121' title='bbox 412 886 613 924; x_wconf 85' lang='lat' dir='ltr'>illuminat</span> <span class='ocrx_word' id='word_1_122' title='bbox 634 886 896 926; x_wconf 79' lang='lat' dir='ltr'>intellectum.</span> <span class='ocrx_word' id='word_1_123' title='bbox 922 898 986 923; x_wconf 89' lang='lat' dir='ltr'>cor</span> <span class='ocrx_word' id='word_1_124' title='bbox 1008 886 1134 935; x_wconf 89' lang='lat' dir='ltr'>aperit</span> <span class='ocrx_word' id='word_1_125' title='bbox 1156 888 1275 934; x_wconf 89' lang='lat' dir='ltr'>atque</span> <span class='ocrx_word' id='word_1_126' title='bbox 1297 886 1346 923; x_wconf 88' lang='lat' dir='ltr'>ad</span> <span class='ocrx_word' id='word_1_127' title='bbox 1368 886 1604 924; x_wconf 88' lang='lat' dir='ltr'>credendum</span> <span class='ocrx_word' id='word_1_128' title='bbox 1636 887 1763 937; x_wconf 85' lang='lat' dir='ltr'>gratia</span> <span class='ocrx_word' id='word_1_129' title='bbox 1794 900 1864 925; x_wconf 90' lang='grc'>303</span> <span class='ocrx_word' id='word_1_130' title='bbox 1884 900 1966 924; x_wconf 91' lang='lat' dir='ltr'>mo-</span> 
     </span>
     <span class='ocr_line' id='line_1_13' title="bbox 220 943 1968 995; baseline 0 -12"><span class='ocrx_word' id='word_1_131' title='bbox 220 949 287 983; x_wconf 77' lang='lat' dir='ltr'>vet</span> <span class='ocrx_word' id='word_1_132' title='bbox 303 943 349 984; x_wconf 51' lang='lat'>2‘).</span> <span class='ocrx_word' id='word_1_133' title='bbox 394 944 520 989; x_wconf 79' lang='lat' dir='ltr'>Quare</span> <span class='ocrx_word' id='word_1_134' title='bbox 545 945 593 982; x_wconf 89' lang='lat' dir='ltr'>ad</span> <span class='ocrx_word' id='word_1_135' title='bbox 614 957 697 982; x_wconf 88' lang='lat' dir='ltr'>rem</span> <span class='ocrx_word' id='word_1_136' title='bbox 718 944 1045 994; x_wconf 80' lang='lat' dir='ltr'>Augustinus</span> <span class='ocrx_word' id='word_1_137' title='bbox 1078 948 1126 982; x_wconf 88' lang='lat' dir='ltr'>tr.</span> <span class='ocrx_word' id='word_1_138' title='bbox 1152 951 1173 985; x_wconf 87' lang='lat'><strong>3</strong></span> <span class='ocrx_word' id='word_1_139' title='bbox 1206 945 1249 981; x_wconf 89' lang='lat' dir='ltr'>in</span> <span class='ocrx_word' id='word_1_140' title='bbox 1271 957 1330 994; x_wconf 86' lang='lat' dir='ltr'>ep.</span> <span class='ocrx_word' id='word_1_141' title='bbox 1354 945 1464 982; x_wconf 83' lang='lat' dir='ltr'>Joan.</span> <span class='ocrx_word' id='word_1_142' title='bbox 1489 952 1525 991; x_wconf 74' lang='lat'>2,</span> <span class='ocrx_word' id='word_1_143' title='bbox 1551 952 1602 986; x_wconf 76' lang='lat'>27</span> <span class='ocrx_word' id='word_1_144' title='bbox 1627 959 1664 983; x_wconf 92' lang='lat' dir='ltr'>n.</span> <span class='ocrx_word' id='word_1_145' title='bbox 1693 953 1741 987; x_wconf 88' lang='lat'>13</span> <span class='ocrx_word' id='word_1_146' title='bbox 1775 947 1968 995; x_wconf 82' lang='lat' dir='ltr'>explicans</span> 
     </span>
     <span class='ocr_line' id='line_1_14' title="bbox 221 1004 1968 1053; baseline 0 -11"><span class='ocrx_word' id='word_1_147' title='bbox 221 1005 341 1042; x_wconf 88' lang='lat' dir='ltr'>verba</span> <span class='ocrx_word' id='word_1_148' title='bbox 363 1004 533 1053; x_wconf 88' lang='lat' dir='ltr'>objecta:</span> <span class='ocrx_word' id='word_1_149' title='bbox 570 1005 659 1041; x_wconf 73' lang='lat' dir='ltr'>Xon</span> <span class='ocrx_word' id='word_1_150' title='bbox 680 1016 823 1041; x_wconf 72' lang='lat' dir='ltr'>necesse</span> <span class='ocrx_word' id='word_1_151' title='bbox 843 1004 988 1041; x_wconf 76' lang='lat' dir='ltr'>habetis</span> <span class='ocrx_word' id='word_1_152' title='bbox 1009 1009 1049 1041; x_wconf 82' lang='lat' dir='ltr'>ut</span> <span class='ocrx_word' id='word_1_153' title='bbox 1072 1005 1211 1053; x_wconf 78' lang='lat' dir='ltr'>aliquis</span> <span class='ocrx_word' id='word_1_154' title='bbox 1234 1005 1361 1041; x_wconf 79' lang='lat' dir='ltr'>doceat</span> <span class='ocrx_word' id='word_1_155' title='bbox 1394 1017 1454 1041; x_wconf 67' lang='lat' dir='ltr'>cos</span> <span class='ocrx_word' id='word_1_156' title='bbox 1475 1007 1559 1051; x_wconf 88' lang='lat' dir='ltr'>etc.,</span> <span class='ocrx_word' id='word_1_157' title='bbox 1593 1006 1748 1042; x_wconf 84' lang='lat' dir='ltr'>scribit:</span> <span class='ocrx_word' id='word_1_158' title='bbox 1782 1006 1968 1049; x_wconf 75' lang='lat' dir='ltr'>‚Unctio-</span> 
     </span>
     <span class='ocr_line' id='line_1_15' title="bbox 222 1063 1968 1112; baseline 0 -11"><span class='ocrx_word' id='word_1_159' title='bbox 222 1076 312 1101; x_wconf 89' lang='lat' dir='ltr'>nem</span> <span class='ocrx_word' id='word_1_160' title='bbox 334 1063 541 1109; x_wconf 79' lang='lat' dir='ltr'>habebant,</span> <span class='ocrx_word' id='word_1_161' title='bbox 576 1063 720 1112; x_wconf 88' lang='lat' dir='ltr'>quibus</span> <span class='ocrx_word' id='word_1_162' title='bbox 743 1063 997 1111; x_wconf 76' lang='lat' dir='ltr'>loquebaris?</span> <span class='ocrx_word' id='word_1_163' title='bbox 1031 1063 1088 1100; x_wconf 82' lang='lat' dir='ltr'>Tu</span> <span class='ocrx_word' id='word_1_164' title='bbox 1112 1063 1259 1108; x_wconf 76' lang='lat' dir='ltr'>dixisti,</span> <span class='ocrx_word' id='word_1_165' title='bbox 1293 1063 1386 1112; x_wconf 77' lang='lat' dir='ltr'>quia</span> <span class='ocrx_word' id='word_1_166' title='bbox 1410 1066 1532 1101; x_wconf 78' lang='lat' dir='ltr'>unctio</span> <span class='ocrx_word' id='word_1_167' title='bbox 1557 1065 1678 1112; x_wconf 77' lang='lat' dir='ltr'>ipsius</span> <span class='ocrx_word' id='word_1_168' title='bbox 1699 1066 1801 1102; x_wconf 74' lang='lat' dir='ltr'>docet</span> <span class='ocrx_word' id='word_1_169' title='bbox 1832 1077 1894 1101; x_wconf 76' lang='lat' dir='ltr'>vos</span> <span class='ocrx_word' id='word_1_170' title='bbox 1923 1066 1968 1101; x_wconf 84' lang='lat' dir='ltr'>de</span> 
     </span>
     <span class='ocr_line' id='line_1_16' title="bbox 221 1122 1964 1172; baseline 0.001 -13"><span class='ocrx_word' id='word_1_171' title='bbox 221 1123 405 1161; x_wconf 81' lang='lat' dir='ltr'>omnibus.</span> <span class='ocrx_word' id='word_1_172' title='bbox 447 1122 499 1159; x_wconf 89' lang='lat' dir='ltr'>Ut</span> <span class='ocrx_word' id='word_1_173' title='bbox 522 1122 618 1170; x_wconf 87' lang='lat' dir='ltr'>quid</span> <span class='ocrx_word' id='word_1_174' title='bbox 641 1122 766 1172; x_wconf 88' lang='lat' dir='ltr'>igitur</span> <span class='ocrx_word' id='word_1_175' title='bbox 788 1123 910 1159; x_wconf 87' lang='lat' dir='ltr'>talem</span> <span class='ocrx_word' id='word_1_176' title='bbox 933 1122 1140 1170; x_wconf 85' lang='lat' dir='ltr'>epistolam</span> <span class='ocrx_word' id='word_1_177' title='bbox 1161 1123 1317 1160; x_wconf 81' lang='lat' dir='ltr'>fecisti?</span> <span class='ocrx_word' id='word_1_178' title='bbox 1341 1122 1442 1166; x_wconf 81' lang='lat' dir='ltr'>Quid</span> <span class='ocrx_word' id='word_1_179' title='bbox 1464 1123 1553 1161; x_wconf 89' lang='lat' dir='ltr'>illos</span> <span class='ocrx_word' id='word_1_180' title='bbox 1575 1126 1622 1160; x_wconf 90' lang='lat' dir='ltr'>tu</span> <span class='ocrx_word' id='word_1_181' title='bbox 1644 1124 1834 1161; x_wconf 79' lang='lat' dir='ltr'>docebas?</span> <span class='ocrx_word' id='word_1_182' title='bbox 1869 1124 1964 1172; x_wconf 89' lang='lat' dir='ltr'>quid</span> 
     </span>
     <span class='ocr_line' id='line_1_17' title="bbox 223 1181 1964 1231; baseline 0 -13"><span class='ocrx_word' id='word_1_183' title='bbox 223 1181 476 1219; x_wconf 74' lang='lat' dir='ltr'>instruebas?</span> <span class='ocrx_word' id='word_1_184' title='bbox 511 1181 606 1229; x_wconf 89' lang='lat' dir='ltr'>quid</span> <span class='ocrx_word' id='word_1_185' title='bbox 631 1181 858 1218; x_wconf 83' lang='lat' dir='ltr'>aedificabas</span> <span class='ocrx_word' id='word_1_186' title='bbox 873 1183 890 1217; x_wconf 62' lang='grc' dir='ltr'>ἶ)</span> <span class='ocrx_word' id='word_1_187' title='bbox 922 1181 1011 1218; x_wconf 84' lang='lat' dir='ltr'>Jam</span> <span class='ocrx_word' id='word_1_188' title='bbox 1033 1181 1095 1218; x_wconf 85' lang='lat' dir='ltr'>hic</span> <span class='ocrx_word' id='word_1_189' title='bbox 1118 1181 1248 1218; x_wconf 88' lang='lat' dir='ltr'>videte</span> <span class='ocrx_word' id='word_1_190' title='bbox 1270 1194 1456 1231; x_wconf 88' lang='lat' dir='ltr'>magnum</span> <span class='ocrx_word' id='word_1_191' title='bbox 1480 1186 1778 1227; x_wconf 88' lang='lat' dir='ltr'>sacramentum,</span> <span class='ocrx_word' id='word_1_192' title='bbox 1811 1182 1964 1220; x_wconf 83' lang='lat' dir='ltr'>fratres.</span> 
     </span>
     <span class='ocr_line' id='line_1_18' title="bbox 225 1240 1969 1290; baseline 0.001 -13"><span class='ocrx_word' id='word_1_193' title='bbox 225 1241 348 1278; x_wconf 88' lang='lat' dir='ltr'>Sonus</span> <span class='ocrx_word' id='word_1_194' title='bbox 370 1240 581 1278; x_wconf 90' lang='lat' dir='ltr'>verborum</span> <span class='ocrx_word' id='word_1_195' title='bbox 603 1243 826 1278; x_wconf 85' lang='lat' dir='ltr'>nostrorum</span> <span class='ocrx_word' id='word_1_196' title='bbox 861 1252 973 1277; x_wconf 83' lang='lat' dir='ltr'>aures</span> <span class='ocrx_word' id='word_1_197' title='bbox 995 1240 1187 1288; x_wconf 88' lang='lat' dir='ltr'>percutit:</span> <span class='ocrx_word' id='word_1_198' title='bbox 1220 1241 1407 1290; x_wconf 87' lang='lat' dir='ltr'>magister</span> <span class='ocrx_word' id='word_1_199' title='bbox 1434 1241 1542 1279; x_wconf 90' lang='lat' dir='ltr'>intus</span> <span class='ocrx_word' id='word_1_200' title='bbox 1565 1245 1633 1281; x_wconf 88' lang='lat' dir='ltr'>est.</span> <span class='ocrx_word' id='word_1_201' title='bbox 1675 1241 1809 1279; x_wconf 77' lang='lat' dir='ltr'>Nolite</span> <span class='ocrx_word' id='word_1_202' title='bbox 1829 1244 1969 1290; x_wconf 88' lang='lat' dir='ltr'>putare</span> 
     </span>
     <span class='ocr_line' id='line_1_19' title="bbox 223 1299 1970 1349; baseline 0 -12"><span class='ocrx_word' id='word_1_203' title='bbox 223 1312 461 1348; x_wconf 85' lang='lat' dir='ltr'>quemquam</span> <span class='ocrx_word' id='word_1_204' title='bbox 493 1299 644 1347; x_wconf 89' lang='lat' dir='ltr'>aliquid</span> <span class='ocrx_word' id='word_1_205' title='bbox 676 1299 822 1336; x_wconf 87' lang='lat' dir='ltr'>discere</span> <span class='ocrx_word' id='word_1_206' title='bbox 856 1299 903 1336; x_wconf 86' lang='lat' dir='ltr'>ab</span> <span class='ocrx_word' id='word_1_207' title='bbox 935 1299 1104 1336; x_wconf 88' lang='lat' dir='ltr'>homine.</span> <span class='ocrx_word' id='word_1_208' title='bbox 1156 1300 1377 1337; x_wconf 86' lang='lat' dir='ltr'>Admonere</span> <span class='ocrx_word' id='word_1_209' title='bbox 1412 1312 1621 1348; x_wconf 88' lang='lat' dir='ltr'>possumus</span> <span class='ocrx_word' id='word_1_210' title='bbox 1654 1313 1724 1349; x_wconf 90' lang='lat' dir='ltr'>per</span> <span class='ocrx_word' id='word_1_211' title='bbox 1758 1301 1970 1349; x_wconf 84' lang='lat' dir='ltr'>strepitum</span> 
     </span>
     <span class='ocr_line' id='line_1_20' title="bbox 222 1358 1790 1408; baseline -0.001 -12"><span class='ocrx_word' id='word_1_212' title='bbox 222 1359 328 1396; x_wconf 80' lang='lat' dir='ltr'>vocis</span> <span class='ocrx_word' id='word_1_213' title='bbox 352 1360 520 1403; x_wconf 83' lang='lat' dir='ltr'>nostrae,</span> <span class='ocrx_word' id='word_1_214' title='bbox 546 1359 579 1396; x_wconf 90' lang='lat' dir='ltr'>si</span> <span class='ocrx_word' id='word_1_215' title='bbox 600 1371 679 1396; x_wconf 89' lang='lat' dir='ltr'>non</span> <span class='ocrx_word' id='word_1_216' title='bbox 702 1358 755 1395; x_wconf 91' lang='lat' dir='ltr'>sit</span> <span class='ocrx_word' id='word_1_217' title='bbox 777 1359 898 1403; x_wconf 89' lang='lat' dir='ltr'>intus,</span> <span class='ocrx_word' id='word_1_218' title='bbox 922 1358 993 1406; x_wconf 87' lang='lat' dir='ltr'>qui</span> <span class='ocrx_word' id='word_1_219' title='bbox 1015 1358 1162 1403; x_wconf 84' lang='lat' dir='ltr'>doceat,</span> <span class='ocrx_word' id='word_1_220' title='bbox 1187 1359 1316 1396; x_wconf 87' lang='lat' dir='ltr'>inanis</span> <span class='ocrx_word' id='word_1_221' title='bbox 1339 1359 1384 1395; x_wconf 86' lang='lat' dir='ltr'>fit</span> <span class='ocrx_word' id='word_1_222' title='bbox 1407 1360 1596 1408; x_wconf 88' lang='lat' dir='ltr'>strepitus</span> <span class='ocrx_word' id='word_1_223' title='bbox 1616 1362 1790 1397; x_wconf 78' lang='lat' dir='ltr'>noste1·.«</span> 
     </span>
    </p>

    <p class='ocr_par' dir='ltr' id='par_1_4' title="bbox 223 1416 1973 2590">
     <span class='ocr_line' id='line_1_21' title="bbox 343 1416 1968 1467; baseline 0.002 -13"><span class='ocrx_word' id='word_1_224' title='bbox 343 1416 384 1458; x_wconf 78' lang='grc'>5,</span> <span class='ocrx_word' id='word_1_225' title='bbox 410 1417 520 1462; x_wconf 83' lang='lat' dir='ltr'>Quod</span> <span class='ocrx_word' id='word_1_226' title='bbox 552 1418 693 1461; x_wconf 87' lang='lat' dir='ltr'>locum,</span> <span class='ocrx_word' id='word_1_227' title='bbox 729 1418 798 1466; x_wconf 89' lang='lat' dir='ltr'>qui</span> <span class='ocrx_word' id='word_1_228' title='bbox 830 1417 917 1454; x_wconf 88' lang='lat' dir='ltr'>aliis</span> <span class='ocrx_word' id='word_1_229' title='bbox 951 1417 1150 1454; x_wconf 87' lang='lat' dir='ltr'>difficilior</span> <span class='ocrx_word' id='word_1_230' title='bbox 1183 1417 1311 1455; x_wconf 85' lang='lat' dir='ltr'>videri</span> <span class='ocrx_word' id='word_1_231' title='bbox 1346 1419 1481 1467; x_wconf 85' lang='lat' dir='ltr'>possit,</span> <span class='ocrx_word' id='word_1_232' title='bbox 1517 1419 1662 1456; x_wconf 83' lang='lat' dir='ltr'>attinet</span> <span class='ocrx_word' id='word_1_233' title='bbox 1697 1419 1776 1456; x_wconf 83' lang='lat' dir='ltr'>Jer.</span> <span class='ocrx_word' id='word_1_234' title='bbox 1814 1426 1861 1459; x_wconf 82' lang='lat'>31</span> <span class='ocrx_word' id='word_1_235' title='bbox 1904 1425 1968 1463; x_wconf 82' lang='lat'>34,</span> 
     </span>
     <span class='ocr_line' id='line_1_22' title="bbox 224 1476 1969 1526; baseline 0.001 -13"><span class='ocrx_word' id='word_1_236' title='bbox 224 1480 379 1526; x_wconf 88' lang='lat' dir='ltr'>praeter</span> <span class='ocrx_word' id='word_1_237' title='bbox 401 1477 504 1514; x_wconf 83' lang='lat' dir='ltr'>dict-a</span> <span class='ocrx_word' id='word_1_238' title='bbox 526 1477 655 1514; x_wconf 87' lang='lat' dir='ltr'>not-ari</span> <span class='ocrx_word' id='word_1_239' title='bbox 678 1477 806 1522; x_wconf 87' lang='lat' dir='ltr'>debet,</span> <span class='ocrx_word' id='word_1_240' title='bbox 831 1489 874 1514; x_wconf 88' lang='grc'>00</span> <span class='ocrx_word' id='word_1_241' title='bbox 897 1489 975 1514; x_wconf 87' lang='grc'><strong>11011</strong></span> <span class='ocrx_word' id='word_1_242' title='bbox 999 1476 1214 1525; x_wconf 87' lang='lat' dir='ltr'>significari</span> <span class='ocrx_word' id='word_1_243' title='bbox 1237 1478 1363 1514; x_wconf 92' lang='lat' dir='ltr'>omnis</span> <span class='ocrx_word' id='word_1_244' title='bbox 1386 1477 1657 1515; x_wconf 89' lang='lat' dir='ltr'>institutionis</span> <span class='ocrx_word' id='word_1_245' title='bbox 1680 1478 1873 1515; x_wconf 89' lang='lat' dir='ltr'>humanae</span> <span class='ocrx_word' id='word_1_246' title='bbox 1895 1478 1969 1515; x_wconf 89' lang='lat' dir='ltr'>mi-</span> 
     </span>
     <span class='ocr_line' id='line_1_23' title="bbox 224 1535 1971 1585; baseline 0.001 -13"><span class='ocrx_word' id='word_1_247' title='bbox 224 1535 438 1573; x_wconf 88' lang='lat' dir='ltr'>nisterialis</span> <span class='ocrx_word' id='word_1_248' title='bbox 461 1536 503 1572; x_wconf 90' lang='lat' dir='ltr'>in</span> <span class='ocrx_word' id='word_1_249' title='bbox 525 1535 571 1575; x_wconf 82' lang='lat' dir='ltr'>N.</span> <span class='ocrx_word' id='word_1_250' title='bbox 594 1536 634 1575; x_wconf 85' lang='lat' dir='ltr'>T.</span> <span class='ocrx_word' id='word_1_251' title='bbox 658 1536 923 1580; x_wconf 85' lang='lat' dir='ltr'>cessationem,</span> <span class='ocrx_word' id='word_1_252' title='bbox 948 1538 995 1572; x_wconf 90' lang='lat' dir='ltr'>ut</span> <span class='ocrx_word' id='word_1_253' title='bbox 1017 1536 1220 1573; x_wconf 88' lang='lat' dir='ltr'>evidenter</span> <span class='ocrx_word' id='word_1_254' title='bbox 1240 1538 1350 1585; x_wconf 89' lang='lat' dir='ltr'>patet</span> <span class='ocrx_word' id='word_1_255' title='bbox 1382 1549 1425 1574; x_wconf 78' lang='lat' dir='ltr'>ex</span> <span class='ocrx_word' id='word_1_256' title='bbox 1449 1537 1776 1585; x_wconf 79' lang='lat' dir='ltr'>interpretatione</span> <span class='ocrx_word' id='word_1_257' title='bbox 1798 1537 1971 1585; x_wconf 87' lang='lat' dir='ltr'>practica</span> 
     </span>
     <span class='ocr_line' id='line_1_24' title="bbox 225 1594 1970 1644; baseline 0.001 -13"><span class='ocrx_word' id='word_1_258' title='bbox 225 1595 371 1632; x_wconf 87' lang='lat' dir='ltr'>Christi</span> <span class='ocrx_word' id='word_1_259' title='bbox 393 1594 591 1632; x_wconf 84' lang='lat' dir='ltr'>mittentis</span> <span class='ocrx_word' id='word_1_260' title='bbox 613 1595 809 1643; x_wconf 89' lang='lat' dir='ltr'>apostolos</span> <span class='ocrx_word' id='word_1_261' title='bbox 833 1595 880 1631; x_wconf 89' lang='lat' dir='ltr'>ad</span> <span class='ocrx_word' id='word_1_262' title='bbox 902 1595 1095 1632; x_wconf 83' lang='lat' dir='ltr'>docendas</span> <span class='ocrx_word' id='word_1_263' title='bbox 1131 1597 1269 1644; x_wconf 84' lang='lat' dir='ltr'>gentes</span> <span class='ocrx_word' id='word_1_264' title='bbox 1300 1608 1445 1641; x_wconf 84' lang='lat' dir='ltr'>omnes,</span> <span class='ocrx_word' id='word_1_265' title='bbox 1479 1598 1517 1633; x_wconf 93' lang='lat' dir='ltr'>et</span> <span class='ocrx_word' id='word_1_266' title='bbox 1549 1608 1593 1632; x_wconf 78' lang='lat' dir='ltr'>ex</span> <span class='ocrx_word' id='word_1_267' title='bbox 1625 1596 1756 1633; x_wconf 83' lang='lat' dir='ltr'>verbis</span> <span class='ocrx_word' id='word_1_268' title='bbox 1791 1596 1970 1644; x_wconf 80' lang='lat' dir='ltr'>ejusdem</span> 
     </span>
     <span class='ocr_line' id='line_1_25' title="bbox 223 1654 1971 1703; baseline 0.001 -12"><span class='ocrx_word' id='word_1_269' title='bbox 223 1654 437 1703; x_wconf 87' lang='lat' dir='ltr'>prophetae</span> <span class='ocrx_word' id='word_1_270' title='bbox 463 1660 499 1698; x_wconf 85' lang='lat'>3,</span> <span class='ocrx_word' id='word_1_271' title='bbox 528 1661 575 1694; x_wconf 86' lang='lat'>15</span> <span class='ocrx_word' id='word_1_272' title='bbox 594 1667 600 1690; x_wconf 91' lang='lat'>:</span> <span class='ocrx_word' id='word_1_273' title='bbox 634 1654 742 1691; x_wconf 85' lang='lat' dir='ltr'>Dabo</span> <span class='ocrx_word' id='word_1_274' title='bbox 767 1654 865 1691; x_wconf 73' lang='lat' dir='ltr'>vobis</span> <span class='ocrx_word' id='word_1_275' title='bbox 881 1658 1060 1702; x_wconf 77' lang='lat' dir='ltr'>pastores</span> <span class='ocrx_word' id='word_1_276' title='bbox 1075 1655 1195 1702; x_wconf 72' lang='lat' dir='ltr'>juxta</span> <span class='ocrx_word' id='word_1_277' title='bbox 1216 1667 1281 1691; x_wconf 81' lang='lat' dir='ltr'>cor</span> <span class='ocrx_word' id='word_1_278' title='bbox 1304 1667 1423 1691; x_wconf 76' lang='lat' dir='ltr'>meum</span> <span class='ocrx_word' id='word_1_279' title='bbox 1447 1660 1478 1691; x_wconf 77' lang='lat' dir='ltr'>et</span> <span class='ocrx_word' id='word_1_280' title='bbox 1497 1660 1652 1703; x_wconf 77' lang='lat' dir='ltr'>pascent</span> <span class='ocrx_word' id='word_1_281' title='bbox 1675 1667 1736 1692; x_wconf 67' lang='lat' dir='ltr'>cos</span> <span class='ocrx_word' id='word_1_282' title='bbox 1758 1656 1915 1692; x_wconf 82' lang='lat' dir='ltr'>scientia</span> <span class='ocrx_word' id='word_1_283' title='bbox 1939 1660 1971 1692; x_wconf 79' lang='lat' dir='ltr'>et</span> 
     </span>
     <span class='ocr_line' id='line_1_26' title="bbox 224 1713 1968 1763; baseline 0.001 -13"><span class='ocrx_word' id='word_1_284' title='bbox 224 1713 427 1759; x_wconf 77' lang='lat' dir='ltr'>doctrina,·</span> <span class='ocrx_word' id='word_1_285' title='bbox 458 1713 525 1750; x_wconf 91' lang='lat' dir='ltr'>sed</span> <span class='ocrx_word' id='word_1_286' title='bbox 554 1713 750 1762; x_wconf 85' lang='lat' dir='ltr'>triplicem</span> <span class='ocrx_word' id='word_1_287' title='bbox 773 1713 936 1750; x_wconf 88' lang='lat' dir='ltr'>institui</span> <span class='ocrx_word' id='word_1_288' title='bbox 958 1713 1062 1750; x_wconf 86' lang='lat' dir='ltr'>inter</span> <span class='ocrx_word' id='word_1_289' title='bbox 1090 1713 1138 1749; x_wconf 83' lang='lat' dir='ltr'>N.</span> <span class='ocrx_word' id='word_1_290' title='bbox 1162 1716 1199 1750; x_wconf 90' lang='lat' dir='ltr'>et</span> <span class='ocrx_word' id='word_1_291' title='bbox 1222 1713 1266 1752; x_wconf 75' lang='lat' dir='ltr'>V.</span> <span class='ocrx_word' id='word_1_292' title='bbox 1300 1714 1596 1751; x_wconf 85' lang='lat' dir='ltr'>Testamentum</span> <span class='ocrx_word' id='word_1_293' title='bbox 1627 1714 1968 1763; x_wconf 86' lang='lat' dir='ltr'>comparationem,</span> 
     </span>
     <span class='ocr_line' id='line_1_27' title="bbox 224 1772 1971 1821; baseline 0.001 -13"><span class='ocrx_word' id='word_1_294' title='bbox 224 1784 364 1820; x_wconf 84' lang='lat' dir='ltr'>nempe</span> <span class='ocrx_word' id='word_1_295' title='bbox 387 1782 429 1812; x_wconf 81' lang='lat' dir='ltr'>a.</span> <span class='ocrx_word' id='word_1_296' title='bbox 453 1772 717 1821; x_wconf 84' lang='lat' dir='ltr'>cognitionem</span> <span class='ocrx_word' id='word_1_297' title='bbox 740 1772 809 1808; x_wconf 91' lang='lat' dir='ltr'>Dei</span> <span class='ocrx_word' id='word_1_298' title='bbox 830 1785 900 1820; x_wconf 90' lang='lat' dir='ltr'>per</span> <span class='ocrx_word' id='word_1_299' title='bbox 921 1772 1133 1809; x_wconf 86' lang='lat' dir='ltr'>Ecclesiam</span> <span class='ocrx_word' id='word_1_300' title='bbox 1165 1772 1488 1810; x_wconf 88' lang='lat' dir='ltr'>universaliorem</span> <span class='ocrx_word' id='word_1_301' title='bbox 1517 1773 1611 1818; x_wconf 82' lang='lat' dir='ltr'>fore,</span> <span class='ocrx_word' id='word_1_302' title='bbox 1646 1786 1723 1811; x_wconf 89' lang='lat' dir='ltr'>non</span> <span class='ocrx_word' id='word_1_303' title='bbox 1745 1775 1903 1810; x_wconf 82' lang='lat' dir='ltr'>tantum</span> <span class='ocrx_word' id='word_1_304' title='bbox 1924 1774 1971 1810; x_wconf 90' lang='lat' dir='ltr'>ad</span> 
     </span>
     <span class='ocr_line' id='line_1_28' title="bbox 224 1831 1971 1882; baseline 0.001 -15"><span class='ocrx_word' id='word_1_305' title='bbox 224 1831 376 1876; x_wconf 81' lang='lat' dir='ltr'>fratres,</span> <span class='ocrx_word' id='word_1_306' title='bbox 413 1831 654 1868; x_wconf 86' lang='lat' dir='ltr'>contribules</span> <span class='ocrx_word' id='word_1_307' title='bbox 678 1832 795 1880; x_wconf 89' lang='lat' dir='ltr'>atque</span> <span class='ocrx_word' id='word_1_308' title='bbox 826 1831 1023 1879; x_wconf 81' lang='lat' dir='ltr'>proximos</span> <span class='ocrx_word' id='word_1_309' title='bbox 1056 1832 1381 1881; x_wconf 84' lang='lat' dir='ltr'>restringendam,</span> <span class='ocrx_word' id='word_1_310' title='bbox 1414 1832 1480 1869; x_wconf 87' lang='lat' dir='ltr'>sed</span> <span class='ocrx_word' id='word_1_311' title='bbox 1512 1832 1629 1869; x_wconf 89' lang='lat' dir='ltr'>etiam</span> <span class='ocrx_word' id='word_1_312' title='bbox 1661 1832 1708 1869; x_wconf 88' lang='lat' dir='ltr'>ad</span> <span class='ocrx_word' id='word_1_313' title='bbox 1741 1835 1889 1882; x_wconf 82' lang='lat' dir='ltr'>gentes,</span> <span class='ocrx_word' id='word_1_314' title='bbox 1924 1832 1971 1869; x_wconf 88' lang='lat' dir='ltr'>ad</span> 
     </span>
     <span class='ocr_line' id='line_1_29' title="bbox 226 1890 1972 1940; baseline 0.001 -14"><span class='ocrx_word' id='word_1_315' title='bbox 226 1902 359 1927; x_wconf 88' lang='lat' dir='ltr'>omnes</span> <span class='ocrx_word' id='word_1_316' title='bbox 382 1903 403 1926; x_wconf 92' lang='lat' dir='ltr'>a</span> <span class='ocrx_word' id='word_1_317' title='bbox 424 1890 583 1927; x_wconf 91' lang='lat' dir='ltr'>minimo</span> <span class='ocrx_word' id='word_1_318' title='bbox 606 1902 732 1938; x_wconf 88' lang='lat' dir='ltr'>usque</span> <span class='ocrx_word' id='word_1_319' title='bbox 761 1890 808 1926; x_wconf 86' lang='lat' dir='ltr'>ad</span> <span class='ocrx_word' id='word_1_320' title='bbox 844 1890 1065 1935; x_wconf 80' lang='lat' dir='ltr'>maximum,</span> <span class='ocrx_word' id='word_1_321' title='bbox 1098 1890 1216 1927; x_wconf 88' lang='lat' dir='ltr'>etiam</span> <span class='ocrx_word' id='word_1_322' title='bbox 1248 1891 1294 1927; x_wconf 89' lang='lat' dir='ltr'>ad</span> <span class='ocrx_word' id='word_1_323' title='bbox 1327 1903 1390 1928; x_wconf 91' lang='lat' dir='ltr'>eos</span> <span class='ocrx_word' id='word_1_324' title='bbox 1421 1891 1490 1940; x_wconf 88' lang='grc'><strong>(101</strong></span> <span class='ocrx_word' id='word_1_325' title='bbox 1521 1894 1612 1928; x_wconf 86' lang='grc'><strong>31110</strong></span> <span class='ocrx_word' id='word_1_326' title='bbox 1643 1891 1801 1928; x_wconf 87' lang='lat' dir='ltr'>fuerant</span> <span class='ocrx_word' id='word_1_327' title='bbox 1830 1891 1972 1929; x_wconf 89' lang='lat' dir='ltr'>remoti</span> 
     </span>
     <span class='ocr_line' id='line_1_30' title="bbox 226 1945 1972 2001; baseline 0.001 -15"><span class='ocrx_word' id='word_1_328' title='bbox 226 1945 339 2001; x_wconf 71' lang='lat' dir='ltr'>(Eph.</span> <span class='ocrx_word' id='word_1_329' title='bbox 375 1955 410 1993; x_wconf 77' lang='lat'>2,</span> <span class='ocrx_word' id='word_1_330' title='bbox 451 1946 518 2000; x_wconf 72' lang='lat'>17)</span> <span class='ocrx_word' id='word_1_331' title='bbox 552 1949 811 1986; x_wconf 86' lang='lat' dir='ltr'>dilatandam:</span> <span class='ocrx_word' id='word_1_332' title='bbox 845 1947 892 1988; x_wconf 84' lang='lat' dir='ltr'>b.</span> <span class='ocrx_word' id='word_1_333' title='bbox 927 1949 1145 1986; x_wconf 88' lang='lat' dir='ltr'>doctrinam</span> <span class='ocrx_word' id='word_1_334' title='bbox 1174 1962 1245 1998; x_wconf 91' lang='lat' dir='ltr'>per</span> <span class='ocrx_word' id='word_1_335' title='bbox 1276 1950 1547 1987; x_wconf 82' lang='lat' dir='ltr'>abundantem</span> <span class='ocrx_word' id='word_1_336' title='bbox 1578 1950 1744 2000; x_wconf 85' lang='lat' dir='ltr'>gratiam</span> <span class='ocrx_word' id='word_1_337' title='bbox 1775 1950 1972 1987; x_wconf 87' lang='lat' dir='ltr'>internam</span> 
     </span>
     <span class='ocr_line' id='line_1_31' title="bbox 225 2008 1971 2058; baseline 0.001 -14"><span class='ocrx_word' id='word_1_338' title='bbox 225 2008 401 2045; x_wconf 83' lang='lat' dir='ltr'>futuram</span> <span class='ocrx_word' id='word_1_339' title='bbox 432 2019 517 2045; x_wconf 87' lang='lat' dir='ltr'>esse</span> <span class='ocrx_word' id='word_1_340' title='bbox 548 2008 761 2056; x_wconf 75' lang='lat' dir='ltr'>potiorem3</span> <span class='ocrx_word' id='word_1_341' title='bbox 794 2020 956 2056; x_wconf 84' lang='lat' dir='ltr'>eamque</span> <span class='ocrx_word' id='word_1_342' title='bbox 990 2017 1030 2048; x_wconf 74' lang='lat'>(3.</span> <span class='ocrx_word' id='word_1_343' title='bbox 1053 2009 1300 2057; x_wconf 88' lang='lat' dir='ltr'>conjunctam</span> <span class='ocrx_word' id='word_1_344' title='bbox 1332 2021 1421 2046; x_wconf 88' lang='grc'><strong>00111</strong></span> <span class='ocrx_word' id='word_1_345' title='bbox 1451 2010 1682 2047; x_wconf 88' lang='lat' dir='ltr'>remissione</span> <span class='ocrx_word' id='word_1_346' title='bbox 1712 2011 1971 2058; x_wconf 88' lang='lat' dir='ltr'>peccatorum.</span> 
     </span>
     <span class='ocr_line' id='line_1_32' title="bbox 225 2066 1973 2118; baseline 0.001 -14"><span class='ocrx_word' id='word_1_347' title='bbox 225 2067 362 2115; x_wconf 75' lang='lat' dir='ltr'>Neque</span> <span class='ocrx_word' id='word_1_348' title='bbox 385 2066 527 2104; x_wconf 86' lang='lat' dir='ltr'>desunt</span> <span class='ocrx_word' id='word_1_349' title='bbox 548 2069 691 2115; x_wconf 83' lang='lat' dir='ltr'>patres,</span> <span class='ocrx_word' id='word_1_350' title='bbox 716 2067 785 2115; x_wconf 84' lang='lat' dir='ltr'>qui</span> <span class='ocrx_word' id='word_1_351' title='bbox 807 2067 879 2103; x_wconf 92' lang='lat' dir='ltr'>hoc</span> <span class='ocrx_word' id='word_1_352' title='bbox 900 2067 1139 2104; x_wconf 81' lang='lat' dir='ltr'>vaticinium</span> <span class='ocrx_word' id='word_1_353' title='bbox 1160 2068 1319 2105; x_wconf 88' lang='lat' dir='ltr'>nonnisi</span> <span class='ocrx_word' id='word_1_354' title='bbox 1339 2068 1381 2105; x_wconf 92' lang='lat' dir='ltr'>in</span> <span class='ocrx_word' id='word_1_355' title='bbox 1404 2068 1520 2106; x_wconf 89' lang='lat' dir='ltr'>coelis</span> <span class='ocrx_word' id='word_1_356' title='bbox 1541 2069 1654 2117; x_wconf 88' lang='lat' dir='ltr'>plene</span> <span class='ocrx_word' id='word_1_357' title='bbox 1677 2069 1973 2118; x_wconf 86' lang='lat' dir='ltr'>adimplendum</span> 
     </span>
     <span class='ocr_line' id='line_1_33' title="bbox 226 2126 1972 2177; baseline 0.001 -15"><span class='ocrx_word' id='word_1_358' title='bbox 226 2138 309 2163; x_wconf 86' lang='grc'><strong>0330</strong></span> <span class='ocrx_word' id='word_1_359' title='bbox 331 2128 525 2163; x_wconf 89' lang='lat' dir='ltr'>censeant.</span> <span class='ocrx_word' id='word_1_360' title='bbox 567 2127 629 2163; x_wconf 88' lang='lat' dir='ltr'>Ita</span> <span class='ocrx_word' id='word_1_361' title='bbox 651 2126 714 2162; x_wconf 86' lang='lat' dir='ltr'>Th</span> <span class='ocrx_word' id='word_1_362' title='bbox 731 2126 1009 2163; x_wconf 86' lang='lat' dir='ltr'>eodoretus</span> <span class='ocrx_word' id='word_1_363' title='bbox 1032 2126 1074 2163; x_wconf 90' lang='lat' dir='ltr'>in</span> <span class='ocrx_word' id='word_1_364' title='bbox 1096 2127 1132 2163; x_wconf 91' lang='lat' dir='ltr'>h.</span> <span class='ocrx_word' id='word_1_365' title='bbox 1155 2127 1179 2163; x_wconf 94' lang='lat' dir='ltr'>l.</span> <span class='ocrx_word' id='word_1_366' title='bbox 1202 2126 1246 2163; x_wconf 89' lang='lat' dir='ltr'>in</span> <span class='ocrx_word' id='word_1_367' title='bbox 1267 2127 1386 2166; x_wconf 82' lang='lat' dir='ltr'>Hebr.</span> <span class='ocrx_word' id='word_1_368' title='bbox 1412 2133 1540 2172; x_wconf 80' lang='grc'><strong>8,13;</strong></span> <span class='ocrx_word' id='word_1_369' title='bbox 1565 2128 1902 2177; x_wconf 88' lang='lat' dir='ltr'>Augustinus</span> <span class='ocrx_word' id='word_1_370' title='bbox 1925 2128 1972 2164; x_wconf 91' lang='lat' dir='ltr'>de</span> 
     </span>
     <span class='ocr_line' id='line_1_34' title="bbox 227 2185 1972 2235; baseline 0.001 -14"><span class='ocrx_word' id='word_1_371' title='bbox 227 2185 372 2233; x_wconf 82' lang='lat' dir='ltr'>spiritu</span> <span class='ocrx_word' id='word_1_372' title='bbox 393 2188 433 2222; x_wconf 90' lang='lat' dir='ltr'>et</span> <span class='ocrx_word' id='word_1_373' title='bbox 453 2185 512 2221; x_wconf 89' lang='lat' dir='ltr'>lit.</span> <span class='ocrx_word' id='word_1_374' title='bbox 536 2197 565 2222; x_wconf 94' lang='grc'>0.</span> <span class='ocrx_word' id='word_1_375' title='bbox 591 2191 664 2230; x_wconf 82' lang='grc'>24;</span> <span class='ocrx_word' id='word_1_376' title='bbox 701 2185 983 2233; x_wconf 84' lang='lat' dir='ltr'>Gregorius</span> <span class='ocrx_word' id='word_1_377' title='bbox 1006 2186 1055 2222; x_wconf 75' lang='lat' dir='ltr'>M.</span> <span class='ocrx_word' id='word_1_378' title='bbox 1078 2186 1212 2223; x_wconf 83' lang='lat' dir='ltr'>Moral.</span> <span class='ocrx_word' id='word_1_379' title='bbox 1235 2186 1348 2231; x_wconf 83' lang='lat' dir='ltr'>XXX,</span> <span class='ocrx_word' id='word_1_380' title='bbox 1375 2194 1419 2231; x_wconf 81' lang='lat'>43</span> <span class='ocrx_word' id='word_1_381' title='bbox 1451 2187 1752 2231; x_wconf 82' lang='lat' dir='ltr'>Primasius,</span> <span class='ocrx_word' id='word_1_382' title='bbox 1787 2187 1972 2235; x_wconf 89' lang='lat' dir='ltr'>Haymo</span> 
     </span>
     <span class='ocr_line' id='line_1_35' title="bbox 227 2243 1973 2292; baseline 0.001 -12"><span class='ocrx_word' id='word_1_383' title='bbox 227 2244 572 2281; x_wconf 80' lang='lat' dir='ltr'>halberstadiensis</span> <span class='ocrx_word' id='word_1_384' title='bbox 596 2246 635 2281; x_wconf 88' lang='lat' dir='ltr'>et</span> <span class='ocrx_word' id='word_1_385' title='bbox 669 2243 934 2281; x_wconf 83' lang='lat' dir='ltr'>Hervaeus</span> <span class='ocrx_word' id='word_1_386' title='bbox 969 2257 1026 2292; x_wconf 92' lang='lat' dir='ltr'>ep.</span> <span class='ocrx_word' id='word_1_387' title='bbox 1058 2245 1100 2281; x_wconf 91' lang='lat' dir='ltr'>in</span> <span class='ocrx_word' id='word_1_388' title='bbox 1134 2245 1251 2284; x_wconf 88' lang='lat' dir='ltr'>Hebr.</span> <span class='ocrx_word' id='word_1_389' title='bbox 1288 2251 1323 2292; x_wconf 81' lang='lat'>8,</span> <span class='ocrx_word' id='word_1_390' title='bbox 1352 2253 1423 2289; x_wconf 74' lang='lat'>11:</span> <span class='ocrx_word' id='word_1_391' title='bbox 1459 2245 1753 2283; x_wconf 87' lang='lat' dir='ltr'>Bernardus</span> <span class='ocrx_word' id='word_1_392' title='bbox 1789 2258 1817 2284; x_wconf 90' lang='lat' dir='ltr'>s.</span> <span class='ocrx_word' id='word_1_393' title='bbox 1842 2252 1893 2286; x_wconf 83' lang='lat'>53</span> <span class='ocrx_word' id='word_1_394' title='bbox 1929 2245 1973 2282; x_wconf 85' lang='lat' dir='ltr'>in</span> 
     </span>
     <span class='ocr_line' id='line_1_36' title="bbox 227 2303 1972 2352; baseline 0.001 -12"><span class='ocrx_word' id='word_1_395' title='bbox 227 2306 327 2340; x_wconf 84' lang='lat' dir='ltr'>cant.</span> <span class='ocrx_word' id='word_1_396' title='bbox 350 2316 388 2340; x_wconf 91' lang='lat' dir='ltr'>n.</span> <span class='ocrx_word' id='word_1_397' title='bbox 415 2310 455 2347; x_wconf 74' lang='grc' dir='ltr'>ὃς</span> <span class='ocrx_word' id='word_1_398' title='bbox 488 2303 701 2340; x_wconf 88' lang='lat' dir='ltr'>Thomas</span> <span class='ocrx_word' id='word_1_399' title='bbox 724 2303 811 2340; x_wconf 89' lang='lat' dir='ltr'>lect.</span> <span class='ocrx_word' id='word_1_400' title='bbox 848 2310 869 2343; x_wconf 83' lang='lat'>3</span> <span class='ocrx_word' id='word_1_401' title='bbox 902 2303 944 2339; x_wconf 88' lang='lat' dir='ltr'>in</span> <span class='ocrx_word' id='word_1_402' title='bbox 967 2316 1024 2352; x_wconf 92' lang='lat' dir='ltr'>ep.</span> <span class='ocrx_word' id='word_1_403' title='bbox 1057 2303 1105 2340; x_wconf 89' lang='lat' dir='ltr'>ad</span> <span class='ocrx_word' id='word_1_404' title='bbox 1127 2304 1244 2341; x_wconf 89' lang='lat' dir='ltr'>Hebr.</span> <span class='ocrx_word' id='word_1_405' title='bbox 1281 2310 1302 2344; x_wconf 79' lang='lat' dir='ltr'>S</span> <span class='ocrx_word' id='word_1_406' title='bbox 1337 2307 1408 2341; x_wconf 86' lang='lat' dir='ltr'>etc.</span> <span class='ocrx_word' id='word_1_407' title='bbox 1454 2305 1634 2341; x_wconf 89' lang='lat' dir='ltr'>Ceterum</span> <span class='ocrx_word' id='word_1_408' title='bbox 1665 2304 1908 2349; x_wconf 88' lang='lat' dir='ltr'>verosimilis,</span> <span class='ocrx_word' id='word_1_409' title='bbox 1940 2305 1972 2342; x_wconf 92' lang='lat' dir='ltr'>si</span> 
     </span>
     <span class='ocr_line' id='line_1_37' title="bbox 227 2361 1973 2410; baseline 0.001 -12"><span class='ocrx_word' id='word_1_410' title='bbox 227 2374 306 2399; x_wconf 89' lang='lat' dir='ltr'>non</span> <span class='ocrx_word' id='word_1_411' title='bbox 327 2361 616 2410; x_wconf 50' lang='lat' dir='ltr'>praeferendus</span> <span class='ocrx_word' id='word_1_412' title='bbox 641 2364 701 2399; x_wconf 88' lang='lat' dir='ltr'>est</span> <span class='ocrx_word' id='word_1_413' title='bbox 724 2362 1040 2407; x_wconf 88' lang='lat' dir='ltr'>commentarius,</span> <span class='ocrx_word' id='word_1_414' title='bbox 1079 2375 1197 2410; x_wconf 89' lang='lat' dir='ltr'>quem</span> <span class='ocrx_word' id='word_1_415' title='bbox 1218 2363 1487 2400; x_wconf 88' lang='lat' dir='ltr'>recentissime</span> <span class='ocrx_word' id='word_1_416' title='bbox 1509 2364 1646 2401; x_wconf 88' lang='lat' dir='ltr'>tuetur</span> <span class='ocrx_word' id='word_1_417' title='bbox 1666 2364 1911 2401; x_wconf 87' lang='lat' dir='ltr'>Palmieri</span> <span class='ocrx_word' id='word_1_418' title='bbox 1932 2363 1973 2400; x_wconf 89' lang='lat' dir='ltr'>in</span> 
     </span>
     <span class='ocr_line' id='line_1_38' title="bbox 227 2416 1970 2471; baseline 0.001 -14"><span class='ocrx_word' id='word_1_419' title='bbox 227 2421 319 2458; x_wconf 90' lang='lat' dir='ltr'>diss.</span> <span class='ocrx_word' id='word_1_420' title='bbox 352 2420 502 2469; x_wconf 83' lang='lat' dir='ltr'>adjecta</span> <span class='ocrx_word' id='word_1_421' title='bbox 525 2433 584 2469; x_wconf 91' lang='lat' dir='ltr'>op.</span> <span class='ocrx_word' id='word_1_422' title='bbox 618 2421 664 2457; x_wconf 84' lang='lat' dir='ltr'>de</span> <span class='ocrx_word' id='word_1_423' title='bbox 695 2421 862 2458; x_wconf 87' lang='lat' dir='ltr'>veritate</span> <span class='ocrx_word' id='word_1_424' title='bbox 893 2420 1080 2458; x_wconf 86' lang='lat' dir='ltr'>historica</span> <span class='ocrx_word' id='word_1_425' title='bbox 1112 2422 1136 2457; x_wconf 91' lang='lat'>1.</span> <span class='ocrx_word' id='word_1_426' title='bbox 1169 2421 1322 2467; x_wconf 84' lang='lat' dir='ltr'>Judith,</span> <span class='ocrx_word' id='word_1_427' title='bbox 1357 2422 1538 2471; x_wconf 85' lang='lat' dir='ltr'>Galopiae</span> <span class='ocrx_word' id='word_1_428' title='bbox 1567 2428 1673 2463; x_wconf 83' lang='grc'><strong>1886</strong></span> <span class='ocrx_word' id='word_1_429' title='bbox 1697 2416 1734 2471; x_wconf 71' lang='grc'>11.</span> <span class='ocrx_word' id='word_1_430' title='bbox 1761 2428 1970 2463; x_wconf 82' lang='lat'>115—25.</span> 
     </span>
     <span class='ocr_line' id='line_1_39' title="bbox 228 2479 1973 2530; baseline 0.002 -14"><span class='ocrx_word' id='word_1_431' title='bbox 228 2479 369 2517; x_wconf 84' lang='lat' dir='ltr'>Censet</span> <span class='ocrx_word' id='word_1_432' title='bbox 391 2480 472 2517; x_wconf 87' lang='lat' dir='ltr'>scil.</span> <span class='ocrx_word' id='word_1_433' title='bbox 495 2480 567 2517; x_wconf 89' lang='grc'><strong>1100</strong></span> <span class='ocrx_word' id='word_1_434' title='bbox 588 2479 821 2516; x_wconf 84' lang='lat' dir='ltr'>vaticinium</span> <span class='ocrx_word' id='word_1_435' title='bbox 842 2480 1036 2528; x_wconf 88' lang='lat' dir='ltr'>respicere</span> <span class='ocrx_word' id='word_1_436' title='bbox 1058 2480 1191 2528; x_wconf 90' lang='lat' dir='ltr'>ipsum</span> <span class='ocrx_word' id='word_1_437' title='bbox 1214 2481 1403 2529; x_wconf 88' lang='lat' dir='ltr'>populum</span> <span class='ocrx_word' id='word_1_438' title='bbox 1421 2481 1623 2530; x_wconf 85' lang='lat' dir='ltr'>judaicum</span> <span class='ocrx_word' id='word_1_439' title='bbox 1658 2494 1780 2530; x_wconf 89' lang='lat' dir='ltr'>eoque</span> <span class='ocrx_word' id='word_1_440' title='bbox 1800 2481 1973 2530; x_wconf 88' lang='lat' dir='ltr'>praedici</span> 
     </span>
     <span class='ocr_line' id='line_1_40' title="bbox 228 2538 1971 2590; baseline 0.002 -15"><span class='ocrx_word' id='word_1_441' title='bbox 228 2538 334 2586; x_wconf 87' lang='lat' dir='ltr'>quod</span> <span class='ocrx_word' id='word_1_442' title='bbox 355 2539 471 2576; x_wconf 85' lang='lat' dir='ltr'>etiam</span> <span class='ocrx_word' id='word_1_443' title='bbox 494 2539 640 2576; x_wconf 87' lang='lat' dir='ltr'>Paulus</span> <span class='ocrx_word' id='word_1_444' title='bbox 674 2538 857 2575; x_wconf 88' lang='lat' dir='ltr'>futurum</span> <span class='ocrx_word' id='word_1_445' title='bbox 887 2539 1145 2587; x_wconf 86' lang='lat' dir='ltr'>praenunciat</span> <span class='ocrx_word' id='word_1_446' title='bbox 1167 2539 1273 2576; x_wconf 86' lang='lat' dir='ltr'>Rom.</span> <span class='ocrx_word' id='word_1_447' title='bbox 1301 2547 1364 2586; x_wconf 81' lang='lat'>11,</span> <span class='ocrx_word' id='word_1_448' title='bbox 1392 2546 1455 2581; x_wconf 79' lang='grc'>25.</span> <span class='ocrx_word' id='word_1_449' title='bbox 1482 2547 1532 2580; x_wconf 82' lang='lat'>‘26</span> <span class='ocrx_word' id='word_1_450' title='bbox 1566 2541 1722 2578; x_wconf 88' lang='lat' dir='ltr'>finalem</span> <span class='ocrx_word' id='word_1_451' title='bbox 1753 2541 1871 2590; x_wconf 85' lang='lat' dir='ltr'>hujus</span> <span class='ocrx_word' id='word_1_452' title='bbox 1902 2553 1971 2589; x_wconf 92' lang='lat' dir='ltr'>po-</span> 
     </span>
    </p>
   </div>
   <div class='ocr_carea' id='block_1_4' title="bbox 231 2691 1971 3164">
    <p class='ocr_par' dir='ltr' id='par_1_5' title="bbox 379 2691 1305 2736">
     <span class='ocr_line' id='line_1_41' title="bbox 379 2691 1305 2736; baseline 0.003 -11"><span class='ocrx_word' id='word_1_453' title='bbox 379 2695 400 2732; x_wconf 87' lang='lat'>1)</span> <span class='ocrx_word' id='word_1_454' title='bbox 421 2691 473 2725; x_wconf 90' lang='lat' dir='ltr'>Cf.</span> <span class='ocrx_word' id='word_1_455' title='bbox 492 2694 572 2726; x_wconf 89' lang='lat' dir='ltr'>Act.</span> <span class='ocrx_word' id='word_1_456' title='bbox 593 2697 623 2732; x_wconf 88' lang='lat'>5,</span> <span class='ocrx_word' id='word_1_457' title='bbox 642 2697 684 2728; x_wconf 70' lang='lat'>4:</span> <span class='ocrx_word' id='word_1_458' title='bbox 704 2692 797 2736; x_wconf 88' lang='lat' dir='ltr'>Eph.</span> <span class='ocrx_word' id='word_1_459' title='bbox 816 2695 849 2733; x_wconf 90' lang='grc'>6,</span> <span class='ocrx_word' id='word_1_460' title='bbox 872 2695 933 2728; x_wconf 76' lang='lat'>122</span> <span class='ocrx_word' id='word_1_461' title='bbox 957 2697 985 2726; x_wconf 92' lang='lat'>1.</span> <span class='ocrx_word' id='word_1_462' title='bbox 1005 2692 1128 2727; x_wconf 80' lang='lat' dir='ltr'>Thess.</span> <span class='ocrx_word' id='word_1_463' title='bbox 1148 2697 1180 2732; x_wconf 78' lang='lat'>4,</span> <span class='ocrx_word' id='word_1_464' title='bbox 1199 2696 1221 2727; x_wconf 85' lang='lat'>8</span> <span class='ocrx_word' id='word_1_465' title='bbox 1239 2695 1305 2728; x_wconf 86' lang='lat' dir='ltr'>etc.</span> 
     </span>
    </p>

    <p class='ocr_par' dir='ltr' id='par_1_6' title="bbox 231 2745 1971 3164">
     <span class='ocr_line' id='line_1_42' title="bbox 376 2745 1971 2795; baseline 0.001 -17"><span class='ocrx_word' id='word_1_466' title='bbox 376 2750 401 2785; x_wconf 78' lang='lat'>2)</span> <span class='ocrx_word' id='word_1_467' title='bbox 422 2749 451 2779; x_wconf 85' lang='lat'>1.</span> <span class='ocrx_word' id='word_1_468' title='bbox 472 2746 552 2781; x_wconf 82' lang='lat' dir='ltr'>Cor.</span> <span class='ocrx_word' id='word_1_469' title='bbox 570 2749 602 2786; x_wconf 86' lang='lat'>3,</span> <span class='ocrx_word' id='word_1_470' title='bbox 622 2748 659 2784; x_wconf 84' lang='lat'>6;</span> <span class='ocrx_word' id='word_1_471' title='bbox 679 2746 761 2780; x_wconf 88' lang='lat' dir='ltr'>Act.</span> <span class='ocrx_word' id='word_1_472' title='bbox 783 2748 838 2786; x_wconf 87' lang='lat'>16,</span> <span class='ocrx_word' id='word_1_473' title='bbox 860 2749 903 2779; x_wconf 81' lang='lat'>14</span> <span class='ocrx_word' id='word_1_474' title='bbox 921 2747 987 2780; x_wconf 80' lang='lat' dir='ltr'>etc,</span> <span class='ocrx_word' id='word_1_475' title='bbox 1016 2746 1100 2781; x_wconf 87' lang='lat' dir='ltr'>Ideo</span> <span class='ocrx_word' id='word_1_476' title='bbox 1120 2759 1146 2780; x_wconf 91' lang='grc'>3.</span> <span class='ocrx_word' id='word_1_477' title='bbox 1166 2745 1226 2780; x_wconf 91' lang='lat' dir='ltr'>Bo</span> <span class='ocrx_word' id='word_1_478' title='bbox 1238 2759 1262 2780; x_wconf 89' lang='lat' dir='ltr'>n</span> <span class='ocrx_word' id='word_1_479' title='bbox 1274 2758 1327 2781; x_wconf 88' lang='lat' dir='ltr'>av</span> <span class='ocrx_word' id='word_1_480' title='bbox 1340 2751 1451 2782; x_wconf 87' lang='lat' dir='ltr'>entu</span> <span class='ocrx_word' id='word_1_481' title='bbox 1463 2760 1513 2782; x_wconf 84' lang='lat' dir='ltr'>ra</span> <span class='ocrx_word' id='word_1_482' title='bbox 1530 2749 1588 2795; x_wconf 85' lang='lat' dir='ltr'>(de</span> <span class='ocrx_word' id='word_1_483' title='bbox 1605 2748 1818 2783; x_wconf 86' lang='lat' dir='ltr'>reductione</span> <span class='ocrx_word' id='word_1_484' title='bbox 1836 2747 1971 2781; x_wconf 86' lang='lat' dir='ltr'>artium</span> 
     </span>
     <span class='ocr_line' id='line_1_43' title="bbox 231 2796 1971 2844; baseline 0.002 -14"><span class='ocrx_word' id='word_1_485' title='bbox 231 2796 277 2830; x_wconf 85' lang='lat' dir='ltr'>ad</span> <span class='ocrx_word' id='word_1_486' title='bbox 293 2797 423 2844; x_wconf 85' lang='lat' dir='ltr'>theol.)</span> <span class='ocrx_word' id='word_1_487' title='bbox 441 2801 640 2842; x_wconf 82' lang='lat' dir='ltr'>praeeunte</span> <span class='ocrx_word' id='word_1_488' title='bbox 658 2801 689 2832; x_wconf 93' lang='lat' dir='ltr'>A</span> <span class='ocrx_word' id='word_1_489' title='bbox 701 2811 724 2832; x_wconf 94' lang='lat' dir='ltr'>u</span> <span class='ocrx_word' id='word_1_490' title='bbox 735 2812 759 2844; x_wconf 88' lang='lat' dir='ltr'>g</span> <span class='ocrx_word' id='word_1_491' title='bbox 770 2811 794 2832; x_wconf 92' lang='grc'>0</span> <span class='ocrx_word' id='word_1_492' title='bbox 808 2811 823 2832; x_wconf 92' lang='grc'>3</span> <span class='ocrx_word' id='word_1_493' title='bbox 835 2800 912 2833; x_wconf 82' lang='grc'><strong>1111</strong></span> <span class='ocrx_word' id='word_1_494' title='bbox 924 2809 944 2832; x_wconf 94' lang='grc'>0</span> <span class='ocrx_word' id='word_1_495' title='bbox 958 2813 964 2832; x_wconf 86' lang='grc'>;</span> <span class='ocrx_word' id='word_1_496' title='bbox 1004 2799 1091 2837; x_wconf 67' lang='grc' dir='ltr'>Ξ,1110</span> <span class='ocrx_word' id='word_1_497' title='bbox 1119 2799 1230 2843; x_wconf 87' lang='lat' dir='ltr'>solus,</span> <span class='ocrx_word' id='word_1_498' title='bbox 1248 2799 1382 2844; x_wconf 89' lang='lat' dir='ltr'>inquit,</span> <span class='ocrx_word' id='word_1_499' title='bbox 1413 2803 1469 2835; x_wconf 87' lang='lat' dir='ltr'>est</span> <span class='ocrx_word' id='word_1_500' title='bbox 1487 2813 1593 2836; x_wconf 84' lang='lat' dir='ltr'>verus</span> <span class='ocrx_word' id='word_1_501' title='bbox 1611 2801 1749 2842; x_wconf 82' lang='lat' dir='ltr'>doctor,</span> <span class='ocrx_word' id='word_1_502' title='bbox 1767 2800 1831 2844; x_wconf 89' lang='lat' dir='ltr'>qui</span> <span class='ocrx_word' id='word_1_503' title='bbox 1847 2802 1971 2844; x_wconf 82' lang='lat' dir='ltr'>potest</span> 
     </span>
     <span class='ocr_line' id='line_1_44' title="bbox 233 2851 1970 2896; baseline 0.001 -12"><span class='ocrx_word' id='word_1_504' title='bbox 233 2851 393 2894; x_wconf 90' lang='lat' dir='ltr'>speciem</span> <span class='ocrx_word' id='word_1_505' title='bbox 410 2852 622 2896; x_wconf 86' lang='lat' dir='ltr'>imprimere</span> <span class='ocrx_word' id='word_1_506' title='bbox 641 2854 678 2886; x_wconf 89' lang='lat' dir='ltr'>et</span> <span class='ocrx_word' id='word_1_507' title='bbox 695 2853 821 2886; x_wconf 90' lang='lat' dir='ltr'>lumen</span> <span class='ocrx_word' id='word_1_508' title='bbox 838 2852 1034 2887; x_wconf 82' lang='lat' dir='ltr'>infundere</span> <span class='ocrx_word' id='word_1_509' title='bbox 1050 2855 1087 2887; x_wconf 89' lang='lat' dir='ltr'>et</span> <span class='ocrx_word' id='word_1_510' title='bbox 1099 2853 1276 2887; x_wconf 89' lang='lat' dir='ltr'>virtutem</span> <span class='ocrx_word' id='word_1_511' title='bbox 1296 2855 1382 2888; x_wconf 85' lang='lat' dir='ltr'>dare</span> <span class='ocrx_word' id='word_1_512' title='bbox 1400 2855 1502 2888; x_wconf 89' lang='lat' dir='ltr'>cordi</span> <span class='ocrx_word' id='word_1_513' title='bbox 1521 2855 1716 2889; x_wconf 85' lang='lat' dir='ltr'>audientis.</span> <span class='ocrx_word' id='word_1_514' title='bbox 1736 2855 1783 2889; x_wconf 89' lang='lat' dir='ltr'>Et</span> <span class='ocrx_word' id='word_1_515' title='bbox 1800 2855 1886 2888; x_wconf 88' lang='lat' dir='ltr'>hinc</span> <span class='ocrx_word' id='word_1_516' title='bbox 1906 2855 1970 2894; x_wconf 86' lang='lat' dir='ltr'>est,</span> 
     </span>
     <span class='ocr_line' id='line_1_45' title="bbox 231 2903 1971 2952; baseline 0.002 -16"><span class='ocrx_word' id='word_1_517' title='bbox 231 2903 328 2946; x_wconf 87' lang='lat' dir='ltr'>quod</span> <span class='ocrx_word' id='word_1_518' title='bbox 349 2904 561 2939; x_wconf 78' lang='lat' dir='ltr'>cathedram</span> <span class='ocrx_word' id='word_1_519' title='bbox 579 2905 695 2939; x_wconf 83' lang='lat' dir='ltr'>habet</span> <span class='ocrx_word' id='word_1_520' title='bbox 712 2906 750 2939; x_wconf 90' lang='lat' dir='ltr'>in</span> <span class='ocrx_word' id='word_1_521' title='bbox 769 2905 880 2945; x_wconf 79' lang='lat' dir='ltr'>coelo,</span> <span class='ocrx_word' id='word_1_522' title='bbox 901 2906 965 2949; x_wconf 89' lang='lat' dir='ltr'>qui</span> <span class='ocrx_word' id='word_1_523' title='bbox 983 2907 1083 2939; x_wconf 88' lang='lat' dir='ltr'>intus</span> <span class='ocrx_word' id='word_1_524' title='bbox 1102 2905 1211 2940; x_wconf 86' lang='lat' dir='ltr'>corda</span> <span class='ocrx_word' id='word_1_525' title='bbox 1229 2907 1344 2942; x_wconf 90' lang='lat' dir='ltr'>docet.</span> <span class='ocrx_word' id='word_1_526' title='bbox 1356 2915 1368 2928; x_wconf 83' lang='lat'><em>‘</em></span> <span class='ocrx_word' id='word_1_527' title='bbox 1406 2908 1452 2942; x_wconf 86' lang='lat' dir='ltr'>Et</span> <span class='ocrx_word' id='word_1_528' title='bbox 1463 2908 1542 2952; x_wconf 77' lang='lat' dir='ltr'>jam</span> <span class='ocrx_word' id='word_1_529' title='bbox 1561 2911 1671 2942; x_wconf 80' lang='lat' dir='ltr'>antea</span> <span class='ocrx_word' id='word_1_530' title='bbox 1689 2908 1714 2942; x_wconf 93' lang='lat' dir='ltr'>C</span> <span class='ocrx_word' id='word_1_531' title='bbox 1726 2908 1778 2942; x_wconf 84' lang='grc'>111</span> <span class='ocrx_word' id='word_1_532' title='bbox 1788 2920 1811 2951; x_wconf 69' lang='lat'>5</span> <span class='ocrx_word' id='word_1_533' title='bbox 1824 2920 1838 2941; x_wconf 90' lang='grc'>3</span> <span class='ocrx_word' id='word_1_534' title='bbox 1850 2918 1870 2940; x_wconf 92' lang='grc'>0</span> <span class='ocrx_word' id='word_1_535' title='bbox 1884 2919 1898 2940; x_wconf 88' lang='grc'>3</span> <span class='ocrx_word' id='word_1_536' title='bbox 1910 2909 1925 2939; x_wconf 90' lang='lat' dir='ltr'>t</span> <span class='ocrx_word' id='word_1_537' title='bbox 1937 2917 1971 2940; x_wconf 86' lang='lat'>0·</span> 
     </span>
     <span class='ocr_line' id='line_1_46' title="bbox 232 2955 1969 3004; baseline 0.002 -15"><span class='ocrx_word' id='word_1_538' title='bbox 232 2967 303 2989; x_wconf 90' lang='lat' dir='ltr'>mu</span> <span class='ocrx_word' id='word_1_539' title='bbox 315 2967 330 2989; x_wconf 82' lang='lat' dir='ltr'>s</span> <span class='ocrx_word' id='word_1_540' title='bbox 348 2955 446 2991; x_wconf 87' lang='lat' dir='ltr'>hom.</span> <span class='ocrx_word' id='word_1_541' title='bbox 470 2961 498 2991; x_wconf 93' lang='grc'>1.</span> <span class='ocrx_word' id='word_1_542' title='bbox 518 2957 558 2991; x_wconf 89' lang='lat' dir='ltr'>in</span> <span class='ocrx_word' id='word_1_543' title='bbox 576 2957 857 3002; x_wconf 86' lang='lat' dir='ltr'>inscriptionem</span> <span class='ocrx_word' id='word_1_544' title='bbox 876 2957 1006 2993; x_wconf 85' lang='lat' dir='ltr'>altaris</span> <span class='ocrx_word' id='word_1_545' title='bbox 1025 2961 1061 2992; x_wconf 90' lang='lat' dir='ltr'>et</span> <span class='ocrx_word' id='word_1_546' title='bbox 1083 2959 1123 2992; x_wconf 89' lang='lat' dir='ltr'>in</span> <span class='ocrx_word' id='word_1_547' title='bbox 1144 2960 1260 3004; x_wconf 86' lang='lat' dir='ltr'>princ.</span> <span class='ocrx_word' id='word_1_548' title='bbox 1285 2962 1366 2995; x_wconf 89' lang='lat' dir='ltr'>Act.</span> <span class='ocrx_word' id='word_1_549' title='bbox 1382 2961 1449 3001; x_wconf 81' lang='lat' dir='ltr'>(ed.</span> <span class='ocrx_word' id='word_1_550' title='bbox 1469 2961 1505 2995; x_wconf 89' lang='lat' dir='ltr'>M</span> <span class='ocrx_word' id='word_1_551' title='bbox 1519 2973 1538 2996; x_wconf 93' lang='lat'><em>0</em></span> <span class='ocrx_word' id='word_1_552' title='bbox 1550 2962 1690 2995; x_wconf 82' lang='lat' dir='ltr'>ntfau</span> <span class='ocrx_word' id='word_1_553' title='bbox 1703 2971 1783 2994; x_wconf 89' lang='lat' dir='ltr'>con</span> <span class='ocrx_word' id='word_1_554' title='bbox 1801 2963 1828 2995; x_wconf 84' lang='lat' dir='ltr'>t.</span> <span class='ocrx_word' id='word_1_555' title='bbox 1846 2963 1879 3002; x_wconf 78' lang='lat'>3)</span> <span class='ocrx_word' id='word_1_556' title='bbox 1892 2972 1926 2993; x_wconf 88' lang='lat' dir='ltr'>n.</span> <span class='ocrx_word' id='word_1_557' title='bbox 1939 2963 1969 2994; x_wconf 85' lang='lat'>3:</span> 
     </span>
     <span class='ocr_line' id='line_1_47' title="bbox 233 3008 1969 3058; baseline 0.002 -17"><span class='ocrx_word' id='word_1_558' title='bbox 233 3008 432 3048; x_wconf 79' lang='lat' dir='ltr'>&gt;,Coelestis</span> <span class='ocrx_word' id='word_1_559' title='bbox 450 3013 506 3044; x_wconf 85' lang='lat' dir='ltr'>est</span> <span class='ocrx_word' id='word_1_560' title='bbox 525 3012 562 3045; x_wconf 93' lang='lat' dir='ltr'>et</span> <span class='ocrx_word' id='word_1_561' title='bbox 581 3022 738 3055; x_wconf 87' lang='lat' dir='ltr'>superna</span> <span class='ocrx_word' id='word_1_562' title='bbox 756 3012 881 3046; x_wconf 83' lang='lat' dir='ltr'>schola</span> <span class='ocrx_word' id='word_1_563' title='bbox 899 3014 1035 3052; x_wconf 86' lang='lat' dir='ltr'>nostra,</span> <span class='ocrx_word' id='word_1_564' title='bbox 1063 3012 1243 3056; x_wconf 79' lang='lat' dir='ltr'>siquidem</span> <span class='ocrx_word' id='word_1_565' title='bbox 1261 3013 1348 3047; x_wconf 86' lang='lat' dir='ltr'>talis</span> <span class='ocrx_word' id='word_1_566' title='bbox 1376 3016 1431 3047; x_wconf 88' lang='lat' dir='ltr'>est</span> <span class='ocrx_word' id='word_1_567' title='bbox 1451 3014 1614 3058; x_wconf 79' lang='lat' dir='ltr'>dignitas</span> <span class='ocrx_word' id='word_1_568' title='bbox 1632 3014 1741 3057; x_wconf 79' lang='lat' dir='ltr'>hujus</span> <span class='ocrx_word' id='word_1_569' title='bbox 1762 3013 1910 3052; x_wconf 73' lang='lat' dir='ltr'>theatri,</span> <span class='ocrx_word' id='word_1_570' title='bbox 1929 3014 1969 3045; x_wconf 89' lang='lat' dir='ltr'>ut</span> 
     </span>
     <span class='ocr_line' id='line_1_48' title="bbox 233 3061 1971 3111; baseline 0.002 -17"><span class='ocrx_word' id='word_1_571' title='bbox 233 3062 279 3095; x_wconf 87' lang='lat' dir='ltr'>ab</span> <span class='ocrx_word' id='word_1_572' title='bbox 299 3061 513 3096; x_wconf 88' lang='lat' dir='ltr'>hominibus</span> <span class='ocrx_word' id='word_1_573' title='bbox 531 3063 637 3105; x_wconf 84' lang='lat' dir='ltr'>nihil,</span> <span class='ocrx_word' id='word_1_574' title='bbox 657 3065 720 3099; x_wconf 91' lang='lat' dir='ltr'>sed</span> <span class='ocrx_word' id='word_1_575' title='bbox 737 3076 803 3109; x_wconf 89' lang='lat' dir='ltr'>per</span> <span class='ocrx_word' id='word_1_576' title='bbox 819 3065 986 3099; x_wconf 89' lang='lat' dir='ltr'>homines</span> <span class='ocrx_word' id='word_1_577' title='bbox 1005 3075 1026 3098; x_wconf 81' lang='grc'>3</span> <span class='ocrx_word' id='word_1_578' title='bbox 1044 3065 1119 3099; x_wconf 90' lang='lat' dir='ltr'>Deo</span> <span class='ocrx_word' id='word_1_579' title='bbox 1138 3065 1353 3100; x_wconf 78' lang='lat' dir='ltr'>discamus.‹</span> <span class='ocrx_word' id='word_1_580' title='bbox 1391 3066 1444 3101; x_wconf 85' lang='lat' dir='ltr'>Cf.</span> <span class='ocrx_word' id='word_1_581' title='bbox 1471 3066 1579 3111; x_wconf 83' lang='lat' dir='ltr'>plura</span> <span class='ocrx_word' id='word_1_582' title='bbox 1606 3067 1645 3100; x_wconf 90' lang='grc'>111</span> <span class='ocrx_word' id='word_1_583' title='bbox 1662 3068 1769 3100; x_wconf 84' lang='grc'><strong>11301.</strong></span> <span class='ocrx_word' id='word_1_584' title='bbox 1789 3066 1832 3099; x_wconf 82' lang='grc'>(10</span> <span class='ocrx_word' id='word_1_585' title='bbox 1850 3065 1971 3109; x_wconf 85' lang='lat' dir='ltr'>gratia</span> 
     </span>
     <span class='ocr_line' id='line_1_49' title="bbox 231 3114 1491 3164; baseline 0.005 -17"><span class='ocrx_word' id='word_1_586' title='bbox 231 3115 257 3149; x_wconf 91' lang='lat' dir='ltr'>t.</span> <span class='ocrx_word' id='word_1_587' title='bbox 276 3114 338 3148; x_wconf 79' lang='lat' dir='ltr'>HI.</span> <span class='ocrx_word' id='word_1_588' title='bbox 358 3114 412 3150; x_wconf 87' lang='lat' dir='ltr'>th.</span> <span class='ocrx_word' id='word_1_589' title='bbox 434 3117 510 3149; x_wconf 82' lang='lat'>173.</span> <span class='ocrx_word' id='word_1_590' title='bbox 546 3114 598 3150; x_wconf 85' lang='lat' dir='ltr'>Cf.</span> <span class='ocrx_word' id='word_1_591' title='bbox 617 3116 872 3151; x_wconf 80' lang='lat' dir='ltr'>Sanctium</span> <span class='ocrx_word' id='word_1_592' title='bbox 890 3118 928 3151; x_wconf 90' lang='lat' dir='ltr'>in</span> <span class='ocrx_word' id='word_1_593' title='bbox 946 3118 981 3151; x_wconf 85' lang='lat' dir='ltr'>h.</span> <span class='ocrx_word' id='word_1_594' title='bbox 1002 3118 1025 3152; x_wconf 96' lang='grc'><strong>].</strong></span> <span class='ocrx_word' id='word_1_595' title='bbox 1044 3119 1082 3152; x_wconf 86' lang='lat' dir='ltr'>et</span> <span class='ocrx_word' id='word_1_596' title='bbox 1098 3118 1360 3164; x_wconf 80' lang='lat' dir='ltr'>Passaglia</span> <span class='ocrx_word' id='word_1_597' title='bbox 1378 3119 1439 3160; x_wconf 86' lang='grc'><strong>111,</strong></span> <span class='ocrx_word' id='word_1_598' title='bbox 1457 3121 1491 3155; x_wconf 87' lang='lat'>7.</span> 
     </span>
    </p>
   </div>
  </div>
 </body>
</html>
