2175 3382
192 168 277 207 3394)
351 160 469 194 'si-act.
492 161 550 196 lll.
569 161 612 195 de
632 163 804 206 primatu.
825 162 952 196 Thesis
972 161 1144 196 LXXVII.
1171 162 1279 197 Sedes
1299 173 1388 195 rom.
1408 162 1570 205 undique
1589 163 1768 195 consulta.

191 284 360 321 tationes
382 285 504 328 erant,
528 283 561 320 si
584 283 639 320 ita
661 284 717 321 fas
739 288 797 321 est
831 284 950 332 loqui,
983 284 1286 333 personales,
1321 283 1630 321 consulebantur
1661 282 1744 319 scil.
1777 281 1816 318 hi
1849 281 1930 330 epi·

190 342 295 391 scopi
318 346 477 391 propter
492 342 687 392 insignem
709 356 787 392 qua
809 343 1010 380 clarebant
1032 342 1284 392 sapientiam:
1307 355 1406 390 quae
1431 341 1623 390 sapientia
1637 340 1782 379 cumin
1796 352 1927 378 eorum

191 413 428 439 successores
460 414 539 438 non
571 402 771 446 transiret,
818 401 904 439 ideo
937 402 1055 439 etiam
1091 401 1400 438 consultationes
1432 402 1556 438 morte
1588 400 1763 448 ipsorum
1795 401 1931 437 secuta

191 460 414 504 cessabam
447 473 574 509 neque
597 461 700 498 enim
723 461 859 498 Basilii
882 472 1082 498 successor
1114 460 1394 497 consulebatur
1424 461 1471 496 ut
1503 459 1588 507 ipse
1609 458 1791 499 Basilius
1835 458 1930 496 Con-

192 519 425 557 sulebantur
447 519 585 557 deinde
607 533 629 556 a
650 519 729 557 sin
741 520 857 569 aula
869 519 1026 565 ribus,
1060 532 1137 556 non
1160 519 1208 556 ab
1231 519 1395 568 integris
1418 518 1599 568 synodis;
1632 529 1820 566 responsa
1840 529 1931 555 vero

190 578 335 616 dabant
357 590 445 615 cum
468 578 736 624 modestia,
769 591 846 627 qua
868 578 1016 624 docere,
1040 590 1117 615 non
1139 590 1226 615 cum
1258 578 1504 622 auctoritate,
1536 590 1614 626 qua
1644 576 1817 627 obligare
1849 576 1931 613 vel·

189 638 271 675 lent
291 638 333 688 1).
388 638 522 674 Praxis
556 641 687 675 autem
721 637 949 675 consulendi
983 649 1164 675 romanos
1199 637 1421 686 episcopos,
1458 637 1490 673 si
1521 638 1700 685 tempus,
1735 635 1769 673 si
1803 635 1931 673 locum

191 698 353 745 spectas,
385 700 444 734 est
479 696 818 742 universalis,
851 700 912 733 est
943 699 1208 740 constans3
1242 696 1274 733 si
1305 696 1598 733 consulentium
1628 707 1838 733 numerum
1869 695 1931 732 vel

191 755 437 805 dignitatem,
462 758 561 793 ests
574 756 699 793 olem
713 755 814 792 nis:
851 755 882 791 si
913 755 1089 800 titulum,
1123 767 1202 792 non
1233 754 1424 792 innititur
1455 755 1614 792 dotibus
1646 753 1930 803 personalibus,

191 815 416 864 sapientiae,
449 814 683 863 prudentiae
717 817 801 859 etc.,
847 814 1026 862 plerique
1061 814 1165 851 enim
1199 814 1351 851 romani
1386 813 1558 863 episcopi
1591 825 1670 851 non
1703 813 1931 851 claruerunt

192 873 349 923 scriptis
371 873 556 922 operibus
579 873 834 921 scientiaque,
858 873 925 910 sed
948 873 1138 910 innititur
1159 884 1408 910 romanorum
1431 873 1701 922 episcoporum
1723 871 1931 914 muneri,

193 945 269 981 quo
293 935 388 970 sunt
409 935 519 981 petra
552 932 652 972 fidei,
686 932 882 969 Ecclesiae
912 932 1225 976 fundamentum,
1258 932 1424 970 unitatis
1455 934 1645 978 centrum,
1679 943 1756 980 quo
1787 930 1931 968 debent

191 1004 346 1040 pascere
368 1004 447 1029 non
469 991 594 1028 solum
617 1003 737 1040 agnos
759 991 825 1028 sed
848 994 887 1028 et
900 1003 1003 1036 oves,
1028 990 1254 1029 confirmare
1269 993 1454 1028 nutantes
1471 991 1619 1029 fratres.
1655 990 1795 1035 „Sicut
1809 1002 1931 1039 aper-

192 1062 284 1088 sona
305 1051 342 1087 b.
365 1050 473 1088 Petri
495 1049 675 1099 apostoli,
712 1050 843 1098 inquit
865 1050 1138 1088 Caesarius
1170 1050 1400 1088 arelatensis
1431 1050 1478 1087 ad
1502 1049 1778 1099 Symmachum
1809 1048 1931 1087 ratio-

190 1122 280 1147 nem
301 1109 477 1153 reddens,
512 1121 631 1157 quare
653 1109 701 1146 ad
722 1109 836 1146 illum
869 1109 909 1146 in
940 1109 1110 1159 negotiis
1143 1109 1418 1147 ecclesiasticis
1451 1109 1597 1147 scribat
1627 1106 1678 1160 (a.
1703 1106 1818 1161 513),
1849 1109 1932 1157 epi-

190 1171 375 1217 scopatus
398 1168 520 1205 sumit
540 1168 711 1213 initium,
735 1168 791 1205 ita
811 1180 967 1206 necesse
989 1171 1060 1214 est,
1093 1172 1139 1206 ut
1160 1168 1380 1218 disciplinis
1402 1168 1715 1217 competentibus
1738 1167 1933 1205 Sanctitas

188 1231 321 1265 vestra
345 1228 514 1277 singulis
537 1227 723 1271 ecclesiis,
747 1227 843 1276 quid
857 1227 1063 1265 observare
1086 1227 1265 1273 debeant,
1289 1227 1491 1265 evidenter
1513 1227 1734 1264 ostendat.G
1758 1226 1820 1264 Ita
1841 1239 1932 1264 vero

190 1287 329 1324 Petrus
353 1287 382 1323 D
395 1286 630 1324 amianus
654 1286 828 1324 scribens
851 1286 899 1323 ad
921 1287 1118 1335 quendam
1139 1287 1399 1336 patriarcham
1414 1298 1542 1335 opusc·
1560 1292 1612 1326 38
1628 1298 1658 1324 c.
1679 1293 1695 1326 1
1715 1297 1746 1323 c.
1760 1297 1931 1323 errorem

190 1358 419 1395 graecorum
440 1345 486 1382 de
507 1346 756 1394 processione
779 1345 952 1394 Spiritus
975 1358 1003 1383 s.
1025 1346 1227 1392 rationem,
1252 1358 1321 1383 cur
1335 1346 1572 1384 consulenda
1595 1345 1649 1383 sit
1672 1344 1857 1383 cathedra
1870 1357 1932 1382 ro-

189 1417 314 1449 mana,
338 1404 546 1453 expressit:
572 1404 825 1449 „Laudabilis
837 1405 953 1454 plane
970 1405 1192 1443 sanctitatis
1206 1408 1359 1443 vestrae
1383 1404 1592 1454 prudentia
1606 1407 1646 1442 et
1660 1404 1771 1454 digni
1791 1403 1933 1441 favoris

189 1466 249 1501 est
270 1464 485 1501 attollenda
497 1464 726 1512 praeconiis,
750 1476 849 1512 quae
864 1464 1091 1502 solvendam
1107 1477 1135 1502 3.
1151 1464 1324 1512 Spiritus
1347 1464 1618 1513 quaestionem
1640 1476 1720 1501 non
1740 1463 1788 1501 ad
1810 1462 1931 1501 alium

189 1523 424 1571 quempiam,
458 1523 525 1560 sed
557 1523 605 1560 ad
638 1524 798 1560 Petrum
832 1523 1051 1571 specialiter
1083 1520 1269 1576 (attulit),
1305 1536 1423 1572 quem
1457 1523 1635 1560 coelestis
1658 1522 1871 1572 sapientiae
1892 1529 1931 1559 et

188 1582 386 1631 potentiae
408 1582 534 1619 claves
556 1582 746 1631 accepisse
767 1582 1043 1620 indubitanter
1063 1582 1252 1632 agnoscit.
1286 1583 1367 1620 Nec
1388 1582 1550 1620 decebat
1570 1584 1704 1620 tantae
1725 1581 1933 1632 dignitatis

190 1643 229 1677 et
250 1641 464 1690 sapientiae
497 1641 627 1678 virum
663 1642 710 1679 ab
741 1641 818 1678 alio
841 1642 1020 1691 mysterii
1051 1642 1228 1679 coelestis
1264 1654 1402 1680 arcana
1432 1642 1643 1690 requirere,
1674 1641 1752 1678 nisi
1783 1640 1831 1678 ab
1863 1640 1933 1678 illo

187 1700 448 1748 potissimum,
482 1713 598 1748 quem
631 1713 710 1738 non
741 1713 830 1738 caro
853 1701 985 1750 potuit
1017 1702 1079 1738 vel
1111 1701 1271 1751 sanguis
1304 1701 1510 1746 instruere,
1546 1700 1613 1738 sed
1635 1700 1700 1737 cui
1720 1700 1826 1737 Deus
1847 1699 1932 1748 ipse

188 1771 258 1807 per
280 1771 320 1796 se
343 1771 415 1796 sua
436 1762 583 1797 secreta
604 1760 791 1809 dignatus
823 1762 885 1797 est
905 1760 1068 1808 aperire.
1110 1761 1255 1798 Beatus
1288 1773 1336 1809 es,
1371 1761 1514 1808 inquit,
1547 1760 1680 1797 Simon
1701 1759 1932 1806 Bar-Jona‚

188 1819 278 1867 quia
309 1831 400 1856 caro
423 1821 494 1856 etc.
530 1816 684 1871 (Matth.
713 1826 776 1864 16,
806 1816 887 1871 17).
930 1819 1044 1857 Hunc
1076 1820 1180 1857 enim
1213 1832 1304 1868 prae
1335 1819 1475 1857 ceteris
1506 1819 1739 1856 mortalibus
1770 1818 1818 1855 de
1848 1819 1932 1855 toto

187 1880 383 1914 terrarum
405 1877 498 1915 orbe
522 1878 702 1916 conditor
724 1878 828 1916 orbis
851 1879 983 1928 elegit,
1007 1879 1071 1916 cui
1093 1879 1316 1916 cathedram
1347 1878 1565 1928 magisterii
1596 1877 1871 1927 principaliter
1891 1877 1933 1914 in

187 1936 358 1973 Ecclesia
379 1938 513 1974 tenere
533 1939 724 1986 perpetuo
747 1937 949 1987 privilegii
970 1939 1057 1985 iure
1071 1938 1281 1976 concessit:
1304 1940 1352 1975 ut
1372 1937 1554 1987 quisquis
1577 1936 1757 1974 divinum
1779 1936 1931 1985 aliquid

187 2006 230 2031 ac
251 1995 494 2043 profundum
515 2008 630 2033 nosse
652 1996 860 2038 desiderat,
892 1997 940 2034 ad
967 1997 1090 2046 hujus
1122 1997 1388 2046 praeceptoris
1410 1996 1614 2034 oraculum
1635 1995 1930 2044 doctrinamque

187 2056 382 2097 recurram
411 2066 483 2092 nec
503 2055 564 2092 ilh'
585 2055 790 2093 humiliter
822 2056 960 2094 offerre
992 2057 1096 2104 quod
1130 2056 1362 2094 solvendum
1383 2058 1443 2094 est
1463 2056 1681 2100 erubescat,
1713 2054 1871 2092 etiamsi
1892 2058 1933 2092 et

188 2113 272 2161 ipse
294 2113 397 2161 quod
430 2114 637 2162 quaeritur
666 2127 747 2152 non
777 2115 944 2165 ignorat.
986 2115 1189 2164 Numquid
1220 2115 1325 2153 enim
1354 2115 1519 2165 angelus
1551 2115 1598 2152 de
1629 2115 1735 2152 coelo
1769 2114 1930 2152 veniens

188 2171 386 2210 nesciebat
407 2172 544 2211 docere
567 2174 800 2219 Cornelium,
823 2186 940 2222 quem
962 2174 1160 2220 videlicet,
1192 2177 1239 2212 ut
1261 2174 1360 2223 quid
1382 2174 1459 2212 sibi
1481 2173 1677 2223 agendum
1699 2176 1800 2211 esset
1820 2172 1931 2210 addi-

190 2234 323 2276 sceret,
347 2231 562 2269 destinavit
583 2233 631 2270 ad
653 2233 842 2271 Petrum?
874 2232 997 2277 Mitte,
1021 2233 1165 2283 inquit,
1197 2236 1299 2271 viros
1320 2234 1482 2282 Joppen,
1507 2238 1540 2270 et
1561 2234 1703 2270 accersi
1724 2233 1929 2280 Simonem,

189 2291 253 2338 qui
274 2292 564 2339 coynominatur
584 2291 734 2330 Petrus.
778 2292 852 2330 Hic
881 2293 1099 2341 hospitatur
1132 2294 1237 2341 apud
1258 2293 1450 2330 Simonem
1477 2293 1667 2341 quendam
1703 2292 1928 2339 coriarium,

190 2350 251 2385 cui
273 2354 325 2386 est
347 2350 481 2387 domus
492 2351 611 2398 juxta
633 2363 740 2389 mare
750 2367 764 2399 ,·
795 2352 855 2388 hic
877 2352 972 2388 dicet
993 2352 1061 2389 tibi
1082 2353 1174 2401 quid
1195 2357 1228 2389 te
1250 2356 1421 2401 oporteat
1448 2352 1572 2400 faeere
1600 2347 1702 2403 (Act.
1732 2358 1795 2395 10,
1820 2358 1842 2391 5
1870 2347 1929 2403 s).

190 2408 349 2445 Poterat
369 2409 483 2457 plane
506 2414 664 2447 sanctus
686 2411 850 2460 angelus
872 2411 1071 2449 hominem
1093 2411 1231 2448 docere
1252 2411 1453 2460 gentilem,
1470 2411 1568 2459 quid
1590 2410 1665 2448 sibi
1691 2411 1931 2459 competeret

190 2466 238 2503 ad
260 2467 446 2511 salutem3
471 2468 539 2505 sed
561 2469 678 2518 hujus
700 2482 890 2518 usurpare
911 2471 1074 2508 nolebat
1095 2470 1281 2516 officium,
1304 2471 1418 2519 cujus
1439 2469 1604 2508 docendi
1625 2475 1789 2507 noverat
1809 2468 1929 2506 fuisse

192 2526 484 2563 commissum.‘
529 2527 580 2565 Cf.
612 2528 893 2567 Ratherius
925 2529 1155 2567 veronensis
1177 2529 1376 2566 itinerarii
1396 2542 1434 2566 n.
1461 2535 1482 2568 2
1507 2528 1678 2578 Migne
1713 2534 1807 2573 136,
1833 2533 1929 2569 582.

315 2596 411 2637 374.
442 2595 486 2637 2.
519 2593 615 2635 Non
636 2596 773 2637 solum
796 2596 1079 2638 consulebant
1101 2596 1286 2649 majores
1307 2596 1443 2637 nostri
1465 2596 1611 2637 sedem
1634 2594 1928 2647 apostolicam,

197 2663 272 2703 sed
295 2665 353 2704 ad
374 2677 465 2704 eam
488 2665 754 2706 recurrebant
784 2667 829 2706 in
850 2668 1024 2720 neqotiis
1046 2667 1343 2721 ecclesiasticis,
1374 2671 1420 2707 ut
1450 2665 1639 2719 episcopi
1660 2665 1829 2706 romani
1850 2677 1927 2717 pro

191 2746 270 2775 suo
292 2746 468 2775 munere
500 2739 542 2775 et
572 2735 853 2779 sollicitudine
875 2737 990 2778 bono
1013 2738 1306 2790 prospicerent
1327 2739 1416 2778 sive
1438 2736 1717 2778 ecclesiarum
1737 2735 1928 2788 particu-

189 2804 343 2846 larium
374 2806 464 2846 sive
494 2806 744 2847 universalis
765 2807 991 2849 Ecclesiae.
1034 2807 1166 2861 Hujus
1199 2820 1397 2849 recursus
1427 2811 1558 2849 testes
1589 2811 1688 2848 sunt
1718 2810 1927 2859 martyres

335 2923 360 2968 ¹)
378 2921 646 2967 Comparentur
664 2925 813 2967 patrum
840 2925 950 2958 verba
970 2936 1052 2959 cum
1072 2925 1193 2959 verbis
1210 2924 1300 2960 Julii
1319 2935 1375 2969 ep.
1400 2929 1427 2959 1.
1447 2936 1483 2958 n.
1503 2926 1567 2962 22;
1594 2922 1885 2958 Innocentii
1900 2921 1926 2955 Ι.

191 2977 237 3008 ad
257 2985 354 3009 conc.
375 2975 498 3009 milev.
515 2986 553 3008 n.
575 2979 591 3009 1
612 2979 648 3009 et
675 2975 720 3008 ad
739 2985 839 3011 conc.
859 2978 1025 3018 carthag.
1044 2989 1079 3011 n.
1105 2982 1138 3016 13
1166 2977 1345 3012 Zosimi
1372 2988 1429 3021 ep.
1447 2976 1526 3010 XII.
1544 2989 1579 3011 n.
1602 2981 1615 3010 l
1637 2978 1726 3015 etc.;
1754 2974 1928 3010 Siricii

189 3026 237 3060 ad
253 3025 462 3060 Himerium
487 3028 620 3060 tarrac.
640 3038 675 3060 n.
694 3029 727 3061 2.
745 3030 778 3062 3.
796 3032 830 3061 4.
853 3031 905 3062 11.
926 3030 980 3063 19.
1000 3032 1045 3063 20
1064 3040 1188 3074 opusc.
1207 3029 1322 3064 XV11.
1341 3030 1378 3063 et
1394 3029 1527 3063 XVllI.
1563 3028 1641 3070 Quo
1668 3030 1795 3062 autem
1820 3038 1928 3062 sensu

187 3079 407 3124 pontificum
422 3089 601 3124 responsa
617 3080 826 3124 exciperent
844 3080 1019 3127 episcopi,
1048 3082 1167 3126 liquet
1194 3093 1237 3116 ex
1264 3092 1321 3127 ep.
1350 3082 1606 3127 episcoporum
1623 3081 1828 3115 Tarracone
1846 3090 1928 3114 con-

187 3133 427 3177 gregatorum
444 3131 491 3166 ad
509 3131 679 3167 Hilarum
698 3134 745 3177 (a.
763 3135 856 3174 465).
875 3144 968 3176 quae
986 3134 1083 3169 infra
1101 3135 1270 3169 dabimus
1290 3136 1340 3179 (n.
1358 3134 1451 3180 417).
