2175 3382
253 109 330 146 1745
514 101 570 133 Ὶί·.
594 100 632 133 ΙΙ.
655 100 703 133 De
723 110 749 132 s.
770 99 970 142 Scriptura.
991 98 1212 132 Judaeorum
1234 97 1321 130 {ides
1341 108 1357 129 :i
1380 97 1522 130 Clu-isto
1543 97 1708 140 probata..

247 221 410 260 ratione
429 220 559 259 libros
575 223 744 259 nostros
758 229 1080 270 prosequamur.
1109 216 1213 256 Cum
1239 217 1349 257 enim
1374 219 1437 256 tot
1453 216 1542 267 jam
1566 215 1710 256 secula
1733 215 1980 264 effluxerint,

245 303 370 331 nemo
394 302 472 331 nec
495 289 678 342 adjicere
702 289 945 341 quidquam,
977 299 1056 328 nec
1089 286 1143 328 ab
1176 287 1225 327 iis
1258 286 1428 327 demere
1461 291 1534 327 aut
1567 291 1732 327 mutare
1755 298 1883 327 ausus
1906 290 1980 327 est.

245 361 326 402 Sed
350 361 549 402 omnibus
566 359 959 435 judaeifififflffl
990 359 1126 410 prima
1158 358 1378 398 nativitate
1401 357 1670 409 congenitum
1695 362 1770 406 est,
1802 361 1847 397 ut
1876 357 1982 397 haec

256 435 401 484 cripta
424 431 935 485 ci‘edaiitl)eidog1nata,
969 435 1010 469 et
1042 430 1102 469 eis
1135 429 1386 470 inhaereant
1418 440 1468 468 ac
1500 440 1576 480 pro
1610 428 1682 473 eis,
1714 428 1750 467 si
1781 439 1888 479 opus
1919 428 1982 476 sit,

0 522 55 556 st>
195 502 422 580 slibenter
444 507 625 555 mor-tem
649 490 871 542 subeanw.
915 500 1028 540 Idem
1062 499 1269 550 colligitur
1292 511 1342 540 ex
1366 499 1541 551 prologo
1566 498 1849 539 Ee(·lesiastici
1872 498 1984 538 aliis-

0 535 193 643 ffssffl'
245 585 325 626 que
347 586 377 614 s.
401 571 644 626 Scripturae
667 572 790 613 locis:
815 573 863 612 cl.
888 575 924 615 2.
950 570 1107 611 Esdrae
1131 574 1169 619 8,
1193 574 1239 618 83
1266 573 1300 613 1.
1324 569 1457 610 Mach.
1486 575 1519 618 1,
1545 572 1623 617 59;
1648 572 1685 611 2.
1703 568 1837 612 Mach.
1854 571 1982 616 2,13;

109 618 145 651 Ψ
245 644 338 685 Luc.
363 648 402 692 4,
431 648 502 691 16;
526 644 615 685 Aet.
644 647 708 693 13,
737 646 800 685 13.
825 645 903 690 21,·
931 646 995 691 15,
1020 645 1096 688 21;
1120 645 1156 685 2.
1182 640 1273 684 Cor.
1298 644 1336 689 3,
1367 644 1416 684 14
1440 644 1517 683 eto.

368 720 460 760 1235.
494 719 690 760 Lemnia
713 717 778 760 ΙΙ.
824 715 874 755 Hi
904 726 1006 755 vero
1040 713 1133 754 libri
1165 714 1206 753 in
1238 712 1285 755 N.
1309 713 1351 756 T.
1376 724 1487 753 nuuc
1510 713 1703 760 seorsim,
1735 723 1847 751 nunc
1879 722 1983 750 con-

240 789 432 840 junctim.
465 800 516 828 ac
549 789 582 828 si
610 792 752 828 essent
773 799 883 828 unus
905 786 1011 826 liber
1035 784 1098 840 (ct.
1123 784 1186 828 Jo.
1212 789 1248 833 7,
1271 787 1345 831 42;
1386 788 1419 827 1.
1444 783 1551 824 Petr.
1577 788 1613 832 2,
1637 784 1694 839 6),
1726 783 1811 824 imo
1835 782 1984 834 singuli

246 860 450 901 librorum
482 865 621 901 textus
654 860 720 914 (cf.
744 858 870 899 Marc.
907 860 972 906 12,
1010 861 1087 907 10;
1119 856 1215 899 Luc
1239 860 1277 904 4,
1314 859 1386 904 lo;
1418 855 1480 898 ΔΟ.
1508 858 1572 904 19,
1606 857 1660 899 36
1685 853 1780 910 etc.)
1814 854 1984 895 nomine

251 931 504 986 Seripho-ae,
528 930 772 984 Scripturae
794 944 940 971 sacrae
963 934 1005 970 et
1026 928 1207 969 formula
1223 927 1435 968 citationis
1457 927 1656 979 scriptum
1680 931 1735 966 est
1758 924 1984 977 designan-

246 1009 312 1044 tur
335 1004 404 1051 ita,
426 1007 472 1043 ut
494 1004 700 1054 appareat
723 1013 816 1042 esse
838 1001 920 1041 hoc
942 1011 1101 1040 nomen
1116 999 1333 1051 proprium
1348 998 1472 1039 unius
1488 996 1709 1049 cujusdam
1725 995 1984 1037 collectionis

246 1073 450 1114 librorum
484 1073 733 1113 notissimae
765 1073 807 1112 in
839 1083 1057 1124 synagoga
1089 1076 1130 1111 et
1162 1081 1255 1111 esse
1287 1080 1444 1110 nomen
1472 1067 1760 1116 excellentiae,
1792 1078 1876 1119 quo
1909 1079 1985 1119 par

248 1144 415 1197 quidem
440 1142 637 1185 omnibus
661 1143 739 1183 illis
762 1142 879 1183 libris
911 1146 953 1182 et
983 1141 1189 1182 librorum
1212 1139 1407 1187 textibus,
1431 1138 1505 1179 sed
1528 1137 1753 1190 singularis
1775 1142 1815 1178 et
1838 1149 1985 1178 exsors

248 1215 480 1256 auctoritas
495 1214 760 1265 significetur.
777 1212 884 1254 Nam
901 1213 935 1253 si
951 1224 1089 1265 pauca
1105 1212 1233 1252 etiam
1248 1210 1380 1251 verba
1396 1214 1615 1261 tamquam
1632 1220 1755 1250 sacra
1770 1206 1988 1261 Scriptura

246 1286 312 1326 vel
342 1285 480 1326 forma
510 1286 704 1336 scriptum
741 1288 797 1324 est
829 1283 1095 1331 adhibentur,
1127 1282 1170 1323 id
1202 1281 1315 1335 quod
1339 1281 1571 1322 enunciant
1593 1278 1893 1332 irrefragabilis
1924 1284 1989 1320 est

242 1356 409 1408 judaeis
441 1356 717 1397 auctoritatis.
771 1355 889 1405 Quae
920 1355 1045 1406 igitur
1080 1354 1277 1394 dicuntur
1309 1359 1351 1393 et
1382 1352 1618 1404 probantur
1650 1351 1702 1392 de
1735 1350 1988 1392 auctoritate

248 1426 491 1479 Scripturae
523 1427 766 1473 universim,
804 1438 855 1467 ea
894 1426 1189 1466 demonstrant
1227 1424 1525 1465 auctoritatem
1561 1424 1691 1463 totius
1727 1422 1986 1462 collectionis

248 1499 523 1551 omniumque
544 1497 748 1538 librorum
773 1502 815 1537 et
837 1497 1025 1537 omnium
1049 1496 1233 1548 partium
1257 1495 1310 1536 ad
1334 1508 1365 1535 s.
1389 1493 1650 1548 Scripturam
1676 1493 1987 1545 pertinentium.

371 1572 464 1613 156.
487 1569 685 1612 Lemma.
709 1569 804 1611 ΙΙΙ.
839 1567 1022 1608 Tantum
1045 1579 1147 1608 vero
1172 1566 1303 1615 abest,
1337 1571 1382 1607 ut
1414 1564 1605 1606 Christus
1631 1564 1743 1605 hanc
1766 1561 1889 1604 fidem
1913 1575 1989 1616 po-

251 1640 335 1692 puli
358 1639 518 1692 judaici
542 1639 847 1692 reprobaverit,
872 1644 916 1680 ut
940 1651 1033 1679 eam
1060 1638 1200 1690 potius
1225 1637 1442 1689 multiplici
1454 1635 1799 1688 comprobaverit
1812 1634 1989 1683 ratione,

249 1710 523 1762 provocando
547 1710 633 1753 scil.
657 1724 697 1754 a.
721 1709 775 1750 ad
791 1707 1032 1761 Scripturas
1046 1713 1266 1760 tamquam
1288 1707 1342 1748 ad
1365 1706 1707 1747 testificationem
1729 1718 1816 1746 non
1838 1705 1989 1746 huma-

249 1793 349 1821 nam
374 1781 449 1821 sed
472 1781 671 1822 divinam.
695 1779 1042 1832 irrefragabilem.
1069 1779 1276 1831 majorem
1302 1777 1546 1819 testimonio
1569 1777 1754 1817 hominis
1776 1776 1842 1817 vel
1865 1788 1989 1817 sanc-

248 1852 409 1892 tissimi.
443 1863 589 1903 parem
615 1851 856 1891 testimonio
880 1851 1012 1902 ipsius
1035 1849 1173 1890 Patris
1197 1849 1392 1890 coelestis
1426 1853 1466 1889 et
1498 1848 1740 1888 testimonio
1764 1847 1990 1887 miraculo-

248 1934 354 1965 rum.
377 1921 439 1962 Ita
461 1921 581 1962 Joan.
606 1926 644 1971 ἶ),
668 1925 724 1965 34
747 1934 820 1962 ss:
844 1921 931 1974 qu
955 1934 1035 1961 rnon
1061 1921 1111 1961 ab
1133 1920 1294 1961 homine
1316 1921 1591 1960 testimonium
1619 1920 1776 1973 accipio
1800 1955 1807 1961 .
1832 1955 1839 1960 .
1864 1954 1870 1960 ,.
1903 1919 1990 1973 qu

248 1992 375 2034 habeo
397 1993 670 2034 testimonium
696 1993 832 2045 nijus
856 1992 1030 2033 Jocmne.
1082 1992 1215 2046 Opera
1240 1993 1363 2042 enim,
1395 2005 1500 2044 <luae
1533 1991 1644 2031 <ledet
1669 1989 1768 2030 mihi
1791 1990 1917 2031 Pater
1947 1995 1992 2031 ut

242 2064 459 2118 perficiam
483 2078 544 2117 ea,
572 2064 664 2116 ipsa
688 2076 830 2116 opera,
853 2077 957 2117 quae
980 2075 1048 2115 eqo
1069 2062 1196 2115 sireis),
1220 2038 1726 2114 testimoniumffibent
1739 2061 1876 2114 deme,
1891 2075 1989 2115 quea

228 2134 379 2175 ‘Pater
399 2135 510 2175 misit
532 2148 603 2174 me.
628 2132 683 2173 Et
705 2134 774 2187 qui
797 2134 908 2173 misit
929 2146 992 2173 me
1007 2133 1134 2173 Pater
1156 2134 1241 2186 ipse
1261 2133 1535 2173 testimonium
1550 2131 1765 2185 perhibuit
1787 2132 1834 2171 (le
1856 2146 1918 2172 me
1932 2167 1939 2175 .
1955 2167 1962 2175 .
1979 2167 1988 2174 .

252 2206 508 2246 Semtanzz'ni
524 2205 770 2259 Scripturas
794 2238 801 2245 .
829 2238 836 2245 .
863 2238 870 2245 .
893 2205 986 2246 illae
1000 2209 1110 2254 sunt,
1133 2218 1238 2259 quae
1252 2203 1753 2257 testimoniumperhibent
1777 2204 1826 2244 de
1847 2216 1933 2244 me.
1955 2236 1961 2243 .
1980 2236 1987 2243 .

253 2274 297 2316 Si
320 2280 456 2316 autem.
480 2275 593 2316 illius
617 2275 806 2332 (Moysis)
830 2276 961 2316 literis
984 2288 1063 2315 non.
1088 2275 1266 2328 creditis)
1289 2276 1488 2329 quomodo
1512 2274 1641 2314 verbis
1664 2274 1764 2315 meis
1787 2274 1989 2315 credetis-12

251 2345 328 2386 Vel
370 2347 416 2390 b.
451 2358 547 2387 eam
580 2346 899 2400 aequiparando
932 2346 1139 2387 voluntati
1170 2351 1376 2398 paternae
1409 2350 1453 2386 ut
1485 2345 1585 2385 dum
1618 2344 1778 2397 passim
1808 2344 1992 2386 inculcat

253 2422 408 2470 oportet
441 2417 602 2471 impleri
625 2418 891 2472 scripturam
917 2416 1014 2457 Luc.
1038 2419 1105 2466 22,
1129 2420 1208 2466 37ς
1233 2420 1288 2460 24
1325 2420 1402 2465 96;
1438 2416 1501 2456 vel
1534 2429 1576 2459 e.
1609 2417 1652 2456 in
1681 2415 1747 2456 ulc
1779 2415 1862 2456 ndo
1895 2428 1990 2456 eam

133 2523 179 2574 ,ι’
254 2488 449 2568 firmitate
464 2488 857 2570 praecelleiffibl-eges
879 2493 1059 2597 naffl?
1093 2500 1150 2528 na
1228 2427 2052 2528 ‘fcffiffemfflefiffirgmffl

0 2525 115 2579 ’νώ
183 2524 327 2612 μῆἷέ,
358 2572 481 2613 quam
516 2536 676 2612 dewffssssqe
698 2528 1007 2612 unmffcss‘z’effln
1046 2500 1292 2599 &effla
1320 2562 1383 2607 16,
1414 2561 1485 2605 17;
1519 2556 1663 2600 Matth.
1687 2560 1724 2606 5,
1752 2560 1816 2601 18.
1859 2554 1993 2597 Simili

253 2630 419 2670 ratione
440 2634 484 2670 et
504 2630 686 2682 apostoli
709 2629 833 2671 fidem
855 2630 967 2670 hanc
990 2629 1285 2682 comprobant,
1317 2641 1413 2669 cum
1436 2640 1505 2669 res
1527 2627 1765 2680 gravissimi
1787 2627 1991 2668 momenti

255 2700 550 2741 demonstrant
564 2701 742 2753 simplici
757 2700 956 2742 formula:
981 2701 1204 2754 Scriptura
1220 2701 1347 2750 dicim·
1369 2701 1570 2753 seriptum
1593 2704 1649 2740 est
1670 2703 1747 2742 etc.
1771 2698 1817 2739 In
1839 2709 1884 2738 re
1907 2698 1990 2739 evi-

255 2771 369 2812 denti
391 2771 652 2812 abstinemus
684 2784 708 2812 a
740 2771 920 2812 citandis
951 2771 1165 2823 exemplis.
1208 2771 1296 2811 Imo
1330 2770 1586 2823 quandoque
1613 2769 1796 2821 apostoli
1817 2769 1990 2810 unicum

255 2841 497 2894 Scripturae
520 2841 698 2882 verbum
719 2846 870 2893 urgent
891 2846 1109 2894 tamquam
1133 2842 1303 2894 plenum
1327 2841 1515 2894 mysterii
1542 2846 1583 2881 et
1604 2839 1815 2892 probandi
1835 2839 1989 2880 virtute

255 2903 525 2965 praeditum&
546 2912 607 2952 Ita
629 2912 796 2962 Paulus,
824 2913 936 2965 quod
959 2912 1158 2953 Abrahae
1181 2913 1321 2953 dictae
1343 2915 1426 2952 sint
1447 2911 1751 2963 promissiones
1773 2914 1816 2951 et
1837 2910 1986 2951 semini

256 2984 357 3036 ejus,
380 2988 421 3024 et
443 2995 530 3024 non
551 2983 774 3024 seminibus
795 2982 903 3038 (Gal.
927 2987 964 3031 3,
990 2985 1083 3037 16);
1117 2984 1231 3036 quod
1254 2983 1447 3035 Aggaeus
1471 2986 1509 3031 2,
1533 2985 1556 3025 7
1581 2981 1695 3021 dicat
1716 2980 1851 3021 adhuc
1872 2979 1992 3021 semel

257 3053 378 3097 Hebr.
406 3059 469 3104 12,
493 3057 547 3098 27
573 3059 649 3097 etc.
694 3053 750 3094 Cf.
774 3054 902 3094 etiam
917 3053 1040 3095 Hebr.
1057 3058 1094 3103 7,
1119 3058 1155 3098 3.
1190 3052 1248 3096 Cf.
1271 3052 1567 3094 Franzelin
1591 3051 1642 3091 de
1665 3051 1744 3094 div.
1769 3049 1856 3094 Scr.
1881 3051 1934 3091 th.
1955 3054 1991 3093 1.

128 468 153 484 (X

57 484 119 526 mk
