2175 3382
238 108 311 144 15³*
615 98 732 131 'l'i·act.
756 97 794 129 11.
816 96 867 130 De
887 97 1096 131 traditione.
1117 96 1242 130 'l‘hesis
1264 96 1388 129 xxix.
1407 96 1570 130 'l'mtlitio

231 221 357 259 missa
391 218 511 257 t'uerit
544 217 684 269 aliqua
708 217 874 265 veritas,
907 228 1016 268 quae
1039 229 1092 255 ss.
1116 214 1343 267 S‹·ripturis
1368 228 1451 255 non
1475 215 1746 255 contineatur
1767 215 1823 271 (n.
1852 216 1962 269 113).

231 289 316 329 Hac
347 300 445 328 vero
478 289 519 328 in
551 288 884 339 comparatione,
915 287 1027 339 quod
1059 286 1166 327 bene
1199 291 1262 326 est
1293 285 1539 334 notandum,
1571 297 1657 326 non
1678 285 1890 338 loquimur
1911 286 1963 326 de

229 359 453 411 Scripturis
477 359 775 399 universim
798 370 873 399 seu
885 358 1024 411 quoad
1038 357 1194 406 onmia,
1214 369 1322 410 quae
1335 357 1535 406 continet,
1557 361 1602 397 ut
1621 361 1719 397 sunt
1739 356 1962 398 historica:

231 430 303 470 sed
328 434 490 470 tantum
515 429 653 481 quoad
677 441 738 478 ea,
762 441 870 482 quae
894 429 1155 469 constituunt
1184 427 1278 468 fidei
1299 427 1485 479 regulam
1507 432 1549 468 et
1568 439 1764 467 normam
1786 439 1963 469 morum.

349 513 517 555 TlWSiS
541 512 725 555 XXIX·
791 527 837 559 Si
889 526 1176 566 comparatio
1218 525 1499 558 instituatur
1539 525 1797 558 universim
1861 527 1966 618 {ter

233 588 532 621 traditionem
563 589 605 620 et
630 588 941 628 Scripturam,
976 586 1171 619 traditio
1205 586 1375 618 censeri
1410 585 1537 620 (lebet
1559 586 1841 627 praecedere
1886 576 1965 619 itm

229 648 394 682 ordine
421 645 754 687 elai-onoloffl’co,
780 647 879 678 tum
907 645 1071 678 ordine
1097 643 1243 686 comeo
1269 646 1310 676 et
1336 644 1623 685 monitionis.

348 715 710 758 Demonstratio
734 728 777 768 p.
801 714 840 756 I.
866 713 1155 753 Traditionem
1188 711 1334 753 ordine
1366 716 1466 752 tem
1481 711 1631 764 poris
1665 711 1849 763 priorem
1872 723 1966 752 esse

230 785 461 839 Scriptura,
485 790 611 838 patet,
644 797 741 825 cum
765 784 936 825 evidens
958 785 1023 833 sit,
1058 783 1275 836 apostolos
1298 794 1373 835 per
1395 794 1532 823 annos
1556 782 1709 823 Christi
1729 782 1965 823 doctrinam

231 863 434 898 oretenus
456 856 759 910 promulgasse,
783 860 1012 908 antequam
1036 854 1192 907 aliquid
1214 854 1344 894 literis
1367 853 1719 905 consignaverint.

353 931 446 973 143.
470 928 832 971 Demonstratio
856 940 898 981 p.
922 927 987 970 ΙΙ.
1023 925 1211 966 Traditio
1245 924 1460 977 praecedit
1483 938 1512 967 s.
1536 922 1797 976 Scripturam
1820 923 1967 965 ordine

232 1011 401 1052 quoque
423 999 471 1039 lo
485 999 565 1051 gic
578 1011 601 1038 o
626 1002 667 1039 et
689 1010 711 1038 c
724 1011 748 1038 o
761 997 935 1050 gnitio
948 997 1042 1040 nis.
1059 995 1181 1046 Quod
1200 1000 1245 1036 ut
1264 994 1495 1048 probemus
1515 994 1795 1045 distinguatur
1815 993 1966 1046 duplex

231 1071 438 1123 cognitio:
471 1070 653 1122 cognitio
677 1069 764 1112 scil.
789 1069 837 1110 de
863 1068 1099 1122 Scriptura,
1130 1079 1213 1120 qua
1248 1067 1404 1107 scimus
1427 1065 1526 1119 quid
1548 1065 1600 1107 de
1623 1079 1654 1106 s.
1677 1062 1895 1117 Scriptura
1915 1065 1969 1105 sit

233 1141 474 1189 tenendum,
508 1152 603 1181 eam
627 1140 824 1181 nimirum
849 1151 943 1180 esse
967 1138 1230 1191 antiquitatis
1252 1141 1575 1177 monumentum
1598 1136 1838 1188 genuinum,
1860 1135 1967 1176 inte-

231 1225 363 1265 grum,
386 1211 572 1252 divinam
594 1212 816 1252 continens
837 1210 1086 1257 doctrinam,
1110 1208 1307 1249 divinitus
1327 1207 1577 1259 inspiratum
1600 1211 1698 1254 etc.;
1720 1212 1763 1248 et
1784 1206 1967 1259 cognitio

234 1284 477 1337 Scripturae
507 1282 530 1322 i.
563 1294 595 1325 e.
629 1282 861 1330 doctrinae,
903 1292 1012 1333 quae
1045 1280 1195 1320 divinis
1225 1279 1356 1320 literis
1387 1278 1638 1319 continetur.
1681 1277 1969 1329 Distinguatur

234 1355 394 1406 pariter
425 1353 577 1406 duplex
609 1353 792 1400 traditio,
826 1353 959 1393 altera
989 1363 1106 1393 mere
1137 1351 1431 1399 historica,
1463 1360 1572 1402 quae
1595 1348 1969 1390 demonstrationis

231 1425 405 1465 criticae
428 1430 492 1465 est
514 1424 847 1471 fundamentum,
871 1428 912 1463 et
934 1435 1018 1475 qua
1038 1423 1097 1462 ita
1117 1433 1342 1474 possumus
1364 1420 1658 1461 demonstrare
1680 1432 1711 1460 s.
1727 1418 1969 1472 Scripturae

230 1497 546 1547 genuinitatem,
559 1495 834 1536 veracitatem
851 1499 941 1544 etc.,
955 1494 1063 1535 sicut
1077 1493 1310 1546 probamus
1324 1492 1526 1532 historiae
1537 1491 1640 1531 Livii
1653 1490 1969 1543 genuinitatem,

223 1567 509 1608 veracitatem
532 1571 633 1615 etc.;
656 1566 790 1606 altera
811 1577 912 1606 vero
935 1565 1134 1617 religiosa
1156 1569 1196 1605 et
1218 1563 1563 1611 authentica,
1592 1562 1659 1603 cui
1681 1561 1881 1602 credendi
1901 1572 1969 1602 re-

232 1638 414 1690 spondet
436 1637 632 1686 officium,
655 1642 696 1678 et
719 1637 786 1678 cui
808 1636 999 1677 innititur
1021 1635 1123 1676 fides
1145 1647 1245 1676 vere
1267 1635 1508 1676 christiana.
1539 1632 1726 1685 Utroque
1747 1644 1876 1673 sensu
1898 1643 1970 1672 ac-

232 1713 356 1761 cepta
378 1709 547 1749 traditio
571 1709 613 1748 in
635 1708 784 1749 ordine
808 1707 1059 1760 cognitionis
1082 1711 1146 1747 est
1169 1707 1283 1758 prior
1305 1703 1532 1757 Scriptura.

354 1778 393 1821 1.
419 1778 472 1819 Ut
492 1783 582 1819 tuto
615 1778 788 1818 credere
822 1782 863 1818 et
894 1778 1012 1830 sequi
1050 1777 1261 1829 possimus
1283 1775 1521 1816 doctrinam
1545 1773 1788 1827 Scripturae
1808 1786 1886 1815 seu
1907 1786 1971 1823 ea,

234 1861 345 1901 quae
360 1847 578 1901 Scriptura
600 1849 881 1897 continentur,
905 1848 1020 1900 prius
1044 1859 1172 1888 nosse
1194 1851 1373 1899 oportet,
1396 1845 1494 1899 quid
1517 1845 1568 1886 de
1589 1846 1673 1886 hoc
1691 1846 1783 1897 ipso
1796 1844 1904 1885 libro
1918 1845 1973 1885 sit

235 1920 476 1967 tenendum,
498 1925 640 1961 utrum
663 1920 748 1962 scil.
773 1920 826 1960 sit
848 1920 1066 1972 genuinus,
1088 1920 1249 1971 integer
1272 1922 1348 1960 etc.
1371 1929 1518 1966 necne,
1541 1921 1583 1958 et
1604 1918 1777 1969 quinam
1799 1915 1853 1956 ad
1876 1927 1972 1956 eam

237 1995 432 2043 spectent
452 1990 557 2034 libri.
573 1990 699 2043 Atqui
721 1991 828 2031 haec
850 2002 901 2031 ex
924 1991 1017 2042 ipsa
1031 1988 1248 2042 Scriptura
1270 1989 1373 2029 satis
1395 1988 1596 2041 cognosci
1617 1991 1843 2039 nequeunt.
1863 1984 1972 2039 Ergo

236 2062 406 2103 nonnisi
428 2061 496 2102 via
520 2061 717 2102 distincta
740 2061 794 2102 ab
817 2061 909 2114 ipsa
932 2059 1150 2112 Scriptura
1171 2059 1370 2110 cognosci
1390 2062 1609 2111 poterunt:
1643 2069 1752 2110 quae
1775 2057 1853 2106 via,
1876 2068 1973 2097 cum

240 2136 345 2174 teste
368 2132 630 2184 experientia
651 2144 738 2173 non
761 2132 812 2172 sit
835 2131 1082 2172 immediata
1113 2130 1323 2183 quaedam
1346 2130 1422 2170 Dei
1444 2128 1646 2170 revelatio
1670 2132 1711 2169 et
1741 2127 1974 2180 inspiratio,

241 2203 324 2244 alia
346 2215 440 2244 esse
463 2203 609 2256 nequit
630 2207 801 2255 praeter
823 2202 1195 2243 traditionem.
1237 2200 1440 2251 Quamvis
1463 2212 1563 2241 vero
1586 2199 1790 2240 historica
1811 2202 1854 2239 et
1875 2198 1974 2239 cri-

239 2275 310 2314 tic
323 2286 348 2314 a
370 2273 597 2315 traditione
618 2273 903 2315 demonstrari
923 2273 1087 2325 possint
1105 2272 1354 2325 genuinitas,
1367 2271 1589 2319 veracitas,
1609 2269 1827 2321 integritas
1847 2268 1974 2321 pluri-

242 2357 313 2385 um
337 2344 541 2385 librorum
566 2358 596 2385 s.
612 2343 866 2397 Scripturae,
886 2345 1084 2396 ipsosque
1108 2343 1326 2384 continere
1340 2342 1578 2383 doctrinam
1602 2341 1808 2381 divinam:
1830 2344 1976 2380 tamen

240 2416 348 2456 haec
367 2415 541 2467 probari
556 2420 771 2467 nequeunt
785 2428 827 2458 a.
845 2415 959 2455 circa
982 2426 1006 2455 o
1019 2427 1060 2454 m
1073 2426 1100 2453 n
1112 2425 1134 2454 e
1146 2427 1165 2454 s
1187 2413 1319 2454 libros
1333 2418 1375 2454 et
1389 2417 1546 2460 textus;
1560 2413 1606 2455 b.
1623 2424 1700 2464 pro
1723 2423 1748 2452 o
1761 2424 1802 2451 m
1814 2410 1904 2451 nib
1916 2423 1975 2451 us

239 2487 312 2538 qui
335 2486 507 2526 credere
530 2491 737 2535 tenentur,
770 2498 866 2526 cum
890 2485 1075 2526 maxima
1110 2484 1332 2525 hominum
1363 2496 1462 2536 pars
1485 2483 1610 2536 plane
1631 2483 1813 2534 incapax
1835 2482 1889 2522 sit
1910 2480 1976 2521 vel

242 2556 450 2609 ejusmodi
481 2556 890 2597 demonstrationem
922 2555 1192 2608 aggrediendi
1213 2555 1279 2595 vel
1311 2555 1401 2607 ejus
1422 2554 1507 2594 vim
1538 2552 1817 2606 percipiendi3
1849 2564 1891 2595 e.
1924 2563 1976 2592 ea

241 2626 547 2668 securitate
570 2631 611 2667 et
632 2627 994 2676 certitudine,
1018 2638 1127 2679 quae
1149 2625 1311 2667 obortis
1333 2625 1470 2666 dubiis
1492 2636 1570 2676 par
1591 2624 1645 2664 sit
1658 2622 1975 2664 controversiae

242 2697 486 2738 authentice
518 2697 791 2738 dirimendae.
834 2695 957 2748 Quod
988 2697 1173 2737 maxime
1203 2695 1432 2736 tenendum
1465 2699 1528 2735 est
1554 2694 1606 2735 de
1636 2692 1976 2745 singulorum

243 2768 448 2809 librorum
471 2768 759 2819 inspiratione,
783 2767 834 2808 de
857 2779 941 2819 qua
962 2766 1071 2808 infra
1092 2778 1278 2819 agemus.
1301 2765 1617 2806 Demonstratio
1633 2776 1731 2815 ergo
1746 2761 1978 2804 scientifica

244 2838 459 2879 traditioni
489 2838 716 2879 historicae
748 2838 892 2878 innixa
922 2838 1086 2879 censeri
1107 2838 1253 2891 nequit
1274 2836 1529 2878 oeconomia
1551 2847 1576 2876 a
1598 2834 1763 2876 Christo
1786 2835 1978 2876 instituta

244 2909 299 2950 ad
330 2909 567 2950 doctrinam
601 2908 653 2949 de
685 2907 904 2961 Scriptura
937 2909 1078 2962 quoad
1110 2920 1257 2949 omnes
1288 2907 1419 2948 libros
1450 2917 1684 2958 eorumque
1715 2910 1869 2958 partes,
1900 2917 1976 2958 pro

245 2979 454 3028 omnibus,
485 2991 562 3032 pro
595 2979 744 3032 quavis
777 2979 1019 3020 conditione
1052 2983 1093 3020 et
1124 2979 1351 3020 occasione
1386 2981 1475 3018 tuto
1500 2980 1541 3018 et
1562 2977 1652 3017 sine
1676 2976 1847 3018 errandi
1866 2976 1977 3028 peri-

246 3050 341 3091 culo
366 3050 707 3091 conservandam
730 3054 771 3090 et
792 3050 835 3090 in
857 3051 1052 3091 homines
1075 3049 1361 3091 derivandam.
1393 3048 1487 3088 Alia
1515 3048 1639 3098 igitur
1660 3049 1729 3088 via
1750 3048 1857 3088 haec
1879 3058 1980 3099 cog-
