<?xml version="1.0" encoding="UTF-8"?>
<!DOCTYPE html PUBLIC "-//W3C//DTD XHTML 1.0 Transitional//EN"
    "http://www.w3.org/TR/xhtml1/DTD/xhtml1-transitional.dtd">
<html xmlns="http://www.w3.org/1999/xhtml" xml:lang="en" lang="en">
 <head>
  <title>
</title>
<meta http-equiv="Content-Type" content="text/html;charset=utf-8" />
  <meta name='ocr-system' content='tesseract 3.04.00' />
  <meta name='ocr-capabilities' content='ocr_page ocr_carea ocr_par ocr_line ocrx_word'/>
</head>
<body>
  <div class='ocr_page' id='page_1' title='image "./theologiaedogmat01hurt/theologiaedogmat01hurt_0231.png"; bbox 0 0 2175 3382; ppageno 0'>
   <div class='ocr_carea' id='block_1_1' title="bbox 860 117 1931 167">
    <p class='ocr_par' dir='ltr' id='par_1_1' title="bbox 860 117 1931 167">
     <span class='ocr_line' id='line_1_1' title="bbox 860 117 1931 167; baseline 0.007 -17"><span class='ocrx_word' id='word_1_1' title='bbox 860 117 1017 151; x_wconf 76' lang='lat' dir='ltr'>Ecclesia</span> <span class='ocrx_word' id='word_1_2' title='bbox 1037 120 1090 151; x_wconf 80' lang='lat' dir='ltr'>est</span> <span class='ocrx_word' id='word_1_3' title='bbox 1110 117 1276 152; x_wconf 78' lang='lat' dir='ltr'>visibilis.</span> <span class='ocrx_word' id='word_1_4' title='bbox 1846 124 1931 167; x_wconf 78' lang='lat'>221</span> 
     </span>
    </p>
   </div>
   <div class='ocr_carea' id='block_1_2' title="bbox 197 237 1934 406">
    <p class='ocr_par' dir='ltr' id='par_1_2' title="bbox 197 237 1934 406">
     <span class='ocr_line' id='line_1_2' title="bbox 198 237 1934 291; baseline 0.003 -15"><span class='ocrx_word' id='word_1_5' title='bbox 198 239 372 284; x_wconf 74' lang='lat' dir='ltr'>visibile3</span> <span class='ocrx_word' id='word_1_6' title='bbox 394 242 441 276; x_wconf 75' lang='lat' dir='ltr'>ut</span> <span class='ocrx_word' id='word_1_7' title='bbox 455 237 501 279; x_wconf 83' lang='lat' dir='ltr'>b.</span> <span class='ocrx_word' id='word_1_8' title='bbox 517 239 754 276; x_wconf 83' lang='lat' dir='ltr'>elementum</span> <span class='ocrx_word' id='word_1_9' title='bbox 778 238 976 276; x_wconf 83' lang='lat' dir='ltr'>invisibile</span> <span class='ocrx_word' id='word_1_10' title='bbox 999 251 1087 276; x_wconf 88' lang='lat' dir='ltr'>cum</span> <span class='ocrx_word' id='word_1_11' title='bbox 1110 240 1179 277; x_wconf 85' lang='lat' dir='ltr'>hoc</span> <span class='ocrx_word' id='word_1_12' title='bbox 1203 240 1393 277; x_wconf 86' lang='lat' dir='ltr'>elemento</span> <span class='ocrx_word' id='word_1_13' title='bbox 1419 242 1562 278; x_wconf 83' lang='lat' dir='ltr'>visibili</span> <span class='ocrx_word' id='word_1_14' title='bbox 1587 243 1744 291; x_wconf 83' lang='lat' dir='ltr'>penitus</span> <span class='ocrx_word' id='word_1_15' title='bbox 1767 244 1934 291; x_wconf 77' lang='lat' dir='ltr'>uniatur</span> 
     </span>
     <span class='ocr_line' id='line_1_3' title="bbox 198 297 1930 351; baseline 0.002 -15"><span class='ocrx_word' id='word_1_16' title='bbox 198 301 238 336; x_wconf 76' lang='lat' dir='ltr'>et</span> <span class='ocrx_word' id='word_1_17' title='bbox 255 307 295 339; x_wconf 75' lang='lat'>(3.</span> <span class='ocrx_word' id='word_1_18' title='bbox 311 298 368 335; x_wconf 81' lang='lat' dir='ltr'>ita</span> <span class='ocrx_word' id='word_1_19' title='bbox 387 311 456 347; x_wconf 82' lang='lat' dir='ltr'>pei·</span> <span class='ocrx_word' id='word_1_20' title='bbox 478 298 577 335; x_wconf 91' lang='lat' dir='ltr'>illud</span> <span class='ocrx_word' id='word_1_21' title='bbox 598 310 637 335; x_wconf 92' lang='lat' dir='ltr'>se</span> <span class='ocrx_word' id='word_1_22' title='bbox 659 297 894 337; x_wconf 76' lang='lat' dir='ltr'>manifestet.</span> <span class='ocrx_word' id='word_1_23' title='bbox 919 300 966 334; x_wconf 79' lang='lat' dir='ltr'>ut</span> <span class='ocrx_word' id='word_1_24' title='bbox 986 297 1092 334; x_wconf 83' lang='lat' dir='ltr'>illico</span> <span class='ocrx_word' id='word_1_25' title='bbox 1115 310 1159 335; x_wconf 77' lang='lat' dir='ltr'>ex</span> <span class='ocrx_word' id='word_1_26' title='bbox 1183 299 1252 335; x_wconf 89' lang='lat' dir='ltr'>hoc</span> <span class='ocrx_word' id='word_1_27' title='bbox 1274 299 1405 348; x_wconf 78' lang='lat' dir='ltr'>colligi</span> <span class='ocrx_word' id='word_1_28' title='bbox 1428 301 1686 349; x_wconf 70' lang='lat' dir='ltr'>cognoscique</span> <span class='ocrx_word' id='word_1_29' title='bbox 1709 302 1842 351; x_wconf 70' lang='lat' dir='ltr'>possit.</span> <span class='ocrx_word' id='word_1_30' title='bbox 1868 303 1930 339; x_wconf 80' lang='lat' dir='ltr'>lta</span> 
     </span>
     <span class='ocr_line' id='line_1_4' title="bbox 197 356 1931 406; baseline 0.002 -12"><span class='ocrx_word' id='word_1_31' title='bbox 197 358 322 399; x_wconf 86' lang='lat' dir='ltr'>homo.</span> <span class='ocrx_word' id='word_1_32' title='bbox 347 357 524 405; x_wconf 82' lang='lat' dir='ltr'>quamvis</span> <span class='ocrx_word' id='word_1_33' title='bbox 556 357 685 405; x_wconf 78' lang='lat' dir='ltr'>potior</span> <span class='ocrx_word' id='word_1_34' title='bbox 706 357 882 406; x_wconf 86' lang='lat' dir='ltr'>ejusdem</span> <span class='ocrx_word' id='word_1_35' title='bbox 903 368 994 404; x_wconf 84' lang='lat' dir='ltr'>pars</span> <span class='ocrx_word' id='word_1_36' title='bbox 1018 356 1067 393; x_wconf 72' lang='lat' dir='ltr'>sit</span> <span class='ocrx_word' id='word_1_37' title='bbox 1088 356 1311 402; x_wconf 86' lang='lat' dir='ltr'>invisibilis,</span> <span class='ocrx_word' id='word_1_38' title='bbox 1345 358 1578 406; x_wconf 82' lang='lat' dir='ltr'>simpliciter</span> <span class='ocrx_word' id='word_1_39' title='bbox 1600 360 1763 397; x_wconf 83' lang='lat' dir='ltr'>visibilis</span> <span class='ocrx_word' id='word_1_40' title='bbox 1786 364 1846 398; x_wconf 81' lang='lat' dir='ltr'>est</span> <span class='ocrx_word' id='word_1_41' title='bbox 1867 360 1931 397; x_wconf 88' lang='lat' dir='ltr'>di—</span> 
     </span>
    </p>
   </div>
   <div class='ocr_carea' id='block_1_3' title="bbox 198 416 636 470">
    <p class='ocr_par' dir='ltr' id='par_1_3' title="bbox 198 416 636 470">
     <span class='ocr_line' id='line_1_5' title="bbox 198 416 636 470; baseline -0.005 -16"><span class='ocrx_word' id='word_1_42' title='bbox 198 416 356 454; x_wconf 85' lang='lat' dir='ltr'>cendus.</span> <span class='ocrx_word' id='word_1_43' title='bbox 625 453 636 470; x_wconf 50' lang='lat'>⁸</span> 
     </span>
    </p>
   </div>
   <div class='ocr_carea' id='block_1_4' title="bbox 194 493 1942 1254">
    <p class='ocr_par' dir='ltr' id='par_1_4' title="bbox 194 493 1942 1254">
     <span class='ocr_line' id='line_1_6' title="bbox 320 493 1930 550; baseline 0.001 -12"><span class='ocrx_word' id='word_1_44' title='bbox 320 497 412 539; x_wconf 83' lang='lat'>199.</span> <span class='ocrx_word' id='word_1_45' title='bbox 435 495 797 538; x_wconf 81' lang='lat' dir='ltr'>Demonstratio</span> <span class='ocrx_word' id='word_1_46' title='bbox 823 495 865 539; x_wconf 88' lang='grc'>1.</span> <span class='ocrx_word' id='word_1_47' title='bbox 896 493 1109 534; x_wconf 79' lang='lat' dir='ltr'>Ecclesiae</span> <span class='ocrx_word' id='word_1_48' title='bbox 1131 494 1350 535; x_wconf 80' lang='lat' dir='ltr'>visibilitas</span> <span class='ocrx_word' id='word_1_49' title='bbox 1381 497 1623 538; x_wconf 77' lang='lat' dir='ltr'>necessario</span> <span class='ocrx_word' id='word_1_50' title='bbox 1657 500 1930 550; x_wconf 82' lang='lat' dir='ltr'>consequitur</span> 
     </span>
     <span class='ocr_line' id='line_1_7' title="bbox 198 565 1932 622; baseline 0.003 -16"><span class='ocrx_word' id='word_1_51' title='bbox 198 565 288 618; x_wconf 83' lang='lat' dir='ltr'>ejus</span> <span class='ocrx_word' id='word_1_52' title='bbox 310 565 489 606; x_wconf 88' lang='lat' dir='ltr'>formam</span> <span class='ocrx_word' id='word_1_53' title='bbox 512 567 790 610; x_wconf 87' lang='lat' dir='ltr'>socialem.</span> <span class='ocrx_word' id='word_1_54' title='bbox 832 566 943 608; x_wconf 83' lang='lat' dir='ltr'>Fieri</span> <span class='ocrx_word' id='word_1_55' title='bbox 965 567 1078 607; x_wconf 89' lang='lat' dir='ltr'>enim</span> <span class='ocrx_word' id='word_1_56' title='bbox 1100 567 1255 619; x_wconf 75' lang='lat' dir='ltr'>nequit,</span> <span class='ocrx_word' id='word_1_57' title='bbox 1288 572 1333 607; x_wconf 90' lang='lat' dir='ltr'>ut</span> <span class='ocrx_word' id='word_1_58' title='bbox 1355 572 1502 608; x_wconf 88' lang='lat' dir='ltr'>coetus</span> <span class='ocrx_word' id='word_1_59' title='bbox 1524 568 1602 616; x_wconf 88' lang='lat' dir='ltr'>ille,</span> <span class='ocrx_word' id='word_1_60' title='bbox 1630 570 1672 609; x_wconf 93' lang='lat' dir='ltr'>in</span> <span class='ocrx_word' id='word_1_61' title='bbox 1695 582 1777 622; x_wconf 87' lang='lat' dir='ltr'>quo</span> <span class='ocrx_word' id='word_1_62' title='bbox 1802 584 1844 614; x_wconf 84' lang='lat' dir='ltr'>a.</span> <span class='ocrx_word' id='word_1_63' title='bbox 1868 571 1932 611; x_wconf 83' lang='lat' dir='ltr'>vi-</span> 
     </span>
     <span class='ocr_line' id='line_1_8' title="bbox 197 635 1931 692; baseline 0.003 -16"><span class='ocrx_word' id='word_1_64' title='bbox 197 635 317 676; x_wconf 87' lang='lat' dir='ltr'>sibile</span> <span class='ocrx_word' id='word_1_65' title='bbox 341 640 405 677; x_wconf 91' lang='lat' dir='ltr'>est</span> <span class='ocrx_word' id='word_1_66' title='bbox 426 638 822 689; x_wconf 81' lang='lat' dir='ltr'>magisterium,</span> <span class='ocrx_word' id='word_1_67' title='bbox 846 649 871 677; x_wconf 91' lang='lat' dir='ltr'>a</span> <span class='ocrx_word' id='word_1_68' title='bbox 895 650 976 690; x_wconf 87' lang='lat' dir='ltr'>quo</span> <span class='ocrx_word' id='word_1_69' title='bbox 1001 637 1214 678; x_wconf 86' lang='lat' dir='ltr'>credenda</span> <span class='ocrx_word' id='word_1_70' title='bbox 1235 638 1410 678; x_wconf 90' lang='lat' dir='ltr'>interius</span> <span class='ocrx_word' id='word_1_71' title='bbox 1434 641 1672 692; x_wconf 78' lang='lat' dir='ltr'>exteriusqe</span> <span class='ocrx_word' id='word_1_72' title='bbox 1695 639 1931 692; x_wconf 85' lang='lat' dir='ltr'>profitenda</span> 
     </span>
     <span class='ocr_line' id='line_1_9' title="bbox 198 705 1942 761; baseline 0.001 -15"><span class='ocrx_word' id='word_1_73' title='bbox 198 705 300 747; x_wconf 87' lang='lat' dir='ltr'>fides</span> <span class='ocrx_word' id='word_1_74' title='bbox 332 707 498 759; x_wconf 88' lang='lat' dir='ltr'>publice</span> <span class='ocrx_word' id='word_1_75' title='bbox 529 708 800 760; x_wconf 82' lang='lat' dir='ltr'>proponitur:</span> <span class='ocrx_word' id='word_1_76' title='bbox 832 710 879 752; x_wconf 74' lang='lat' dir='ltr'>l).</span> <span class='ocrx_word' id='word_1_77' title='bbox 903 707 1065 749; x_wconf 89' lang='lat' dir='ltr'>visibile</span> <span class='ocrx_word' id='word_1_78' title='bbox 1097 708 1488 757; x_wconf 88' lang='lat' dir='ltr'>ministerium,</span> <span class='ocrx_word' id='word_1_79' title='bbox 1519 710 1631 761; x_wconf 88' lang='lat' dir='ltr'>quod</span> <span class='ocrx_word' id='word_1_80' title='bbox 1659 711 1837 752; x_wconf 82' lang='lat' dir='ltr'>visibilia</span> <span class='ocrx_word' id='word_1_81' title='bbox 1858 712 1942 753; x_wconf 79' lang='lat' dir='ltr'>Dei,</span> 
     </span>
     <span class='ocr_line' id='line_1_10' title="bbox 197 778 1933 831; baseline 0.002 -13"><span class='ocrx_word' id='word_1_82' title='bbox 197 778 400 830; x_wconf 78' lang='lat' dir='ltr'>mysteria</span> <span class='ocrx_word' id='word_1_83' title='bbox 431 778 699 820; x_wconf 77' lang='lat' dir='ltr'>administrat</span> <span class='ocrx_word' id='word_1_84' title='bbox 721 784 762 820; x_wconf 84' lang='lat' dir='ltr'>et</span> <span class='ocrx_word' id='word_1_85' title='bbox 785 779 982 828; x_wconf 83' lang='lat' dir='ltr'>celebrat,</span> <span class='ocrx_word' id='word_1_86' title='bbox 1015 778 1166 831; x_wconf 89' lang='lat' dir='ltr'>quibus</span> <span class='ocrx_word' id='word_1_87' title='bbox 1192 779 1367 820; x_wconf 84' lang='lat' dir='ltr'>interior</span> <span class='ocrx_word' id='word_1_88' title='bbox 1389 781 1667 821; x_wconf 77' lang='lat' dir='ltr'>sanctificatio</span> <span class='ocrx_word' id='word_1_89' title='bbox 1692 782 1933 823; x_wconf 85' lang='lat' dir='ltr'>hominibus</span> 
     </span>
     <span class='ocr_line' id='line_1_11' title="bbox 197 848 1930 904; baseline 0.002 -15"><span class='ocrx_word' id='word_1_90' title='bbox 197 853 238 889; x_wconf 90' lang='lat' dir='ltr'>et</span> <span class='ocrx_word' id='word_1_91' title='bbox 252 848 417 890; x_wconf 90' lang='lat' dir='ltr'>debitus</span> <span class='ocrx_word' id='word_1_92' title='bbox 431 848 518 890; x_wconf 92' lang='lat' dir='ltr'>Deo</span> <span class='ocrx_word' id='word_1_93' title='bbox 534 850 669 890; x_wconf 89' lang='lat' dir='ltr'>cultus</span> <span class='ocrx_word' id='word_1_94' title='bbox 685 855 978 902; x_wconf 85' lang='lat' dir='ltr'>comparatur:</span> <span class='ocrx_word' id='word_1_95' title='bbox 993 863 1035 893; x_wconf 84' lang='lat' dir='ltr'>c.</span> <span class='ocrx_word' id='word_1_96' title='bbox 1048 850 1211 890; x_wconf 88' lang='lat' dir='ltr'>visibile</span> <span class='ocrx_word' id='word_1_97' title='bbox 1226 863 1246 890; x_wconf 94' lang='lat' dir='ltr'>r</span> <span class='ocrx_word' id='word_1_98' title='bbox 1258 862 1280 891; x_wconf 92' lang='lat' dir='ltr'>e</span> <span class='ocrx_word' id='word_1_99' title='bbox 1293 863 1316 902; x_wconf 79' lang='lat' dir='ltr'>g</span> <span class='ocrx_word' id='word_1_100' title='bbox 1328 851 1339 890; x_wconf 92' lang='lat' dir='ltr'>i</span> <span class='ocrx_word' id='word_1_101' title='bbox 1352 863 1393 890; x_wconf 90' lang='lat' dir='ltr'>m</span> <span class='ocrx_word' id='word_1_102' title='bbox 1406 862 1428 891; x_wconf 91' lang='lat' dir='ltr'>e</span> <span class='ocrx_word' id='word_1_103' title='bbox 1442 864 1466 890; x_wconf 93' lang='lat' dir='ltr'>n</span> <span class='ocrx_word' id='word_1_104' title='bbox 1481 883 1490 899; x_wconf 82' lang='lat'>,</span> <span class='ocrx_word' id='word_1_105' title='bbox 1514 851 1626 904; x_wconf 89' lang='lat' dir='ltr'>quod</span> <span class='ocrx_word' id='word_1_106' title='bbox 1642 852 1930 893; x_wconf 88' lang='lat' dir='ltr'>membrorum</span> 
     </span>
     <span class='ocr_line' id='line_1_12' title="bbox 195 920 1932 974; baseline 0.002 -14"><span class='ocrx_word' id='word_1_107' title='bbox 195 920 304 960; x_wconf 88' lang='lat' dir='ltr'>inter</span> <span class='ocrx_word' id='word_1_108' title='bbox 335 931 381 960; x_wconf 92' lang='lat' dir='ltr'>se</span> <span class='ocrx_word' id='word_1_109' title='bbox 413 921 757 962; x_wconf 87' lang='lat' dir='ltr'>communionem</span> <span class='ocrx_word' id='word_1_110' title='bbox 790 921 958 962; x_wconf 89' lang='lat' dir='ltr'>ordinat</span> <span class='ocrx_word' id='word_1_111' title='bbox 990 925 1294 973; x_wconf 77' lang='lat' dir='ltr'>externamque</span> <span class='ocrx_word' id='word_1_112' title='bbox 1327 933 1498 962; x_wconf 90' lang='lat' dir='ltr'>omnem</span> <span class='ocrx_word' id='word_1_113' title='bbox 1531 928 1572 962; x_wconf 92' lang='lat' dir='ltr'>et</span> <span class='ocrx_word' id='word_1_114' title='bbox 1593 922 1804 974; x_wconf 87' lang='lat' dir='ltr'>publicam</span> <span class='ocrx_word' id='word_1_115' title='bbox 1829 922 1932 963; x_wconf 84' lang='lat' dir='ltr'>fide-</span> 
     </span>
     <span class='ocr_line' id='line_1_13' title="bbox 194 989 1933 1044; baseline 0.001 -14"><span class='ocrx_word' id='word_1_116' title='bbox 194 989 296 1030; x_wconf 90' lang='lat' dir='ltr'>lium</span> <span class='ocrx_word' id='word_1_117' title='bbox 318 991 361 1030; x_wconf 91' lang='lat' dir='ltr'>in</span> <span class='ocrx_word' id='word_1_118' title='bbox 382 990 570 1031; x_wconf 85' lang='lat' dir='ltr'>Ecclesia</span> <span class='ocrx_word' id='word_1_119' title='bbox 591 991 722 1031; x_wconf 84' lang='lat' dir='ltr'>vitam</span> <span class='ocrx_word' id='word_1_120' title='bbox 745 990 929 1043; x_wconf 88' lang='lat' dir='ltr'>disponit</span> <span class='ocrx_word' id='word_1_121' title='bbox 951 1003 1001 1032; x_wconf 93' lang='lat' dir='ltr'>ac</span> <span class='ocrx_word' id='word_1_122' title='bbox 1024 991 1172 1042; x_wconf 79' lang='lat' dir='ltr'>dirigit,</span> <span class='ocrx_word' id='word_1_123' title='bbox 1205 996 1250 1032; x_wconf 88' lang='lat' dir='ltr'>ut</span> <span class='ocrx_word' id='word_1_124' title='bbox 1272 991 1352 1033; x_wconf 78' lang='lat' dir='ltr'>ille.</span> <span class='ocrx_word' id='word_1_125' title='bbox 1384 992 1569 1044; x_wconf 75' lang='lat' dir='ltr'>inquam.</span> <span class='ocrx_word' id='word_1_126' title='bbox 1602 998 1748 1034; x_wconf 90' lang='lat' dir='ltr'>coetus</span> <span class='ocrx_word' id='word_1_127' title='bbox 1771 1006 1856 1034; x_wconf 91' lang='lat' dir='ltr'>non</span> <span class='ocrx_word' id='word_1_128' title='bbox 1879 994 1933 1034; x_wconf 89' lang='lat' dir='ltr'>sit</span> 
     </span>
     <span class='ocr_line' id='line_1_14' title="bbox 195 1060 1931 1116; baseline 0.002 -15"><span class='ocrx_word' id='word_1_129' title='bbox 195 1060 379 1102; x_wconf 85' lang='lat' dir='ltr'>visibilis.</span> <span class='ocrx_word' id='word_1_130' title='bbox 421 1060 548 1114; x_wconf 87' lang='lat' dir='ltr'>Atqui</span> <span class='ocrx_word' id='word_1_131' title='bbox 579 1061 786 1113; x_wconf 67' lang='lat' dir='ltr'>ejusmodi</span> <span class='ocrx_word' id='word_1_132' title='bbox 819 1066 881 1102; x_wconf 88' lang='lat' dir='ltr'>est</span> <span class='ocrx_word' id='word_1_133' title='bbox 913 1067 1060 1103; x_wconf 88' lang='lat' dir='ltr'>coetus</span> <span class='ocrx_word' id='word_1_134' title='bbox 1088 1061 1271 1103; x_wconf 83' lang='lat' dir='ltr'>fidelium</span> <span class='ocrx_word' id='word_1_135' title='bbox 1295 1074 1371 1103; x_wconf 89' lang='lat' dir='ltr'>seu</span> <span class='ocrx_word' id='word_1_136' title='bbox 1392 1062 1591 1112; x_wconf 83' lang='lat' dir='ltr'>Ecclesia,</span> <span class='ocrx_word' id='word_1_137' title='bbox 1615 1064 1656 1103; x_wconf 89' lang='lat' dir='ltr'>in</span> <span class='ocrx_word' id='word_1_138' title='bbox 1679 1076 1761 1116; x_wconf 85' lang='lat' dir='ltr'>qua</span> <span class='ocrx_word' id='word_1_139' title='bbox 1785 1070 1848 1104; x_wconf 91' lang='lat' dir='ltr'>est</span> <span class='ocrx_word' id='word_1_140' title='bbox 1872 1065 1931 1104; x_wconf 84' lang='lat' dir='ltr'>vi-</span> 
     </span>
     <span class='ocr_line' id='line_1_15' title="bbox 195 1131 1931 1189; baseline 0.001 -17"><span class='ocrx_word' id='word_1_141' title='bbox 195 1131 314 1172; x_wconf 88' lang='lat' dir='ltr'>sibile</span> <span class='ocrx_word' id='word_1_142' title='bbox 337 1132 637 1184; x_wconf 74' lang='lat' dir='ltr'>magisterium,</span> <span class='ocrx_word' id='word_1_143' title='bbox 659 1131 820 1173; x_wconf 89' lang='lat' dir='ltr'>visibile</span> <span class='ocrx_word' id='word_1_144' title='bbox 844 1133 1122 1173; x_wconf 90' lang='lat' dir='ltr'>ministerium</span> <span class='ocrx_word' id='word_1_145' title='bbox 1145 1137 1186 1173; x_wconf 89' lang='lat' dir='ltr'>et</span> <span class='ocrx_word' id='word_1_146' title='bbox 1208 1134 1397 1184; x_wconf 82' lang='lat' dir='ltr'>regimen</span> <span class='ocrx_word' id='word_1_147' title='bbox 1419 1133 1581 1174; x_wconf 87' lang='lat' dir='ltr'>visibile</span> <span class='ocrx_word' id='word_1_148' title='bbox 1606 1134 1670 1189; x_wconf 83' lang='lat' dir='ltr'>(cf.</span> <span class='ocrx_word' id='word_1_149' title='bbox 1692 1135 1746 1177; x_wconf 89' lang='lat' dir='ltr'>th.</span> <span class='ocrx_word' id='word_1_150' title='bbox 1764 1138 1830 1178; x_wconf 76' lang='lat'>37.</span> <span class='ocrx_word' id='word_1_151' title='bbox 1845 1137 1931 1189; x_wconf 66' lang='lat'>48).</span> 
     </span>
     <span class='ocr_line' id='line_1_16' title="bbox 195 1201 1053 1254; baseline 0.002 -12"><span class='ocrx_word' id='word_1_152' title='bbox 195 1201 302 1254; x_wconf 84' lang='lat' dir='ltr'>Ergo</span> <span class='ocrx_word' id='word_1_153' title='bbox 326 1202 512 1243; x_wconf 86' lang='lat' dir='ltr'>Ecclesia</span> <span class='ocrx_word' id='word_1_154' title='bbox 535 1203 697 1244; x_wconf 89' lang='lat' dir='ltr'>censeri</span> <span class='ocrx_word' id='word_1_155' title='bbox 720 1203 846 1244; x_wconf 89' lang='lat' dir='ltr'>debet</span> <span class='ocrx_word' id='word_1_156' title='bbox 866 1203 1053 1244; x_wconf 86' lang='lat' dir='ltr'>visibilis.</span> 
     </span>
    </p>
   </div>
   <div class='ocr_carea' id='block_1_5' title="bbox 193 1285 1931 1964">
    <p class='ocr_par' dir='ltr' id='par_1_5' title="bbox 193 1285 1931 1964">
     <span class='ocr_line' id='line_1_17' title="bbox 313 1285 1929 1339; baseline 0.001 -12"><span class='ocrx_word' id='word_1_157' title='bbox 313 1286 355 1330; x_wconf 75' lang='lat'>2.</span> <span class='ocrx_word' id='word_1_158' title='bbox 379 1285 581 1326; x_wconf 91' lang='lat' dir='ltr'>Homines</span> <span class='ocrx_word' id='word_1_159' title='bbox 603 1290 800 1326; x_wconf 81' lang='lat' dir='ltr'>tenentur</span> <span class='ocrx_word' id='word_1_160' title='bbox 812 1285 1045 1327; x_wconf 84' lang='lat' dir='ltr'>Ecclesiam</span> <span class='ocrx_word' id='word_1_161' title='bbox 1067 1287 1239 1339; x_wconf 77' lang='lat' dir='ltr'>ingredi,</span> <span class='ocrx_word' id='word_1_162' title='bbox 1262 1299 1362 1327; x_wconf 89' lang='lat' dir='ltr'>nam</span> <span class='ocrx_word' id='word_1_163' title='bbox 1385 1292 1504 1328; x_wconf 78' lang='lat' dir='ltr'>extra</span> <span class='ocrx_word' id='word_1_164' title='bbox 1518 1287 1749 1328; x_wconf 78' lang='lat' dir='ltr'>Ecclesiam</span> <span class='ocrx_word' id='word_1_165' title='bbox 1766 1300 1852 1328; x_wconf 91' lang='lat' dir='ltr'>non</span> <span class='ocrx_word' id='word_1_166' title='bbox 1867 1294 1929 1329; x_wconf 87' lang='lat' dir='ltr'>est</span> 
     </span>
     <span class='ocr_line' id='line_1_18' title="bbox 195 1355 1930 1412; baseline 0.001 -15"><span class='ocrx_word' id='word_1_167' title='bbox 195 1356 309 1397; x_wconf 91' lang='lat' dir='ltr'>salus</span> <span class='ocrx_word' id='word_1_168' title='bbox 334 1355 400 1412; x_wconf 86' lang='lat' dir='ltr'>(cf.</span> <span class='ocrx_word' id='word_1_169' title='bbox 415 1357 471 1397; x_wconf 88' lang='lat' dir='ltr'>th.</span> <span class='ocrx_word' id='word_1_170' title='bbox 487 1357 581 1412; x_wconf 77' lang='lat'>42);</span> <span class='ocrx_word' id='word_1_171' title='bbox 604 1357 781 1408; x_wconf 86' lang='lat' dir='ltr'>ingressi</span> <span class='ocrx_word' id='word_1_172' title='bbox 806 1356 1035 1398; x_wconf 89' lang='lat' dir='ltr'>Ecclesiam</span> <span class='ocrx_word' id='word_1_173' title='bbox 1059 1357 1203 1398; x_wconf 84' lang='lat' dir='ltr'>audire</span> <span class='ocrx_word' id='word_1_174' title='bbox 1227 1357 1350 1410; x_wconf 88' lang='lat' dir='ltr'>eique</span> <span class='ocrx_word' id='word_1_175' title='bbox 1372 1357 1560 1410; x_wconf 88' lang='lat' dir='ltr'>obsequi,</span> <span class='ocrx_word' id='word_1_176' title='bbox 1582 1371 1682 1399; x_wconf 89' lang='lat' dir='ltr'>nam</span> <span class='ocrx_word' id='word_1_177' title='bbox 1705 1359 1774 1411; x_wconf 89' lang='lat' dir='ltr'>qui</span> <span class='ocrx_word' id='word_1_178' title='bbox 1789 1358 1930 1399; x_wconf 80' lang='lat' dir='ltr'>Eccle-</span> 
     </span>
     <span class='ocr_line' id='line_1_19' title="bbox 194 1427 1928 1483; baseline 0.002 -16"><span class='ocrx_word' id='word_1_179' title='bbox 194 1428 301 1468; x_wconf 82' lang='lat' dir='ltr'>siam</span> <span class='ocrx_word' id='word_1_180' title='bbox 332 1440 410 1468; x_wconf 73' lang='lat' dir='ltr'>non</span> <span class='ocrx_word' id='word_1_181' title='bbox 447 1428 644 1474; x_wconf 69' lang='lat' dir='ltr'>audierit,</span> <span class='ocrx_word' id='word_1_182' title='bbox 676 1429 728 1468; x_wconf 72' lang='lat' dir='ltr'>sit</span> <span class='ocrx_word' id='word_1_183' title='bbox 751 1427 824 1468; x_wconf 62' lang='lat' dir='ltr'>tibi·</span> <span class='ocrx_word' id='word_1_184' title='bbox 846 1430 950 1468; x_wconf 72' lang='lat' dir='ltr'>sicut</span> <span class='ocrx_word' id='word_1_185' title='bbox 972 1428 1152 1469; x_wconf 78' lang='lat' dir='ltr'>ethnicus</span> <span class='ocrx_word' id='word_1_186' title='bbox 1174 1433 1209 1469; x_wconf 80' lang='lat' dir='ltr'>et</span> <span class='ocrx_word' id='word_1_187' title='bbox 1226 1429 1477 1483; x_wconf 73' lang='lat' dir='ltr'>publicanus</span> <span class='ocrx_word' id='word_1_188' title='bbox 1500 1429 1643 1470; x_wconf 83' lang='lat' dir='ltr'>Matth.</span> <span class='ocrx_word' id='word_1_189' title='bbox 1680 1433 1743 1480; x_wconf 77' lang='lat'>18,</span> <span class='ocrx_word' id='word_1_190' title='bbox 1771 1434 1842 1479; x_wconf 83' lang='lat'>17;</span> <span class='ocrx_word' id='word_1_191' title='bbox 1866 1435 1928 1471; x_wconf 86' lang='lat' dir='ltr'>te-</span> 
     </span>
     <span class='ocr_line' id='line_1_20' title="bbox 194 1498 1931 1553; baseline 0.002 -15"><span class='ocrx_word' id='word_1_192' title='bbox 194 1503 348 1539; x_wconf 85' lang='lat' dir='ltr'>nentur</span> <span class='ocrx_word' id='word_1_193' title='bbox 369 1498 459 1551; x_wconf 89' lang='lat' dir='ltr'>ejus</span> <span class='ocrx_word' id='word_1_194' title='bbox 480 1498 667 1551; x_wconf 85' lang='lat' dir='ltr'>profiteri</span> <span class='ocrx_word' id='word_1_195' title='bbox 698 1498 823 1540; x_wconf 90' lang='lat' dir='ltr'>fidem</span> <span class='ocrx_word' id='word_1_196' title='bbox 856 1504 897 1540; x_wconf 90' lang='lat' dir='ltr'>et</span> <span class='ocrx_word' id='word_1_197' title='bbox 929 1499 982 1540; x_wconf 90' lang='lat' dir='ltr'>ab</span> <span class='ocrx_word' id='word_1_198' title='bbox 1015 1511 1067 1540; x_wconf 90' lang='lat' dir='ltr'>ea</span> <span class='ocrx_word' id='word_1_199' title='bbox 1089 1500 1303 1552; x_wconf 89' lang='lat' dir='ltr'>suscipere</span> <span class='ocrx_word' id='word_1_200' title='bbox 1331 1505 1612 1549; x_wconf 82' lang='lat' dir='ltr'>sacramenta,</span> <span class='ocrx_word' id='word_1_201' title='bbox 1646 1513 1740 1541; x_wconf 90' lang='lat' dir='ltr'>cum</span> <span class='ocrx_word' id='word_1_202' title='bbox 1763 1501 1855 1553; x_wconf 90' lang='lat' dir='ltr'>ipsa</span> <span class='ocrx_word' id='word_1_203' title='bbox 1877 1502 1931 1541; x_wconf 86' lang='lat' dir='ltr'>sit</span> 
     </span>
     <span class='ocr_line' id='line_1_21' title="bbox 195 1569 1927 1623; baseline 0.002 -14"><span class='ocrx_word' id='word_1_204' title='bbox 195 1569 423 1610; x_wconf 87' lang='lat' dir='ltr'>constituta</span> <span class='ocrx_word' id='word_1_205' title='bbox 454 1570 754 1622; x_wconf 78' lang='lat' dir='ltr'>mysteriorum</span> <span class='ocrx_word' id='word_1_206' title='bbox 776 1570 851 1611; x_wconf 90' lang='lat' dir='ltr'>Dei</span> <span class='ocrx_word' id='word_1_207' title='bbox 882 1570 1188 1622; x_wconf 77' lang='lat' dir='ltr'>dispensatrix‚·</span> <span class='ocrx_word' id='word_1_208' title='bbox 1219 1571 1349 1623; x_wconf 89' lang='lat' dir='ltr'>ipsius</span> <span class='ocrx_word' id='word_1_209' title='bbox 1381 1576 1444 1611; x_wconf 87' lang='lat' dir='ltr'>est</span> <span class='ocrx_word' id='word_1_210' title='bbox 1476 1583 1734 1623; x_wconf 88' lang='lat' dir='ltr'>componere</span> <span class='ocrx_word' id='word_1_211' title='bbox 1757 1577 1927 1612; x_wconf 86' lang='lat' dir='ltr'>contro-</span> 
     </span>
     <span class='ocr_line' id='line_1_22' title="bbox 193 1640 1929 1696; baseline 0.001 -16"><span class='ocrx_word' id='word_1_212' title='bbox 193 1641 354 1681; x_wconf 90' lang='lat' dir='ltr'>versias</span> <span class='ocrx_word' id='word_1_213' title='bbox 385 1641 440 1693; x_wconf 91' lang='lat' dir='ltr'>(n.</span> <span class='ocrx_word' id='word_1_214' title='bbox 478 1641 589 1696; x_wconf 75' lang='lat'>117),</span> <span class='ocrx_word' id='word_1_215' title='bbox 631 1640 837 1681; x_wconf 86' lang='lat' dir='ltr'>damnare</span> <span class='ocrx_word' id='word_1_216' title='bbox 868 1641 1080 1689; x_wconf 83' lang='lat' dir='ltr'>haereses,</span> <span class='ocrx_word' id='word_1_217' title='bbox 1117 1646 1394 1682; x_wconf 86' lang='lat' dir='ltr'>contumaces</span> <span class='ocrx_word' id='word_1_218' title='bbox 1429 1642 1798 1682; x_wconf 81' lang='lat' dir='ltr'>excommunicare</span> <span class='ocrx_word' id='word_1_219' title='bbox 1831 1648 1929 1683; x_wconf 82' lang='lat' dir='ltr'>etc:</span> 
     </span>
     <span class='ocr_line' id='line_1_23' title="bbox 195 1711 1927 1764; baseline 0.001 -13"><span class='ocrx_word' id='word_1_220' title='bbox 195 1723 304 1764; x_wconf 90' lang='lat' dir='ltr'>quae</span> <span class='ocrx_word' id='word_1_221' title='bbox 335 1711 552 1752; x_wconf 88' lang='lat' dir='ltr'>conciliari</span> <span class='ocrx_word' id='word_1_222' title='bbox 583 1717 799 1764; x_wconf 87' lang='lat' dir='ltr'>nequeunt</span> <span class='ocrx_word' id='word_1_223' title='bbox 831 1724 927 1752; x_wconf 89' lang='lat' dir='ltr'>cum</span> <span class='ocrx_word' id='word_1_224' title='bbox 949 1711 1161 1752; x_wconf 89' lang='lat' dir='ltr'>Ecclesiae</span> <span class='ocrx_word' id='word_1_225' title='bbox 1192 1711 1488 1755; x_wconf 80' lang='lat' dir='ltr'>invisibilitate.</span> <span class='ocrx_word' id='word_1_226' title='bbox 1531 1711 1623 1763; x_wconf 89' lang='lat' dir='ltr'>Qua</span> <span class='ocrx_word' id='word_1_227' title='bbox 1650 1712 1702 1753; x_wconf 91' lang='lat' dir='ltr'>de</span> <span class='ocrx_word' id='word_1_228' title='bbox 1734 1725 1864 1753; x_wconf 85' lang='lat' dir='ltr'>causa</span> <span class='ocrx_word' id='word_1_229' title='bbox 1885 1713 1927 1753; x_wconf 91' lang='lat' dir='ltr'>in</span> 
     </span>
     <span class='ocr_line' id='line_1_24' title="bbox 193 1782 1930 1836; baseline 0.001 -14"><span class='ocrx_word' id='word_1_230' title='bbox 193 1786 284 1822; x_wconf 86' lang='lat' dir='ltr'>tota</span> <span class='ocrx_word' id='word_1_231' title='bbox 307 1782 555 1835; x_wconf 85' lang='lat' dir='ltr'>antiquitate</span> <span class='ocrx_word' id='word_1_232' title='bbox 578 1782 738 1822; x_wconf 88' lang='lat' dir='ltr'>nullum</span> <span class='ocrx_word' id='word_1_233' title='bbox 761 1783 1001 1823; x_wconf 87' lang='lat' dir='ltr'>contrariae</span> <span class='ocrx_word' id='word_1_234' title='bbox 1024 1783 1234 1834; x_wconf 86' lang='lat' dir='ltr'>opinionis</span> <span class='ocrx_word' id='word_1_235' title='bbox 1256 1783 1464 1835; x_wconf 87' lang='lat' dir='ltr'>reperitur</span> <span class='ocrx_word' id='word_1_236' title='bbox 1484 1783 1717 1834; x_wconf 82' lang='lat' dir='ltr'>vestigium,</span> <span class='ocrx_word' id='word_1_237' title='bbox 1739 1795 1793 1824; x_wconf 90' lang='lat' dir='ltr'>ne</span> <span class='ocrx_word' id='word_1_238' title='bbox 1816 1783 1930 1836; x_wconf 90' lang='lat' dir='ltr'>apud</span> 
     </span>
     <span class='ocr_line' id='line_1_25' title="bbox 194 1852 1929 1906; baseline 0.001 -13"><span class='ocrx_word' id='word_1_239' title='bbox 194 1853 432 1893; x_wconf 86' lang='lat' dir='ltr'>haereticos</span> <span class='ocrx_word' id='word_1_240' title='bbox 455 1853 637 1905; x_wconf 91' lang='lat' dir='ltr'>quidem,</span> <span class='ocrx_word' id='word_1_241' title='bbox 663 1853 734 1905; x_wconf 90' lang='lat' dir='ltr'>qui</span> <span class='ocrx_word' id='word_1_242' title='bbox 757 1865 808 1894; x_wconf 91' lang='lat' dir='ltr'>ea</span> <span class='ocrx_word' id='word_1_243' title='bbox 830 1852 951 1893; x_wconf 83' lang='lat' dir='ltr'>facile</span> <span class='ocrx_word' id='word_1_244' title='bbox 974 1865 1019 1894; x_wconf 94' lang='lat' dir='ltr'>se</span> <span class='ocrx_word' id='word_1_245' title='bbox 1041 1854 1150 1894; x_wconf 83' lang='lat' dir='ltr'>tueri</span> <span class='ocrx_word' id='word_1_246' title='bbox 1172 1854 1409 1906; x_wconf 84' lang='lat' dir='ltr'>potuissent</span> <span class='ocrx_word' id='word_1_247' title='bbox 1431 1853 1635 1894; x_wconf 84' lang='lat' dir='ltr'>adversus</span> <span class='ocrx_word' id='word_1_248' title='bbox 1659 1855 1803 1894; x_wconf 90' lang='lat' dir='ltr'>omnia</span> <span class='ocrx_word' id='word_1_249' title='bbox 1827 1866 1929 1895; x_wconf 90' lang='lat' dir='ltr'>con-</span> 
     </span>
     <span class='ocr_line' id='line_1_26' title="bbox 195 1923 698 1964; baseline 0 0"><span class='ocrx_word' id='word_1_250' title='bbox 195 1923 388 1964; x_wconf 86' lang='lat' dir='ltr'>ciliorum</span> <span class='ocrx_word' id='word_1_251' title='bbox 411 1924 698 1964; x_wconf 86' lang='lat' dir='ltr'>anathemata.</span> 
     </span>
    </p>
   </div>
   <div class='ocr_carea' id='block_1_6' title="bbox 192 2007 2150 3071">
    <p class='ocr_par' dir='ltr' id='par_1_6' title="bbox 192 2007 2150 3071">
     <span class='ocr_line' id='line_1_27' title="bbox 312 2007 1929 2061; baseline -0.001 -11"><span class='ocrx_word' id='word_1_252' title='bbox 312 2008 354 2051; x_wconf 91' lang='grc'>3.</span> <span class='ocrx_word' id='word_1_253' title='bbox 378 2007 449 2048; x_wconf 86' lang='lat' dir='ltr'>Illa</span> <span class='ocrx_word' id='word_1_254' title='bbox 473 2013 534 2048; x_wconf 88' lang='lat' dir='ltr'>est</span> <span class='ocrx_word' id='word_1_255' title='bbox 558 2020 659 2048; x_wconf 84' lang='lat' dir='ltr'>vera</span> <span class='ocrx_word' id='word_1_256' title='bbox 691 2007 890 2056; x_wconf 76' lang='lat' dir='ltr'>Ecclesia,</span> <span class='ocrx_word' id='word_1_257' title='bbox 915 2008 981 2048; x_wconf 91' lang='lat' dir='ltr'>cui</span> <span class='ocrx_word' id='word_1_258' title='bbox 1003 2007 1139 2048; x_wconf 85' lang='lat' dir='ltr'>factae</span> <span class='ocrx_word' id='word_1_259' title='bbox 1163 2012 1260 2048; x_wconf 90' lang='lat' dir='ltr'>sunt</span> <span class='ocrx_word' id='word_1_260' title='bbox 1283 2021 1307 2049; x_wconf 85' lang='lat' dir='ltr'>a</span> <span class='ocrx_word' id='word_1_261' title='bbox 1323 2007 1488 2049; x_wconf 87' lang='lat' dir='ltr'>Christo</span> <span class='ocrx_word' id='word_1_262' title='bbox 1512 2009 1828 2061; x_wconf 75' lang='lat' dir='ltr'>promissiones.</span> <span class='ocrx_word' id='word_1_263' title='bbox 1852 2009 1929 2049; x_wconf 83' lang='lat' dir='ltr'>At-</span> 
     </span>
     <span class='ocr_line' id='line_1_28' title="bbox 193 2078 1929 2132; baseline 0 -12"><span class='ocrx_word' id='word_1_264' title='bbox 193 2080 264 2132; x_wconf 87' lang='lat' dir='ltr'>qui</span> <span class='ocrx_word' id='word_1_265' title='bbox 285 2079 527 2120; x_wconf 87' lang='lat' dir='ltr'>inductione</span> <span class='ocrx_word' id='word_1_266' title='bbox 549 2079 691 2131; x_wconf 83' lang='lat' dir='ltr'>liquet.</span> <span class='ocrx_word' id='word_1_267' title='bbox 714 2080 965 2131; x_wconf 87' lang='lat' dir='ltr'>praecipuas</span> <span class='ocrx_word' id='word_1_268' title='bbox 989 2079 1292 2131; x_wconf 85' lang='lat' dir='ltr'>promissiones</span> <span class='ocrx_word' id='word_1_269' title='bbox 1315 2078 1449 2120; x_wconf 84' lang='lat' dir='ltr'>factas</span> <span class='ocrx_word' id='word_1_270' title='bbox 1475 2091 1569 2120; x_wconf 90' lang='lat' dir='ltr'>esse</span> <span class='ocrx_word' id='word_1_271' title='bbox 1591 2079 1804 2120; x_wconf 88' lang='lat' dir='ltr'>Ecclesiae</span> <span class='ocrx_word' id='word_1_272' title='bbox 1828 2080 1929 2120; x_wconf 85' lang='lat' dir='ltr'>visi-</span> 
     </span>
     <span class='ocr_line' id='line_1_29' title="bbox 192 2148 1928 2203; baseline 0 -13"><span class='ocrx_word' id='word_1_273' title='bbox 192 2150 274 2190; x_wconf 90' lang='lat' dir='ltr'>bili.</span> <span class='ocrx_word' id='word_1_274' title='bbox 315 2150 377 2191; x_wconf 90' lang='lat' dir='ltr'>Ita</span> <span class='ocrx_word' id='word_1_275' title='bbox 404 2155 608 2202; x_wconf 85' lang='lat' dir='ltr'>perpetua</span> <span class='ocrx_word' id='word_1_276' title='bbox 632 2148 785 2190; x_wconf 87' lang='lat' dir='ltr'>Christi</span> <span class='ocrx_word' id='word_1_277' title='bbox 818 2154 859 2190; x_wconf 89' lang='lat' dir='ltr'>et</span> <span class='ocrx_word' id='word_1_278' title='bbox 881 2148 1060 2202; x_wconf 85' lang='lat' dir='ltr'>Spiritus</span> <span class='ocrx_word' id='word_1_279' title='bbox 1091 2163 1121 2190; x_wconf 92' lang='lat' dir='ltr'>s.</span> <span class='ocrx_word' id='word_1_280' title='bbox 1155 2150 1408 2200; x_wconf 76' lang='lat' dir='ltr'>assistentia,</span> <span class='ocrx_word' id='word_1_281' title='bbox 1441 2150 1621 2203; x_wconf 89' lang='lat' dir='ltr'>ideoque</span> <span class='ocrx_word' id='word_1_282' title='bbox 1657 2149 1928 2190; x_wconf 85' lang='lat' dir='ltr'>infallibilitas</span> 
     </span>
     <span class='ocr_line' id='line_1_30' title="bbox 192 2220 1925 2274; baseline -0.001 -12"><span class='ocrx_word' id='word_1_283' title='bbox 192 2225 404 2274; x_wconf 88' lang='lat' dir='ltr'>promissa</span> <span class='ocrx_word' id='word_1_284' title='bbox 427 2226 490 2261; x_wconf 90' lang='lat' dir='ltr'>est</span> <span class='ocrx_word' id='word_1_285' title='bbox 512 2220 727 2273; x_wconf 85' lang='lat' dir='ltr'>apostolis,</span> <span class='ocrx_word' id='word_1_286' title='bbox 750 2233 837 2262; x_wconf 91' lang='lat' dir='ltr'>non</span> <span class='ocrx_word' id='word_1_287' title='bbox 859 2225 1068 2273; x_wconf 87' lang='lat' dir='ltr'>quatenus</span> <span class='ocrx_word' id='word_1_288' title='bbox 1091 2225 1189 2261; x_wconf 89' lang='lat' dir='ltr'>sunt</span> <span class='ocrx_word' id='word_1_289' title='bbox 1206 2221 1319 2273; x_wconf 85' lang='lat' dir='ltr'>justi,</span> <span class='ocrx_word' id='word_1_290' title='bbox 1343 2224 1489 2269; x_wconf 84' lang='lat' dir='ltr'>sancti,</span> <span class='ocrx_word' id='word_1_291' title='bbox 1512 2221 1827 2273; x_wconf 87' lang='lat' dir='ltr'>praedestinati.</span> <span class='ocrx_word' id='word_1_292' title='bbox 1851 2221 1925 2261; x_wconf 88' lang='lat' dir='ltr'>sed</span> 
     </span>
     <span class='ocr_line' id='line_1_31' title="bbox 194 2291 1927 2345; baseline -0.001 -12"><span class='ocrx_word' id='word_1_293' title='bbox 194 2296 402 2345; x_wconf 88' lang='lat' dir='ltr'>quatenus</span> <span class='ocrx_word' id='word_1_294' title='bbox 424 2292 625 2332; x_wconf 86' lang='lat' dir='ltr'>docent</span> <span class='ocrx_word' id='word_1_295' title='bbox 647 2296 689 2332; x_wconf 92' lang='lat' dir='ltr'>et</span> <span class='ocrx_word' id='word_1_296' title='bbox 701 2291 863 2332; x_wconf 90' lang='lat' dir='ltr'>visibile</span> <span class='ocrx_word' id='word_1_297' title='bbox 886 2292 1164 2332; x_wconf 88' lang='lat' dir='ltr'>ministerium</span> <span class='ocrx_word' id='word_1_298' title='bbox 1181 2297 1400 2339; x_wconf 75' lang='lat' dir='ltr'>exercent3</span> <span class='ocrx_word' id='word_1_299' title='bbox 1423 2296 1612 2344; x_wconf 88' lang='lat' dir='ltr'>potestas</span> <span class='ocrx_word' id='word_1_300' title='bbox 1627 2291 1808 2333; x_wconf 86' lang='lat' dir='ltr'>clavium</span> <span class='ocrx_word' id='word_1_301' title='bbox 1823 2304 1927 2332; x_wconf 89' lang='lat' dir='ltr'>con-</span> 
     </span>
     <span class='ocr_line' id='line_1_32' title="bbox 193 2362 1925 2415; baseline -0.001 -11"><span class='ocrx_word' id='word_1_302' title='bbox 193 2375 315 2404; x_wconf 89' lang='lat' dir='ltr'>cessa</span> <span class='ocrx_word' id='word_1_303' title='bbox 345 2368 407 2404; x_wconf 89' lang='lat' dir='ltr'>est</span> <span class='ocrx_word' id='word_1_304' title='bbox 438 2362 495 2403; x_wconf 89' lang='lat' dir='ltr'>illi</span> <span class='ocrx_word' id='word_1_305' title='bbox 516 2362 740 2411; x_wconf 88' lang='lat' dir='ltr'>Ecclesiae,</span> <span class='ocrx_word' id='word_1_306' title='bbox 764 2362 818 2403; x_wconf 91' lang='lat' dir='ltr'>ad</span> <span class='ocrx_word' id='word_1_307' title='bbox 842 2374 968 2415; x_wconf 86' lang='lat' dir='ltr'>quam</span> <span class='ocrx_word' id='word_1_308' title='bbox 993 2362 1207 2404; x_wconf 85' lang='lat' dir='ltr'>deferendi</span> <span class='ocrx_word' id='word_1_309' title='bbox 1229 2368 1326 2403; x_wconf 89' lang='lat' dir='ltr'>sunt</span> <span class='ocrx_word' id='word_1_310' title='bbox 1348 2362 1499 2403; x_wconf 83' lang='lat' dir='ltr'>fratres</span> <span class='ocrx_word' id='word_1_311' title='bbox 1522 2367 1760 2414; x_wconf 86' lang='lat' dir='ltr'>peccantes,</span> <span class='ocrx_word' id='word_1_312' title='bbox 1794 2374 1925 2415; x_wconf 86' lang='lat' dir='ltr'>quae-</span> 
     </span>
     <span class='ocr_line' id='line_1_33' title="bbox 193 2432 1927 2486; baseline -0.001 -12"><span class='ocrx_word' id='word_1_313' title='bbox 193 2446 274 2486; x_wconf 90' lang='lat' dir='ltr'>que</span> <span class='ocrx_word' id='word_1_314' title='bbox 306 2433 383 2474; x_wconf 91' lang='lat' dir='ltr'>sub</span> <span class='ocrx_word' id='word_1_315' title='bbox 407 2434 553 2474; x_wconf 89' lang='lat' dir='ltr'>salutis</span> <span class='ocrx_word' id='word_1_316' title='bbox 584 2433 770 2486; x_wconf 89' lang='lat' dir='ltr'>periculo</span> <span class='ocrx_word' id='word_1_317' title='bbox 806 2438 868 2474; x_wconf 91' lang='lat' dir='ltr'>est</span> <span class='ocrx_word' id='word_1_318' title='bbox 891 2432 1121 2478; x_wconf 82' lang='lat' dir='ltr'>audienda;</span> <span class='ocrx_word' id='word_1_319' title='bbox 1155 2432 1331 2474; x_wconf 88' lang='lat' dir='ltr'>firmitas</span> <span class='ocrx_word' id='word_1_320' title='bbox 1353 2434 1531 2474; x_wconf 84' lang='lat' dir='ltr'>immota</span> <span class='ocrx_word' id='word_1_321' title='bbox 1553 2434 1764 2486; x_wconf 87' lang='lat' dir='ltr'>promissa</span> <span class='ocrx_word' id='word_1_322' title='bbox 1788 2439 1851 2474; x_wconf 90' lang='lat' dir='ltr'>est</span> <span class='ocrx_word' id='word_1_323' title='bbox 1872 2432 1927 2473; x_wconf 89' lang='lat' dir='ltr'>illi</span> 
     </span>
     <span class='ocr_line' id='line_1_34' title="bbox 194 2503 1925 2557; baseline 0 -13"><span class='ocrx_word' id='word_1_324' title='bbox 194 2504 418 2553; x_wconf 89' lang='lat' dir='ltr'>Ecclesiae,</span> <span class='ocrx_word' id='word_1_325' title='bbox 449 2504 491 2544; x_wconf 90' lang='lat' dir='ltr'>in</span> <span class='ocrx_word' id='word_1_326' title='bbox 531 2516 615 2556; x_wconf 89' lang='lat' dir='ltr'>qua</span> <span class='ocrx_word' id='word_1_327' title='bbox 646 2509 710 2544; x_wconf 90' lang='lat' dir='ltr'>est</span> <span class='ocrx_word' id='word_1_328' title='bbox 741 2508 930 2556; x_wconf 89' lang='lat' dir='ltr'>potestas</span> <span class='ocrx_word' id='word_1_329' title='bbox 964 2503 1157 2544; x_wconf 81' lang='lat' dir='ltr'>clavium.</span> <span class='ocrx_word' id='word_1_330' title='bbox 1197 2508 1388 2556; x_wconf 85' lang='lat' dir='ltr'>potestas</span> <span class='ocrx_word' id='word_1_331' title='bbox 1415 2504 1638 2556; x_wconf 84' lang='lat' dir='ltr'>judicialis,</span> <span class='ocrx_word' id='word_1_332' title='bbox 1671 2516 1780 2557; x_wconf 87' lang='lat' dir='ltr'>quae</span> <span class='ocrx_word' id='word_1_333' title='bbox 1811 2504 1925 2544; x_wconf 87' lang='lat' dir='ltr'>bono</span> 
     </span>
     <span class='ocr_line' id='line_1_35' title="bbox 193 2574 1926 2642; baseline -0.001 -26"><span class='ocrx_word' id='word_1_334' title='bbox 193 2575 385 2627; x_wconf 80' lang='lat' dir='ltr'>exemplo</span> <span class='ocrx_word' id='word_1_335' title='bbox 408 2580 471 2615; x_wconf 87' lang='lat' dir='ltr'>est</span> <span class='ocrx_word' id='word_1_336' title='bbox 494 2574 768 2615; x_wconf 84' lang='lat' dir='ltr'>aedificanda.</span> <span class='ocrx_word' id='word_1_337' title='bbox 800 2574 1010 2642; x_wconf 63' lang='lat' dir='ltr'>Legantur</span> <span class='ocrx_word' id='word_1_338' title='bbox 1042 2586 1093 2614; x_wconf 77' lang='lat' dir='ltr'>ex</span> <span class='ocrx_word' id='word_1_339' title='bbox 1117 2586 1173 2626; x_wconf 79' lang='lat' dir='ltr'>gr,</span> <span class='ocrx_word' id='word_1_340' title='bbox 1195 2574 1340 2615; x_wconf 86' lang='lat' dir='ltr'>Matth.</span> <span class='ocrx_word' id='word_1_341' title='bbox 1365 2577 1433 2623; x_wconf 76' lang='lat'>28,</span> <span class='ocrx_word' id='word_1_342' title='bbox 1460 2578 1532 2618; x_wconf 78' lang='lat'>19:</span> <span class='ocrx_word' id='word_1_343' title='bbox 1564 2575 1720 2615; x_wconf 77' lang='lat' dir='ltr'>Euntes</span> <span class='ocrx_word' id='word_1_344' title='bbox 1743 2588 1835 2628; x_wconf 66' lang='lat' dir='ltr'>erqo</span> <span class='ocrx_word' id='word_1_345' title='bbox 1859 2575 1926 2615; x_wconf 76' lang='lat' dir='ltr'>clo-</span> 
     </span>
     <span class='ocr_line' id='line_1_36' title="bbox 192 2645 1925 2707; baseline -0.001 -21"><span class='ocrx_word' id='word_1_346' title='bbox 192 2651 270 2688; x_wconf 79' lang='lat' dir='ltr'>cete</span> <span class='ocrx_word' id='word_1_347' title='bbox 301 2659 436 2686; x_wconf 77' lang='lat' dir='ltr'>omnes</span> <span class='ocrx_word' id='word_1_348' title='bbox 460 2650 611 2700; x_wconf 62' lang='lat' dir='ltr'>flentes,</span> <span class='ocrx_word' id='word_1_349' title='bbox 644 2645 902 2707; x_wconf 33' lang='lat' dir='ltr'>bctptxelzcmtes</span> <span class='ocrx_word' id='word_1_350' title='bbox 933 2659 998 2685; x_wconf 82' lang='lat' dir='ltr'>eos</span> <span class='ocrx_word' id='word_1_351' title='bbox 1021 2678 1028 2686; x_wconf 91' lang='lat'>.</span> <span class='ocrx_word' id='word_1_352' title='bbox 1055 2678 1061 2684; x_wconf 96' lang='lat'>.</span> <span class='ocrx_word' id='word_1_353' title='bbox 1088 2682 1093 2688; x_wconf 91' lang='lat'>.</span> <span class='ocrx_word' id='word_1_354' title='bbox 1120 2652 1154 2686; x_wconf 75' lang='lat' dir='ltr'>et</span> <span class='ocrx_word' id='word_1_355' title='bbox 1186 2660 1270 2686; x_wconf 86' lang='lat' dir='ltr'>ecce</span> <span class='ocrx_word' id='word_1_356' title='bbox 1300 2660 1369 2697; x_wconf 68' lang='lat' dir='ltr'>eqo</span> <span class='ocrx_word' id='word_1_357' title='bbox 1399 2646 1599 2687; x_wconf 66' lang='lat' dir='ltr'>vobiscum</span> <span class='ocrx_word' id='word_1_358' title='bbox 1627 2659 1717 2685; x_wconf 74' lang='lat' dir='ltr'>sum</span> <span class='ocrx_word' id='word_1_359' title='bbox 1740 2645 1925 2685; x_wconf 76' lang='lat' dir='ltr'>omnibus</span> 
     </span>
     <span class='ocr_line' id='line_1_37' title="bbox 193 2716 1923 2772; baseline -0.001 -16"><span class='ocrx_word' id='word_1_360' title='bbox 193 2717 332 2757; x_wconf 77' lang='lat' dir='ltr'>diebus</span> <span class='ocrx_word' id='word_1_361' title='bbox 352 2730 478 2771; x_wconf 74' lang='lat' dir='ltr'>usque</span> <span class='ocrx_word' id='word_1_362' title='bbox 501 2717 557 2757; x_wconf 80' lang='grc' dir='ltr'>αᾱ</span> <span class='ocrx_word' id='word_1_363' title='bbox 579 2717 966 2757; x_wconf 72' lang='lat' dir='ltr'>consummationem</span> <span class='ocrx_word' id='word_1_364' title='bbox 989 2716 1140 2766; x_wconf 65' lang='lat' dir='ltr'>seeul2·‚·</span> <span class='ocrx_word' id='word_1_365' title='bbox 1167 2719 1232 2765; x_wconf 77' lang='lat'>18,</span> <span class='ocrx_word' id='word_1_366' title='bbox 1260 2720 1331 2760; x_wconf 76' lang='lat'>17:</span> <span class='ocrx_word' id='word_1_367' title='bbox 1368 2717 1486 2766; x_wconf 73' lang='lat' dir='ltr'>Quod</span> <span class='ocrx_word' id='word_1_368' title='bbox 1508 2718 1544 2757; x_wconf 71' lang='lat' dir='ltr'>si</span> <span class='ocrx_word' id='word_1_369' title='bbox 1567 2716 1713 2772; x_wconf 80' lang='lat' dir='ltr'>(frater</span> <span class='ocrx_word' id='word_1_370' title='bbox 1735 2716 1804 2768; x_wconf 86' lang='lat' dir='ltr'>qui</span> <span class='ocrx_word' id='word_1_371' title='bbox 1827 2727 1923 2767; x_wconf 84' lang='lat' dir='ltr'>pec-</span> 
     </span>
     <span class='ocr_line' id='line_1_38' title="bbox 193 2787 1920 2841; baseline -0.002 -14"><span class='ocrx_word' id='word_1_372' title='bbox 193 2787 368 2841; x_wconf 83' lang='lat' dir='ltr'>caverit)</span> <span class='ocrx_word' id='word_1_373' title='bbox 401 2800 480 2827; x_wconf 78' lang='lat' dir='ltr'>non</span> <span class='ocrx_word' id='word_1_374' title='bbox 512 2787 692 2828; x_wconf 59' lang='lat' dir='ltr'>‹mallei-it</span> <span class='ocrx_word' id='word_1_375' title='bbox 723 2800 787 2827; x_wconf 79' lang='lat' dir='ltr'>eos</span> <span class='ocrx_word' id='word_1_376' title='bbox 813 2787 989 2841; x_wconf 70' lang='lat' dir='ltr'>(testes).</span> <span class='ocrx_word' id='word_1_377' title='bbox 1017 2787 1081 2828; x_wconf 82' lang='lat' dir='ltr'>dic</span> <span class='ocrx_word' id='word_1_378' title='bbox 1124 2787 1343 2828; x_wconf 74' lang='lat' dir='ltr'>Ecclesiae.</span> <span class='ocrx_word' id='word_1_379' title='bbox 1367 2789 1415 2830; x_wconf 73' lang='lat' dir='ltr'>Si</span> <span class='ocrx_word' id='word_1_380' title='bbox 1438 2793 1572 2829; x_wconf 63' lang='lat' dir='ltr'>atatem</span> <span class='ocrx_word' id='word_1_381' title='bbox 1597 2787 1817 2828; x_wconf 68' lang='lat' dir='ltr'>Ecclesiam</span> <span class='ocrx_word' id='word_1_382' title='bbox 1845 2800 1920 2825; x_wconf 73' lang='lat' dir='ltr'>non</span> 
     </span>
     <span class='ocr_line' id='line_1_39' title="bbox 194 2857 1923 2912; baseline -0.001 -15"><span class='ocrx_word' id='word_1_383' title='bbox 194 2857 385 2900; x_wconf 74' lang='lat' dir='ltr'>audierit.</span> <span class='ocrx_word' id='word_1_384' title='bbox 408 2859 462 2898; x_wconf 79' lang='lat' dir='ltr'>sit</span> <span class='ocrx_word' id='word_1_385' title='bbox 483 2857 557 2897; x_wconf 57' lang='lat' dir='ltr'>tibi</span> <span class='ocrx_word' id='word_1_386' title='bbox 578 2859 682 2898; x_wconf 66' lang='lat' dir='ltr'>sieut</span> <span class='ocrx_word' id='word_1_387' title='bbox 704 2857 885 2899; x_wconf 72' lang='lat' dir='ltr'>ethnicus</span> <span class='ocrx_word' id='word_1_388' title='bbox 907 2862 941 2897; x_wconf 79' lang='lat' dir='ltr'>et</span> <span class='ocrx_word' id='word_1_389' title='bbox 961 2857 1218 2911; x_wconf 74' lang='lat' dir='ltr'>publicanus.</span> <span class='ocrx_word' id='word_1_390' title='bbox 1251 2859 1383 2899; x_wconf 79' lang='lat' dir='ltr'>Amen</span> <span class='ocrx_word' id='word_1_391' title='bbox 1406 2859 1495 2899; x_wconf 79' lang='lat' dir='ltr'>(lico</span> <span class='ocrx_word' id='word_1_392' title='bbox 1519 2857 1640 2910; x_wconf 62' lang='lat' dir='ltr'>robis,</span> <span class='ocrx_word' id='word_1_393' title='bbox 1662 2870 1923 2912; x_wconf 67' lang='lat' dir='ltr'>quaecunque</span> 
     </span>
     <span class='ocr_line' id='line_1_40' title="bbox 192 2926 2150 2981; baseline -0.002 -13"><span class='ocrx_word' id='word_1_394' title='bbox 192 2928 463 2980; x_wconf 74' lang='lat' dir='ltr'>alliyaceritis</span> <span class='ocrx_word' id='word_1_395' title='bbox 486 2941 610 2981; x_wconf 77' lang='lat' dir='ltr'>super</span> <span class='ocrx_word' id='word_1_396' title='bbox 631 2934 801 2979; x_wconf 74' lang='lat' dir='ltr'>terram,</span> <span class='ocrx_word' id='word_1_397' title='bbox 827 2932 947 2968; x_wconf 75' lang='lat' dir='ltr'>erunt</span> <span class='ocrx_word' id='word_1_398' title='bbox 969 2928 1101 2981; x_wconf 70' lang='lat' dir='ltr'>Iiyata</span> <span class='ocrx_word' id='word_1_399' title='bbox 1123 2933 1159 2968; x_wconf 74' lang='lat' dir='ltr'>et</span> <span class='ocrx_word' id='word_1_400' title='bbox 1180 2929 1223 2968; x_wconf 45' lang='lat' dir='ltr'>‘in</span> <span class='ocrx_word' id='word_1_401' title='bbox 1247 2929 1350 2969; x_wconf 81' lang='lat' dir='ltr'>coelo</span> <span class='ocrx_word' id='word_1_402' title='bbox 1375 2928 1497 2975; x_wconf 50' lang='lat' dir='ltr'>etos</span> <span class='ocrx_word' id='word_1_403' title='bbox 1513 2933 1575 2975; x_wconf 70' lang='lat'>16.</span> <span class='ocrx_word' id='word_1_404' title='bbox 1602 2932 1674 2972; x_wconf 73' lang='lat' dir='ltr'>is:</span> <span class='ocrx_word' id='word_1_405' title='bbox 1705 2926 1763 2966; x_wconf 76' lang='lat' dir='ltr'>Tu</span> <span class='ocrx_word' id='word_1_406' title='bbox 1787 2940 1826 2966; x_wconf 77' lang='lat' dir='ltr'>es</span> <span class='ocrx_word' id='word_1_407' title='bbox 1849 2926 1920 2965; x_wconf 57' lang='grc' dir='ltr'>Ρο-</span> <span class='ocrx_word' id='word_1_408' title='bbox 2082 2963 2091 2969; x_wconf 81' lang='grc'>,</span> <span class='ocrx_word' id='word_1_409' title='bbox 2110 2938 2150 2980; x_wconf 60' lang='lat' dir='ltr'>,J</span> 
     </span>
     <span class='ocr_line' id='line_1_41' title="bbox 192 2959 2134 3071; baseline -0.002 -33"><span class='ocrx_word' id='word_1_410' title='bbox 192 3003 281 3038; x_wconf 78' lang='lat' dir='ltr'>trus</span> <span class='ocrx_word' id='word_1_411' title='bbox 303 3005 336 3037; x_wconf 76' lang='lat' dir='ltr'>et</span> <span class='ocrx_word' id='word_1_412' title='bbox 357 3011 480 3051; x_wconf 73' lang='lat' dir='ltr'>super</span> <span class='ocrx_word' id='word_1_413' title='bbox 501 2997 608 3038; x_wconf 77' lang='lat' dir='ltr'>lianc</span> <span class='ocrx_word' id='word_1_414' title='bbox 623 3004 788 3052; x_wconf 72' lang='lat' dir='ltr'>petram</span> <span class='ocrx_word' id='word_1_415' title='bbox 811 2998 1036 3050; x_wconf 72' lang='lat' dir='ltr'>aedificabo</span> <span class='ocrx_word' id='word_1_416' title='bbox 1058 2997 1284 3040; x_wconf 77' lang='lat' dir='ltr'>Ecclesiam</span> <span class='ocrx_word' id='word_1_417' title='bbox 1306 3013 1453 3053; x_wconf 65' lang='lat' dir='ltr'>meam,</span> <span class='ocrx_word' id='word_1_418' title='bbox 1480 3003 1515 3038; x_wconf 86' lang='lat' dir='ltr'>et</span> <span class='ocrx_word' id='word_1_419' title='bbox 1536 3005 1675 3053; x_wconf 68' lang='lat' dir='ltr'>poi-lae</span> <span class='ocrx_word' id='word_1_420' title='bbox 1699 2998 1820 3049; x_wconf 75' lang='lat' dir='ltr'>inferi</span> <span class='ocrx_word' id='word_1_421' title='bbox 1845 2959 2134 3071; x_wconf 47' lang='lat' dir='ltr'>nomm</span> 
     </span>
    </p>
   </div>
   <div class='ocr_carea' id='block_1_7' title="bbox 186 3060 2175 3298">
    <p class='ocr_par' dir='ltr' id='par_1_7' title="bbox 186 3060 2175 3298">
     <span class='ocr_line' id='line_1_42' title="bbox 186 3060 2150 3123; baseline -0.001 -16"><span class='ocrx_word' id='word_1_422' title='bbox 186 3068 483 3122; x_wconf 74' lang='lat' dir='ltr'>praevalebunt</span> <span class='ocrx_word' id='word_1_423' title='bbox 506 3068 702 3109; x_wconf 70' lang='lat' dir='ltr'>adversus</span> <span class='ocrx_word' id='word_1_424' title='bbox 723 3083 824 3110; x_wconf 79' lang='lat' dir='ltr'>eam.</span> <span class='ocrx_word' id='word_1_425' title='bbox 867 3068 921 3109; x_wconf 75' lang='lat' dir='ltr'>Et</span> <span class='ocrx_word' id='word_1_426' title='bbox 954 3069 1026 3108; x_wconf 74' lang='lat' dir='ltr'>tibi</span> <span class='ocrx_word' id='word_1_427' title='bbox 1050 3069 1153 3110; x_wconf 74' lang='lat' dir='ltr'>dabo</span> <span class='ocrx_word' id='word_1_428' title='bbox 1177 3070 1306 3110; x_wconf 75' lang='lat' dir='ltr'>claves</span> <span class='ocrx_word' id='word_1_429' title='bbox 1329 3071 1444 3123; x_wconf 63' lang='lat' dir='ltr'>reflui</span> <span class='ocrx_word' id='word_1_430' title='bbox 1467 3070 1677 3109; x_wconf 70' lang='lat' dir='ltr'>coeloram.</span> <span class='ocrx_word' id='word_1_431' title='bbox 1722 3067 1774 3107; x_wconf 71' lang='lat' dir='ltr'>Et</span> <span class='ocrx_word' id='word_1_432' title='bbox 1796 3067 1920 3119; x_wconf 67' lang='lat' dir='ltr'>quod·</span> <span class='ocrx_word' id='word_1_433' title='bbox 1945 3060 2150 3117; x_wconf 50' lang='lat' dir='ltr'>›sur-*⁴⁹⁸¹</span> 
     </span>
     <span class='ocr_line' id='line_1_43' title="bbox 1887 3172 2175 3207; baseline -0.003 -2"><span class='ocrx_word' id='word_1_434' title='bbox 1887 3172 2094 3207; x_wconf 44' lang='lat' dir='ltr'>*mh-tu.)</span> <span class='ocrx_word' id='word_1_435' title='bbox 2112 3188 2175 3204; x_wconf 61' lang='grc' dir='ltr'>»να-ι</span> 
     </span>
     <span class='ocr_line' id='line_1_44' title="bbox 1896 3228 2175 3298; baseline -0.011 -33"><span class='ocrx_word' id='word_1_436' title='bbox 1896 3228 2175 3298; x_wconf 54' lang='lat' dir='ltr'>rkmlaevd</span> 
     </span>
    </p>
   </div>
  </div>
 </body>
</html>
