2175 3382
284 156 332 195 16
451 151 571 183 'l'ract.
595 150 617 182 1.
638 148 820 192 Apologia
837 147 942 191 relig.
962 148 1088 182 christ.
1107 148 1236 182 Thesis
1259 147 1298 184 ll,
1318 147 1566 182 Rex-elationis
1585 148 1822 193 possibilitas.

277 272 529 321 pantheistas‚
554 270 708 313 deistas‚
734 270 1012 314 rationalisffls,
1036 270 1181 317 quihus
1207 270 1291 319 ipsa
1313 270 1411 307 ratio
1434 269 1519 307 sons
1543 270 1669 307 omnis
1690 271 1880 317 veritatis,
1909 284 2014 310 cone.

277 331 565 368 vaticanum
589 341 680 366 sess.
706 335 727 369 3
752 329 868 368 revel.
893 341 975 367 can.
1007 336 1035 368 1.
1060 326 1115 381 (n.
1141 326 1182 380 3)
1205 332 1244 366 et
1269 336 1314 369 3:
1348 328 1417 373 „Si
1440 328 1530 378 quis
1555 329 1709 374 dixerit,
1745 330 1940 368 hominem
1964 331 2011 368 ad

276 390 535 438 cognitionem
557 391 595 425 et
610 387 898 436 perfectionem,
922 401 1020 436 quae
1036 388 1256 425 naturalem
1273 391 1440 437 superet.
1464 387 1656 425 divinitus
1671 388 1783 426 evehi
1798 402 1875 427 non
1888 401 2011 439 posse,

276 448 340 485 sed
363 460 405 484 ex
432 448 557 495 seipso
580 447 627 483 ad
651 447 776 483 omnis
797 446 954 484 tandem
978 446 1060 484 veri
1083 449 1121 484 et
1143 447 1237 484 boni
1259 447 1540 496 possessionem
1558 447 1646 497 jugi
1670 448 1848 496 profectu
1861 449 2011 498 pertin-

275 519 364 556 gere
387 518 501 556 posse
523 509 561 543 et
585 505 724 543 debere
748 507 791 542 A.
816 505 850 542 S.

395 589 432 629 6.
462 585 842 629 Demonstratio.
885 583 943 624 Ex
976 584 1130 637 duplici
1161 586 1299 637 capite
1331 585 1568 637 impugnari
1591 590 1736 637 posset
1758 585 2013 638 possibilitas

277 656 550 698 revelationis
573 656 886 709 mysteriorum.
917 655 983 696 vel
1015 667 1065 697 ex
1089 668 1140 697 eo
1164 655 1277 708 quod
1299 655 1386 697 Deo
1410 656 1518 698 desit
1540 657 1692 698 modus
1715 657 2013 699 manifestandi

276 728 438 769 homini
462 727 676 780 mysteria,
699 727 765 768 vel
788 738 838 767 ex
863 738 914 768 eo
939 726 1052 779 quod
1074 727 1204 767 homo
1227 727 1281 767 sit
1302 727 1482 780 incapax
1507 739 1559 769 ea
1581 728 1849 780 percipiendi.
1872 727 2013 780 Quare

276 798 330 839 ad
352 798 504 839 thesim
529 797 807 838 evincendam
822 797 1006 850 probare
1029 796 1183 838 sufficit
1204 797 1347 839 etDeo
1370 810 1457 839 non
1479 798 1627 840 deesse
1651 799 1824 840 modum
1847 811 1899 841 ea
1921 811 2013 841 ma-

275 870 777 912 nifestandiethominem
793 869 1001 922 ejusmodi
1015 869 1286 911 revelationis
1300 881 1393 911 esse
1408 882 1622 922 capacem.
1645 869 1734 911 Deo
1757 882 1844 911 non
1865 870 2013 912 deesse

275 942 450 983 modum
474 942 687 994 mysteria,
720 952 830 994 quae
857 945 1029 993 captum
1052 944 1245 981 nostrum
1269 940 1488 989 excedant,
1519 940 1830 990 manifestandi,
1861 953 1937 994 per
1967 953 2013 983 se

275 1017 402 1066 patet.
446 1011 490 1053 Si
521 1012 632 1053 enim
661 1012 751 1064 jam
783 1012 912 1053 homo
946 1015 1088 1064 potest
1119 1011 1240 1052 alteri
1262 1010 1535 1053 manifestare
1558 1023 1659 1052 suas
1681 1012 1955 1064 cognitiones,
1988 1024 2014 1053 a

276 1084 437 1125 fortiori
460 1083 502 1124 id
524 1083 679 1136 poterit
694 1082 815 1131 Deus,
839 1083 910 1136 qui
932 1082 1095 1123 homini
1117 1082 1326 1135 ejusmodi
1349 1081 1593 1123 facultatem
1616 1083 1837 1124 concessit.
1869 1082 2012 1137 quue

276 1155 410 1207 magis
433 1154 543 1207 quod
560 1154 671 1195 Deus
686 1153 907 1195 hominum
931 1158 995 1194 est
1016 1153 1225 1201 dominus,
1247 1158 1380 1206 pater,
1403 1154 1625 1206 magister3
1648 1166 1735 1195 non
1756 1154 1898 1202 deeritv
1911 1166 2011 1208 ergo

275 1225 556 1277 omnipotenti
587 1225 629 1265 in
660 1237 737 1266 sua
769 1225 977 1278 sapientia
1009 1224 1162 1266 modus
1181 1226 1225 1280 ¹),
1258 1237 1341 1277 quo
1373 1230 1592 1278 tamquam
1624 1225 1821 1266 dominus
1851 1219 2012 1274 lfflini

276 1308 398 1337 servo
423 1307 593 1337 omnem
617 1308 739 1336 suam
761 1295 1023 1337 vOluntatem
1053 1294 1338 1345 manifestare,
1369 1300 1589 1349 tamquam
1621 1301 1743 1348 pater
1773 1296 1858 1338 filio
1888 1296 2012 1338 boni-

275 1367 373 1408 tatis
407 1379 510 1408 suae
542 1367 719 1408 consilia
750 1367 1080 1416 communicare,
1114 1371 1334 1419 tamquam
1366 1367 1566 1418 magister
1597 1366 1849 1420 discipulum
1871 1368 2012 1409 varias

275 1439 482 1492 utilesque
503 1440 706 1480 veritates
728 1438 883 1480 docere
906 1439 1050 1491 possit.

394 1521 621 1563 Hominem
643 1534 744 1563 vero
767 1521 1039 1563 revelationis
1063 1534 1223 1567 eorum,
1245 1534 1355 1575 quae
1379 1522 1470 1575 ejus
1494 1526 1697 1574 superant
1719 1527 1903 1576 captum,
1925 1535 2013 1564 non

276 1605 370 1635 esse
392 1594 655 1646 incapacem,
687 1598 855 1634 constat
887 1594 928 1637 1.
962 1605 1014 1634 ex
1039 1592 1164 1634 facto.
1207 1592 1403 1644 Quotidie
1427 1594 1539 1635 enim
1562 1594 1752 1647 magistri
1775 1593 1850 1645 (illi
1871 1594 2011 1639 etiam,

274 1664 345 1717 qui
377 1665 578 1717 mysteria
609 1664 822 1716 religionis
855 1664 1040 1705 maxime
1072 1665 1342 1720 aversantur)
1384 1664 1613 1717 discipulos
1647 1677 1748 1706 suos
1783 1664 1938 1706 docent
1971 1670 2014 1707 et

275 1735 445 1788 quidem
467 1747 554 1776 non
578 1735 740 1788 absque
762 1734 900 1776 fructu
923 1739 964 1776 et
985 1735 1165 1776 utilitate
1188 1736 1400 1785 veritates,
1433 1747 1543 1788 quae
1567 1736 1720 1777 horum
1743 1740 1914 1789 captum
1938 1748 2013 1778 ex-

275 1805 440 1854 cedunt,
475 1817 668 1858 quaeque
700 1811 797 1858 post
829 1818 1000 1847 omnem
1033 1806 1360 1858 explicationem
1382 1811 1559 1850 manent
1592 1807 1693 1859 ipsis
1727 1806 1937 1849 obscurae
1971 1812 2013 1848 et

275 1877 504 1928 analogicis
527 1881 692 1918 tantum
716 1877 992 1930 conceptibus
1015 1878 1192 1930 cogitari
1213 1882 1403 1930 possunt.
1445 1877 1541 1919 Non
1565 1882 1628 1920 est
1650 1878 1774 1930 igitur
1794 1878 1926 1919 homo
1948 1878 2012 1918 in-

275 1959 412 1999 capax
434 1947 719 1995 institutionis,
753 1960 837 2000 qua
868 1948 947 2000 ipsi
978 1948 1203 1989 traduntur
1234 1960 1296 1997 ea,
1329 1960 1439 2001 quae
1471 1949 1562 2001 ejus
1593 1949 1804 1990 excedunt
1829 1953 2013 2002 captum.

274 2019 318 2060 2.
347 2017 468 2059 Ratio
502 2022 576 2067 est,
609 2018 707 2071 quia
730 2019 773 2058 in
794 2019 984 2060 veritatis
1007 2019 1184 2072 alicujus
1207 2020 1448 2071 cognitione
1469 2020 1577 2061 varii
1598 2020 1766 2072 gradus,
1796 2020 1918 2072 plura
1949 2019 2013 2061 di-

275 2088 432 2141 stingui
454 2093 633 2141 possunt
656 2089 878 2138 elementa,
910 2102 1019 2143 quae
1043 2090 1282 2142 singillatim
1310 2095 1352 2132 et
1373 2091 1582 2144 gradatim
1606 2096 1939 2144 cognoscantur:
1970 2091 2013 2132 in

275 2159 420 2211 primis
444 2160 645 2201 factum
669 2172 744 2201 seu
766 2172 858 2201 rem
880 2161 939 2201 ita
961 2173 1007 2202 se
1030 2161 1190 2203 habere
1215 2162 1298 2217 (vel
1321 2162 1514 2215 subjecto
1538 2162 1767 2204 convenire
1789 2161 2012 2215 praedica-

275 2230 395 2285 tum),
430 2235 471 2271 et
505 2231 737 2281 modum,
773 2244 856 2284 quo
889 2244 957 2273 res
989 2244 1035 2273 se
1066 2232 1235 2277 habeat.
1283 2232 1486 2284 Quamvis
1518 2238 1661 2274 autem
1693 2233 1748 2274 ad
1780 2233 2013 2286 perfectam

274 2302 463 2342 veritatis
479 2303 764 2354 cognitionem
779 2304 1030 2355 requiratur,
1053 2308 1098 2344 ut
1120 2303 1278 2345 factum
1301 2309 1343 2345 et
1364 2304 1538 2345 modum
1562 2316 1872 2357 cognoscamus
1893 2315 2012 2346 eam-

276 2383 356 2423 que
372 2373 744 2424 apprehendamus
758 2374 944 2427 undique
966 2374 1071 2416 ideis
1094 2375 1219 2416 claris
1242 2380 1284 2417 et
1305 2388 1392 2417 non
1414 2381 1579 2417 tantum
1596 2376 1847 2428 analogicis;
1869 2381 2013 2417 tamen

276 2441 385 2482 sicut
406 2443 556 2484 melius
590 2449 653 2484 est
685 2444 841 2497 aliquid
865 2457 993 2498 quam
1016 2446 1118 2486 nihil
1140 2446 1372 2498 possidere,
1403 2447 1461 2488 ita
1493 2447 1668 2499 majoris
1690 2459 1859 2500 semper
1878 2447 2013 2500 pretii,

275 2512 477 2561 utilitatis,
505 2514 782 2566 jucunditatis
813 2521 887 2563 est,
921 2515 1077 2569 aliquid
1109 2517 1260 2558 saltem
1282 2529 1422 2567 nosse,
1454 2530 1583 2570 quam
1606 2530 1753 2559 crassa
1775 2518 2014 2571 ignorantia

275 2684 323 2729 pl
335 2685 347 2718 i
359 2696 377 2718 c
388 2695 406 2718 e
418 2697 452 2719 m
481 2685 718 2721 revelationis
736 2687 836 2721 velut
855 2688 1010 2726 gradum
1029 2688 1244 2734 distinguit:
1273 2689 1539 2723 revelationem
1565 2701 1589 2723 n
1601 2700 1621 2723 a
1632 2690 1648 2723 t
1660 2701 1682 2722 u
1694 2699 1742 2722 ra
1755 2699 1774 2722 e
1800 2693 1877 2732 (per
1903 2698 2014 2733 opera

277 2738 499 2775 creationis),
519 2750 544 2783 g·
554 2750 603 2772 ra
614 2742 629 2772 t
641 2739 653 2772 i
666 2751 686 2773 a
698 2751 716 2774 e
736 2750 800 2784 per
813 2741 921 2774 verba
933 2740 1137 2785 legatorum
1153 2741 1361 2775 divinorum
1374 2743 1482 2787 (quae
1496 2743 1609 2776 etiam
1624 2741 1828 2781 immedita,
1842 2740 2011 2785 positiva,

277 2790 566 2835 supernaturalis
580 2791 739 2838 dicitur),
755 2795 790 2827 et
811 2792 892 2836 glo
903 2793 942 2826 ri
956 2804 1004 2827 ae
1022 2800 1107 2837 (qua
1123 2794 1218 2828 Deus
1238 2805 1274 2828 se
1291 2795 1510 2830 manifestat,
1526 2806 1591 2839 per
1608 2795 1805 2829 essentiam
1816 2806 1931 2834 suam,
1949 2806 2013 2839 per

277 2843 540 2888 semetipsum),
561 2845 618 2878 cui
638 2846 676 2879 in
694 2846 843 2880 homine
862 2847 1063 2891 respondet
1082 2848 1217 2892 triplex
1235 2847 1372 2886 lumen,
1387 2860 1460 2892 quo
1475 2849 1576 2882 illius
1593 2848 1635 2882 fit
1653 2858 1779 2892 capax,
1801 2847 1923 2882 lumen
1937 2848 2013 2882 scil.

276 2909 294 2930 1·
306 2908 327 2930 a
337 2898 353 2930 t
366 2897 377 2930 i
390 2908 410 2931 ο
421 2910 445 2931 n
457 2897 468 2930 i
480 2909 508 2938 3,
527 2910 551 2943 g
562 2910 578 2931 1·
591 2909 610 2931 a
623 2900 637 2931 t
649 2899 661 2932 i
671 2910 691 2932 a
704 2908 721 2931 e
742 2909 802 2932 seu
823 2898 908 2932 fidei
927 2902 962 2933 et
981 2899 1061 2944 glo
1072 2900 1144 2934 ria
1157 2911 1186 2934 e.
1206 2900 1254 2934 Hi
1272 2903 1347 2934 tres
1364 2901 1501 2946 gradus
1517 2901 1676 2936 invicem
1693 2903 1959 2935 connectuntur
1977 2903 2015 2935 et

277 2949 345 2984 sibi
365 2950 665 2991 subordinantur,
685 2951 776 2985 adeo
794 2954 833 2984 ut
854 2951 934 2997 lege
952 2953 1139 2986 ordinaria
1158 2955 1337 2988 secundus
1354 2954 1513 2998 priorem
1531 2955 1806 2998 praesupponat
1824 2958 1861 2988 et
1880 2954 1926 2988 ad
1943 2956 2013 2988 ter-

276 3003 371 3037 tium
389 3007 584 3047 praeparet
603 3009 651 3044 (n.
671 3007 739 3038 635
758 3006 822 3051 ss.)
856 3004 908 3039 Cf.
928 3006 956 3039 G
971 3007 1055 3040 utb
1068 3005 1194 3040 erlet
1213 3006 1343 3041 Lehrb.
1363 3007 1427 3042 der
1445 3007 1670 3052 Apologetik
1689 3020 1723 3052 p.
1743 3011 1762 3041 2
1783 3019 1809 3041 3.
1831 3011 1860 3042 1.

421 3058 449 3101 1)
467 3056 597 3091 Varios
611 3057 749 3097 modos,
765 3058 901 3102 quibus
916 3059 1011 3093 Deus
1028 3059 1165 3104 alloqui
1180 3061 1298 3104 potsit
1313 3062 1528 3102 creaturam,
1542 3063 1705 3095 recenset
1721 3062 1752 3094 A
1764 3073 1787 3094 u
1798 3073 1823 3105 g
1833 3061 1957 3095 nstin
1967 3072 2013 3095 us

277 3118 382 3144 serm.
405 3113 444 3144 11
465 3109 512 3144 al.
535 3114 575 3145 16
594 3110 638 3144 de
656 3110 726 3144 div.
747 3123 781 3144 n.
800 3116 832 3145 4.
