2175 3382
854 137 1050 171 ministerii
1069 136 1319 171 ecclesiastici.
1867 137 1893 178 2
1902 140 1956 181 75

219 263 338 300 indoli
363 262 410 299 N.
433 261 486 306 T„
511 261 552 298 in
575 272 651 308 quo
674 260 844 309 perfecta
866 259 975 308 viget
997 271 1122 296 eoram
1146 259 1226 295 Deo
1249 257 1475 306 aequalitas,
1499 258 1634 294 nullus
1657 259 1717 294 est
1730 257 1955 303 famulatus,

219 322 351 359 fideles
373 334 395 358 a
416 321 496 357 Deo
519 320 605 369 ipso
628 319 795 356 interius
831 318 1112 355 instituuntur.
1155 317 1372 354 Provocant
1405 316 1485 353 scil.
1518 316 1565 353 ad
1597 316 1687 353 haec
1718 316 1781 353 vel
1813 315 1958 353 similia

221 381 443 429 Scripturae
465 378 713 416 testimonia:
746 378 797 415 Et
815 389 958 426 ponam
984 406 992 413 .
1015 406 1022 412 .
1049 406 1056 413 .
1081 377 1277 413 universos
1308 376 1406 423 filios
1427 380 1509 412 tuos
1531 375 1654 411 doctos
1677 388 1699 411 a
1722 375 1887 412 Domino
1907 317 2175 461 Isff

223 447 288 479 54.
319 445 390 478 13:
423 438 474 475 Et
495 450 570 475 non
607 437 746 474 docebit
768 437 871 473 ultra
906 437 962 472 cir
987 437 1214 483 prooeimum
1245 447 1357 471 suum
1389 438 1421 470 et
1455 435 1512 470 vir
1531 434 1702 485 fratrem
1732 446 1843 470 suam
1875 431 1957 485 (τὸν
1969 459 2051 506 μ
2152 443 2175 485 γ

219 499 385 552 πολίτην
407 494 545 549 αὐτοῦ)
569 497 719 533 dicens:
757 495 940 544 Coqnosce
963 494 1199 532 Dominum!
1229 493 1365 530 Omnes
1387 494 1485 529 enim
1507 496 1722 541 coynoscent
1744 505 1800 528 me
1831 506 1854 529 α
1886 474 2175 614 vti-ff

221 559 321 594 nimo
343 568 473 594 eorum
497 569 518 592 u
566 568 611 592 ue
633 556 684 592 ad
704 567 738 591 m
767 556 861 591 ⁸mimz
878 566 914 590 m
936 553 1014 590 Jer.
1041 559 1105 597 31,
1133 559 1208 597 343
1247 552 1342 589 Oves
1364 564 1467 588 meae
1491 563 1607 589 vocem
1629 563 1749 588 meam
1781 552 1954 595 audiunt,

220 621 251 653 et
274 628 335 666 eqo
360 567 1295 665 cognoscffss‘iz‘fflseffffinissfflemdmm
1332 611 1375 648 Si
1408 612 1493 659 quis
1526 615 1687 647 vestrum
1723 607 1864 659 indiyet
1894 596 1956 647 sa-

214 676 374 723 pientia,
393 674 559 722 postulet
581 686 604 710 a
626 673 720 720 Deo,
744 674 810 722 qui
831 673 897 709 dat
919 671 1091 708 omnibus
1113 671 1316 718 affluenter
1337 670 1417 706 Jac.
1446 677 1479 715 1,
1499 676 1518 709 5
1536 684 1543 714 ;
1568 669 1640 705 Sed
1661 681 1724 705 ros
1748 670 1954 706 unctionem

219 734 363 771 habetis
385 746 408 770 a
430 731 572 771 Sancto
595 737 626 769 et
648 733 766 769 nostis
788 732 915 768 omnia
938 763 946 770 .
972 760 978 766 .
1003 760 1009 766 .
1035 730 1084 766 Ec
1117 742 1188 767 non
1225 740 1367 766 necesse
1399 729 1553 776 habetis,
1591 733 1629 764 ut
1661 729 1801 777 aliquis
1832 729 1958 764 doceat

219 805 294 840 vos,
317 793 382 830 sed
403 793 500 829 sicut
521 792 648 828 unctio
671 791 751 839 ejus
773 792 875 827 docet
900 802 958 826 vos
998 790 1042 826 de
1065 789 1238 826 omnibus
1266 796 1298 828 1.
1321 787 1431 825 Joan.
1459 793 1493 831 2,
1521 793 1586 826 20.
1613 793 1677 827 27.
1702 789 1774 823 etc.
1818 787 1957 824 Contra

220 863 318 900 quos
341 850 551 888 ministerii
575 850 829 887 ecclesiastici
852 849 1125 886 necessitatem
1148 849 1320 892 tuentes,
1343 859 1421 883 non
1444 846 1643 894 loquimur
1665 846 1711 882 de
1725 845 1958 883 necessitate

220 911 410 956 absoluta,
445 909 512 947 sed
543 909 590 946 de
612 908 952 958 hypothetica
985 909 1068 944 orta
1090 908 1177 943 tum
1199 919 1243 944 ex
1275 906 1479 943 voluntate
1510 904 1763 949 institutoris,
1795 907 1882 941 tum
1913 917 1957 941 ex

220 969 417 1019 praesenti
437 981 569 1006 rerum
593 968 739 1013 ordine,
776 967 819 1004 in
841 979 918 1016 quo
941 966 1023 1003 sine
1045 966 1209 1015 perenni
1232 965 1419 1002 miraculo
1451 964 1628 1001 homines
1660 964 1700 1000 in
1733 964 1956 1001 societatem

220 1029 418 1066 visibilem
438 1028 654 1065 coalescere
675 1029 879 1075 nequeunt
901 1026 986 1063 sine
1008 1025 1157 1062 visibili
1178 1023 1409 1061 ministerio.

340 1111 439 1152 252.
463 1107 840 1151 Demonstratio.
882 1105 1101 1146 Ministerii
1125 1103 1399 1145 ecclesiastici
1422 1102 1656 1143 necessitas
1678 1102 1883 1154 probatur

343 1182 381 1223 1.
406 1178 738 1221 inductione.
774 1177 833 1218 De
856 1176 968 1217 facto
993 1176 1105 1217 enim
1120 1179 1299 1224 constat,
1320 1186 1399 1215 nec
1421 1174 1630 1215 exstitisse
1653 1185 1852 1226 unquam,
1878 1184 1956 1213 nec

222 1252 423 1292 exsistere
445 1250 574 1291 ullam
600 1249 664 1290 vel
697 1249 916 1289 minimam
939 1247 1198 1295 societatem,
1231 1246 1331 1298 quin
1362 1246 1405 1286 in
1436 1257 1487 1285 ea
1520 1244 1589 1285 alii
1620 1244 1822 1296 praesint,
1855 1243 1955 1284 sub-

221 1324 304 1363 sint
336 1321 418 1370 alii,
451 1332 630 1373 eamque
653 1320 953 1361 necessitatem
976 1329 1167 1359 crescere
1194 1329 1271 1369 pro
1296 1315 1586 1357 membrorum
1608 1326 1788 1356 numero
1821 1319 1862 1355 et
1893 1315 1955 1354 di-

221 1393 434 1441 versitate,
465 1404 542 1444 pro
565 1391 789 1432 duratione
813 1389 1040 1437 societatis,
1071 1401 1148 1441 pro
1180 1387 1273 1428 finis
1300 1385 1588 1439 consequendi
1611 1384 1855 1426 difficultate
1879 1391 1955 1428 etc.

221 1462 335 1504 Haec
359 1474 459 1516 vero
482 1462 714 1503 necessitas
737 1460 935 1502 fundatur
957 1460 999 1500 in
1021 1465 1201 1500 naturae
1215 1458 1428 1498 humanae
1443 1455 1760 1508 imperfectione
1783 1456 1955 1508 propria

223 1539 265 1575 et
285 1526 350 1574 ‘ad
380 1533 528 1574 vitium
559 1533 783 1585 pronitate,
815 1543 899 1584 qua
931 1543 1054 1571 suum
1077 1530 1253 1583 quisque
1272 1528 1475 1581 judicium
1498 1528 1713 1576 assectari,
1736 1539 1813 1567 suo
1837 1539 1955 1567 com-

223 1605 351 1646 modo
384 1604 565 1652 studere,
600 1604 736 1644 amori
769 1603 941 1655 proprio
974 1602 1150 1654 obsequi
1184 1605 1260 1644 etc.
1295 1600 1459 1640 nititur:
1495 1610 1591 1639 cum
1626 1610 1709 1651 qua
1744 1598 1955 1650 pronitate

223 1675 482 1728 conspiratio
517 1674 745 1715 multorum
782 1675 823 1714 in
858 1673 1084 1714 eundem
1119 1671 1245 1712 finem
1277 1670 1510 1723 iisdemque
1542 1669 1690 1710 mediis
1723 1669 1955 1710 consistere

223 1748 380 1800 nequit,
411 1747 491 1788 nisi
522 1747 615 1800 quis
638 1746 806 1799 praesit,
841 1746 911 1798 qui
942 1744 1158 1796 imprimat
1183 1755 1277 1783 cum
1302 1742 1555 1783 auctoritate
1577 1752 1652 1793 per
1674 1740 1846 1799 modum
1869 1740 1954 1780 for-

224 1831 319 1859 mae
352 1818 566 1871 quandam
597 1818 805 1859 unitatem
835 1815 1060 1864 mentibus,
1091 1813 1395 1861 voluntatibus,
1426 1811 1674 1853 actionibus.
1718 1810 1823 1852 Cum
1856 1822 1955 1863 ergo

223 1889 368 1941 religio
392 1889 626 1929 christiana
640 1892 838 1928 naturam
852 1887 1085 1927 humanam
1107 1897 1195 1926 non
1217 1889 1361 1933 mutet,
1385 1883 1578 1936 quamvis
1602 1894 1698 1923 eam
1723 1881 1893 1934 adjuvet
1915 1887 1955 1922 et

224 1959 426 2011 perficiat,
460 1958 614 2000 inferre
652 1958 866 2004 debemus,
901 1969 1038 2010 neque
1060 1956 1304 2003 Ecclesiam,
1339 1967 1436 1995 cum
1469 1954 1650 1994 societas
1686 1952 1857 1993 visibilis
1889 1953 1954 2002 sit,

226 2031 331 2071 citra
354 2030 632 2071 ministerium
656 2029 989 2070 ecclesiasticum
1013 2028 1215 2069 exsistere
1238 2038 1376 2079 posse,
1408 2036 1544 2077 eoque
1576 2025 1727 2072 minus,
1760 2023 1871 2076 quod
1904 2036 1956 2064 ea

223 2101 317 2142 loco
341 2100 592 2141 universalis
614 2105 657 2142 et
678 2104 868 2152 tempore
891 2103 1096 2152 perpetua
1128 2109 1220 2138 esse
1254 2096 1390 2146 dehet,
1422 2096 1596 2149 ejusque
1618 2095 1711 2136 finis
1735 2107 1863 2147 supra
1884 2107 1954 2135 ra-

224 2173 384 2213 tionem
406 2173 601 2224 viresque
624 2176 803 2213 naturae
827 2175 890 2212 est
914 2170 1087 2222 positus,
1131 2168 1248 2219 Quae
1270 2168 1400 2208 illatio

342 2244 383 2286 2.
416 2242 691 2283 confirmatur
722 2241 1042 2293 comparatione
1075 2251 1171 2279 cum
1199 2249 1490 2292 synagoga.
1534 2235 1736 2287 Quamvis
1768 2236 1880 2276 enim
1912 2249 1953 2278 a.

224 2325 440 2367 synagoga
461 2313 555 2353 loco
580 2317 620 2353 et
643 2312 866 2353 duratione
882 2316 994 2352 esset
1008 2309 1338 2361 circumscripta,
1360 2320 1436 2360 pro
1459 2319 1544 2347 una
1558 2310 1723 2347 tantum
1747 2310 1869 2358 gente
1892 2307 1954 2346 in-

224 2385 381 2432 stituta,
405 2388 446 2424 et
466 2385 512 2427 b.
535 2383 648 2424 Deus
671 2383 806 2424 eidem
822 2382 970 2423 mediis
985 2380 1343 2429 extraordinariis,
1366 2379 1504 2419 missis
1527 2377 1954 2429 subindeprophetis,

224 2455 484 2508 provideret3
510 2454 703 2507 quamvis
736 2466 777 2497 0.
808 2453 850 2493 in
881 2453 973 2504 ipsa
995 2451 1207 2492 credenda
1229 2450 1398 2503 quidem
1420 2449 1634 2502 pauciora,
1666 2447 1830 2500 agenda
1852 2459 1953 2488 vero

225 2527 337 2567 clare
359 2527 403 2567 in
423 2526 514 2578 lege
538 2524 710 2566 definita
736 2528 889 2572 essent,
920 2522 1197 2562 ministerium
1220 2525 1366 2561 tamen
1388 2524 1480 2561 erat
1502 2518 1804 2560 necessarium.
1846 2517 1952 2570 Ergo

225 2602 266 2638 et
287 2598 330 2638 in
351 2596 540 2638 Ecclesia
562 2597 640 2637 erit
661 2595 964 2642 necessarium,
986 2593 1071 2633 imo
1096 2605 1121 2633 a
1143 2591 1317 2640 fortiori,
1340 2591 1453 2644 quod
1475 2590 1663 2631 Ecclesia
1686 2589 1839 2631 debeat
1861 2600 1954 2630 esse

224 2673 416 2721 tempore
447 2671 664 2719 perpetua,
706 2666 800 2706 1000
831 2664 1094 2711 universalis,
1136 2667 1281 2715 totque
1313 2662 1502 2703 diversas
1535 2661 1758 2713 complecti
1789 2665 1954 2712 gentes;

226 2738 338 2791 quod
370 2737 584 2779 credenda
617 2737 864 2790 agendaque
896 2747 982 2776 000
1014 2734 1122 2775 adeo
1158 2734 1270 2774 clare
1305 2733 1388 2774 sint
1420 2726 1463 2773 in
1495 2731 1720 2784 Scripturis
1753 2742 1954 2783 expressa

226 2809 281 2864 (n.
308 2810 422 2865 118),
444 2820 523 2850 nec
546 2808 657 2849 Deus
680 2807 860 2860 amplius
882 2807 1021 2846 mittat
1043 2805 1283 2858 prophetas.

344 2880 387 2922 3.
419 2878 539 2919 Hanc
570 2879 868 2920 necessitatem
900 2890 930 2917 s.
954 2875 1109 2917 Paulus
1140 2875 1319 2916 illustrat
1350 2874 1547 2926 analogia
1569 2873 1758 2925 corporis
1780 2872 1954 2912 humani

227 2949 385 2990 docens
408 2949 687 2990 ministerium
709 2948 877 3001 requiri,
909 2959 962 2988 ne
994 2947 1047 2987 sit
1078 2945 1284 2986 schisma:
1316 2946 1430 2986 Deus
1452 2944 1691 2998 temperavit
1713 2956 1873 2996 corpas,
1906 2942 1953 2994 ei,

228 3021 293 3060 cai
315 3020 468 3072 deerat,
492 3019 837 3061 abundantiorem
860 3018 1075 3059 tribuendo
1096 3017 1302 3068 honorem,
1335 3021 1380 3057 ut
1411 3029 1490 3057 non
1524 3015 1576 3056 sit
1607 3014 1780 3055 schisma
1803 3015 1844 3053 ‘in
1870 3026 1953 3052 cor-

223 3104 339 3145 pore,
374 3091 444 3131 sed
474 3092 655 3145 idipsum
673 3104 753 3144 pro
775 3091 943 3131 invicem
967 3088 1141 3129 sollicita
1165 3089 1248 3128 sint
1268 3087 1450 3128 membra
1475 3119 1482 3127 .
1509 3119 1516 3127 .
1543 3119 1551 3126 .
1587 3085 1663 3126 Vos
1694 3088 1828 3125 autem
1860 3083 1955 3123 estis

1677 3156 1731 3186 18*
