2175 3382
263 132 338 169 14³·
617 121 737 154 'Pi-act.
759 120 798 155 11.
820 119 869 153 De
887 118 1098 153 traditione.
1118 118 1243 151 'rhesis
1265 117 1388 150 xxvi.
1411 117 1459 150 Dc
1480 119 1624 161 patrum

255 241 525 283 cidentalium
551 243 846 291 argumentum
870 242 933 278 cst
957 237 1295 289 praedicationis,
1330 235 1425 276 fidei
1453 239 1494 276 et
1516 235 1755 276 traditionis
1778 236 1992 278 Ecclesiae

255 313 473 354 orientalis
498 315 538 352 et
560 311 657 351 hinc
680 310 862 351 mediate
886 309 1098 349 Ecclesiae
1121 307 1384 349 universalis.
1428 305 1486 349 Cf.
1509 306 1675 359 egregia
1698 306 1868 348 Bessa
1883 308 1962 347 rio
1978 333 1995 339 -

255 385 337 425 nis
360 383 498 424 oratio
524 383 567 422 in
589 394 706 422 conc.
732 380 1034 421 florentino
1058 390 1091 418 c.
1116 382 1141 422 2
1165 377 1252 432 (Ha
1268 377 1334 417 rd.
1358 377 1423 419 IX.
1448 380 1532 421 319
1556 378 1628 431 ss.)

381 481 472 522 133.
508 477 675 519 leSiS
711 475 889 517 XXVI·
935 488 1229 527 conspiratio
1278 490 1473 528 patrum
1520 494 1718 519 munero
1765 486 1995 528 plurium,

256 553 349 585 imo
375 550 632 590 testificatio
667 556 929 589 paucorum
965 547 1242 588 quandoque
1276 549 1467 586 patrum
1507 545 1643 578 certis
1668 544 1719 577 in
1744 543 1996 585 adiunctis,

255 611 364 644 alie‘s
391 611 586 643 mt'no’me
613 607 987 644 reclamantibus,
1005 607 1155 638 tutum
1180 606 1370 647 praebet
1397 604 1668 638 traditionis
1693 604 1883 637 «livinae
1915 612 1996 636 ar-

256 671 546 711 (lanceatum.

380 747 738 791 Demonstratio
771 759 815 800 1).
849 746 886 788 I.
940 743 1142 785 Sufficere
1179 743 1231 783 ad
1267 742 1608 794 cognoscendam
1644 742 1829 782 divinam
1867 741 1996 782 tradi-

257 821 414 860 tionem
430 818 673 869 susfragium
689 816 870 868 plurium
893 820 1058 856 tantum
1081 818 1263 866 patrum,
1286 814 1360 855 sed
1382 814 1618 864 insignium,
1642 812 1792 853 ceteris
1817 825 1902 852 non
1927 824 1994 852 re-

258 889 550 933 clamantibus,
582 887 787 939 probatur
818 885 1031 927 luculenta
1063 886 1186 937 praxi
1219 885 1495 925 conciliorum
1517 884 1790 936 ipsorumque
1812 887 1996 935 patrum,

257 962 325 1013 qui
358 961 412 1001 ad
444 958 764 1011 comprobanda
796 957 997 1009 dogmata
1029 955 1242 996 catholica
1273 955 1558 1006 haeresesque
1591 953 1860 994 damnandas
1892 954 1995 994 satis

258 1044 349 1073 csse
373 1035 522 1084 putant
552 1029 736 1070 decem
768 1028 834 1068 vel
865 1027 1154 1068 duodecim
1188 1031 1355 1078 patrum
1378 1025 1632 1068 sententiam
1655 1024 1906 1073 adduxisse.-
1938 1025 1996 1065 ita

258 1102 438 1143 concilia
461 1101 802 1153 ephesinum,
826 1097 1292 1144 chalcedonense,
1317 1094 1996 1146 constantinopolitanum

260 1171 482 1218 111.et1V.,
515 1173 572 1212 ita
607 1171 942 1222 Augustinus
966 1169 1057 1212 adv.
1080 1167 1294 1209 Julianum
1317 1167 1338 1210 l.
1368 1169 1402 1215 1,
1434 1165 1819 1207 Theodoretus
1842 1167 1884 1206 in
1906 1167 1997 1206 dia-

257 1244 362 1295 logis
385 1242 517 1284 tribus
535 1256 567 1285 c.
583 1241 838 1294 Apollinaris
854 1251 1032 1289 errores,
1055 1238 1296 1292 Cyrillus
1321 1238 1425 1279 alex.
1448 1238 1490 1278 in
1512 1237 1535 1278 l.
1560 1237 1611 1277 de
1634 1241 1751 1277 recta
1774 1235 1866 1287 side,
1890 1235 1956 1277 Le
1971 1248 1996 1276 o

258 1315 307 1358 M.
331 1315 373 1355 in
396 1326 457 1366 ep.
485 1316 568 1357 18]ί
593 1313 645 1353 ad
667 1312 852 1353 Leonem
876 1311 1123 1362 Augustum,
1147 1309 1450 1350 Cassianus
1473 1309 1516 1348 in
1538 1321 1604 1360 op.
1627 1307 1679 1348 de
1701 1307 1996 1348 incarnatione

258 1399 291 1429 c.
314 1383 572 1427 Nestorium.
608 1382 864 1424 Gelasius
886 1382 912 1423 I.
945 1386 1065 1423 tract.
1089 1386 1114 1425 3
1147 1381 1198 1422 de
1225 1380 1389 1421 duabus
1412 1380 1575 1420 naturis
1598 1379 1639 1419 in
1663 1377 1757 1419 Chr.
1780 1391 1818 1421 n.
1845 1381 1894 1422 17
1921 1390 1996 1425 ss.;

258 1470 288 1497 s.
312 1456 522 1508 Agatho
555 1457 597 1495 in
629 1467 691 1507 ep.
716 1467 747 1499 c.
773 1454 984 1503 monoth.;
1017 1452 1390 1494 Damascenus
1428 1464 1486 1492 or.
1520 1463 1553 1491 c.
1586 1449 1891 1490 iconomachos
1918 1453 1996 1491 etc.

260 1526 317 1567 Cf.
333 1539 476 1579 opusc.
490 1526 558 1575 IX,
583 1528 668 1571 245
692 1540 745 1567 ss.
769 1530 912 1567 annot.
947 1524 1048 1576 Quis
1070 1536 1171 1565 vero
1196 1524 1318 1573 dicet,
1340 1523 1485 1575 primis
1509 1521 1721 1573 religionis
1736 1520 1994 1561 christianae

260 1598 412 1639 seculis
435 1602 628 1650 pastores
660 1597 941 1645 doctissimos
972 1596 1057 1636 imo
1090 1594 1270 1635 concilia
1302 1593 1578 1635 oecumenica
1610 1593 1829 1644 ignorasse
1860 1591 1994 1644 legiti-

260 1682 375 1710 mam
398 1668 643 1710 methodum
668 1667 878 1720 probandi
900 1666 1024 1708 fidem
1048 1666 1354 1706 christianam?
1397 1663 1504 1716 Ergo
1536 1663 1734 1704 universa
1766 1663 1997 1715 antiquitas
2031 1679 2035 1682 ·

261 1741 424 1781 censuit
440 1751 695 1780 consensum
711 1739 891 1791 plurium
914 1743 1079 1778 tantum
1102 1742 1281 1790 patrum,
1306 1736 1457 1777 ceteris
1480 1740 1624 1775 tamen
1646 1746 1732 1774 non
1754 1733 1996 1774 reclaman-

262 1811 385 1859 tibus,
408 1814 544 1851 tutum
567 1822 660 1851 esse
683 1810 921 1850 traditionis
944 1813 985 1850 et
1007 1808 1102 1849 fidei
1125 1808 1338 1848 revelatae
1363 1806 1589 1847 criterium.
1633 1803 1761 1857 CuJ'us
1792 1804 1853 1844 rei
1886 1804 1996 1844 hanc

260 1881 397 1923 reddit
418 1880 748 1921 Vincentius
771 1880 876 1921 lirin.
899 1880 950 1920 de
974 1892 1092 1920 conc.
1117 1879 1347 1931 ephesin
1362 1890 1385 1918 o
1410 1877 1622 1918 disserens
1644 1876 1854 1916 rationem
1871 1888 1903 1915 c.
1920 1879 1996 1919 30:

269 1953 560 2005 „Quamquam
585 1951 716 1992 multo
740 1951 921 2003 amplior
935 1951 1146 2003 majorum
1169 1961 1371 1990 numerus
1395 1948 1587 1989 adhiberi
1609 1947 1804 1999 potuerit,
1825 1947 1900 1987 sed
1923 1958 1997 1987 ne-

263 2035 381 2064 cesse
404 2035 490 2064 non
522 2021 607 2071 fuit,
640 2022 737 2074 quia
760 2033 897 2074 neque
920 2020 1186 2061 multitudine
1210 2021 1378 2060 testium
1402 2019 1558 2070 negotii
1580 2023 1775 2070 tempora
1798 2017 2000 2070 occupari

263 2093 499 2146 oportebat,
532 2098 572 2134 et
604 2094 751 2134 decem
784 2093 876 2133 illos
907 2105 994 2133 non
1026 2091 1138 2132 aliud
1168 2102 1268 2131 vere
1301 2091 1484 2131 sensisse
1508 2101 1637 2141 quam
1659 2092 1825 2129 ceteros
1848 2099 1997 2129 omnes

263 2164 444 2217 collegas
467 2177 567 2205 suos
590 2176 715 2205 nemo
739 2163 997 2204 dubitabat.“
1048 2161 1161 2204 Sane
1184 2163 1320 2214 ipsum
1345 2161 1524 2202 aliorum
1548 2160 1759 2200 silentium
1783 2163 1847 2200 est
1869 2171 1998 2199 con-

263 2236 543 2276 sensionis
575 2235 752 2286 signum,
785 2246 882 2275 cum
915 2245 966 2274 ex
997 2233 1176 2274 historia
1207 2232 1452 2283 dogmatum
1485 2231 1653 2283 liqueat,
1685 2235 1828 2283 patres
1850 2229 1998 2271 solitos

264 2318 350 2347 non
373 2305 499 2347 fuisse
522 2305 656 2353 silere,
679 2305 715 2345 si
737 2306 828 2357 quis
852 2316 1032 2357 magnae
1056 2304 1183 2345 etiam
1208 2303 1472 2345 auctoritatis
1495 2303 1557 2343 vir
1580 2301 1818 2342 doctrinam
1843 2300 1896 2341 ab
1920 2300 1997 2341 Ec-

265 2377 419 2418 clesiae
442 2376 760 2429 praedicatione
782 2376 999 2416 dissonam
1022 2375 1326 2427 proposuisset.

387 2494 477 2527 134.
500 2482 836 2526 Corollariulll.
880 2485 1082 2522 Immerito
1105 2484 1231 2534 igitur
1254 2484 1418 2533 exigunt
1439 2484 1715 2532 protestantes,
1747 2486 1793 2520 ut
1815 2483 1999 2532 dogmata

266 2548 509 2584 controversa
530 2558 573 2582 ex
596 2544 871 2582 vetustissimis
902 2544 1118 2592 primorum
1148 2543 1370 2580 seculorum
1403 2543 1583 2591 patribus
1617 2542 1845 2590 probentur.
1888 2541 1998 2586 Quod

264 2605 405 2643 invicte
428 2604 600 2642 ostendit
622 2603 879 2641 Petavius.
922 2603 1022 2640 Nam
1044 2605 1250 2651 postquam
1282 2602 1508 2651 provocavit
1539 2602 1586 2638 ad
1619 2613 1720 2638 conc.
1753 2600 1998 2649 ephesinum,

265 2664 368 2713 quod
391 2664 432 2700 in
454 2662 717 2700 controversia
748 2662 932 2699 adversus
965 2662 1220 2706 nestorianos,
1258 2674 1353 2698 num
1382 2661 1486 2698 Deus
1518 2663 1638 2697 natus
1670 2659 1722 2697 sit
1753 2672 1797 2696 ex
1828 2659 1995 2709 virgine,

265 2723 417 2771 aliquot
437 2724 605 2770 patrum,
629 2733 796 2769 quorum
819 2721 1112 2758 vetustissimus
1136 2722 1219 2757 erat
1241 2720 1338 2769 Cyp
1351 2719 1544 2764 rianus‚
1568 2719 1734 2756 adduxit
1755 2718 1996 2763 testimonia,

266 2782 340 2819 ista
361 2783 625 2830 protestantes
649 2780 695 2817 de
717 2780 863 2816 incarn.
886 2780 984 2825 XVI,
1014 2787 1060 2819 15
1088 2778 1318 2827 compellat:
1354 2778 1495 2823 „Nunc
1527 2778 1628 2814 illud
1659 2777 1789 2822 velim,
1822 2780 1869 2814 ut
1900 2777 1997 2814 mihi

265 2841 528 2889 respondeant
549 2839 768 2883 adversarii,
792 2841 924 2875 utrum
948 2839 1172 2875 existiment
1193 2838 1387 2886 synodum
1409 2837 1528 2881 iliam,
1553 2837 1645 2885 quia
1667 2837 1799 2873 nullos
1823 2836 2000 2884 priorum

266 2900 485 2937 seculorum
508 2899 781 2946 suffragatores
803 2897 949 2934 decreti
972 2897 1035 2934 sui
1057 2897 1231 2946 proferre
1253 2899 1418 2945 poterat,
1442 2896 1679 2933 recentiores
1701 2897 1741 2932 et
1761 2895 1895 2944 paucis
1909 2897 1998 2932 ante

267 2972 307 2996 se
330 2958 442 2996 annis
464 2959 640 2995 mortuos
663 2956 880 2997 advocasse,
915 2969 965 2993 an
986 2968 1072 2993 cum
1096 2956 1191 2993 alios
1213 2955 1454 3003 antiquiores
1476 2955 1676 2992 nominare
1707 2956 1853 3003 posset,
1889 2953 1999 2991 novis

266 3018 350 3055 istis
373 3020 509 3066 utpote
531 3016 680 3053 idoneis
702 3015 825 3052 fuisse
847 3016 1097 3052 contentam?
1119 3015 1269 3052 Horum
1290 3017 1426 3052 utrum
1448 3014 1629 3058 dixerint,
1652 3015 1739 3050 tum
1760 3025 1912 3050 causam
1927 3024 1996 3049 no-

267 3079 388 3114 stram
411 3075 665 3124 adjuvabunt,
688 3077 774 3111 tum
797 3074 1026 3111 deteriorem
1050 3073 1195 3110 facient
1217 3086 1338 3114 suam,
1383 3073 1480 3109 Nam
1517 3072 1549 3109 si
1572 3084 1684 3109 nemo
1707 3071 1785 3109 fuit
1805 3072 1999 3109 Ecclesiae
