2175 3382
250 162 332 200 5313
455 156 571 191 'Fi-act.
593 155 651 188 IV.
671 156 715 188 (lc
734 154 813 188 fide.
832 154 958 188 'l'hcsis
980 154 1147 191 LXXXV,
1169 154 1338 188 Rationis
1357 155 1451 188 circa
1471 154 1578 188 fidem
1597 166 1760 190 munera.

250 278 508 326 pulcherrime
532 278 683 314 disserit
708 277 1017 314 Vincentius·
1050 276 1247 313 lirinensis
1269 276 1492 315 commonit.
1516 289 1545 314 e.
1572 282 1635 317 23.
1681 277 1783 322 Quid
1815 290 1904 316 vero
1937 279 1983 316 de

249 338 317 374 hoc
341 337 578 384 profectu
601 337 654 373 sit
676 336 887 374 tenendum
911 335 1083 384 quidque
1107 335 1332 378 cavendum.
1357 335 1526 373 diximus
1550 349 1586 373 n.
1612 343 1682 376 151
1714 350 1755 383 s.‚
1779 337 1849 374 ubi
1865 337 1982 375 habes

247 398 284 433 ct
309 396 423 433 verba
446 408 549 432 conc.
573 395 804 432 vaticani
827 395 874 432 de
897 395 966 432 hoc
989 407 1148 431 munere
1170 394 1342 432 rationis.

365 490 405 530 (ἰ.
429 487 620 527 Rationis
644 491 707 528 est
729 488 927 528 veritates
951 487 1160 527 revelatas
1175 487 1434 538 argumentis
1459 487 1567 538 aptis
1591 499 1642 528 ex
1666 487 1770 529 locis
1792 500 1867 530 seu
1891 488 1983 530 fon-

250 558 360 598 tibus
383 558 629 610 theologicis
652 559 814 599 haustis
837 557 1120 610 comprobare
1143 561 1184 598 et
1206 556 1406 606 stabilire,
1429 558 1542 610 quod
1566 557 1722 599 tactum
1747 570 1840 600 esse
1863 560 1984 601 theo-

246 629 381 680 logiae
403 629 581 670 historia
604 629 797 670 ostendit.
841 629 1033 670 Rationis
1057 628 1237 681 denique
1260 633 1331 669 est

367 713 406 756 7.
431 711 632 764 dogmata
654 712 761 752 tueri
785 711 987 752 adversus
1011 711 1282 762 exceptiones
1306 723 1467 758 omnes,
1491 711 1607 764 quod
1630 716 1774 762 patres
1797 715 1839 753 et
1860 712 1983 753 theo-

246 782 329 834 logi
352 783 591 823 seculorum
617 783 805 823 omnium
829 783 993 834 egregie
1016 782 1330 834 praestiterunt.
1361 781 1508 832 „Fides
1532 787 1693 831 nostra,
1717 781 1862 823 scribit
1882 782 1985 823 An-

247 853 321 893 sel
337 866 448 893 mus
471 853 501 893 II
526 865 588 905 ep.
611 857 679 900 41,
711 859 861 895 contra
891 854 1043 906 impios
1065 854 1231 895 ratione
1254 853 1520 895 defendenda
1553 858 1616 895 est
1639 887 1647 894 .
1671 887 1678 895 .
1703 888 1710 895 .
1743 855 1821 896 illis
1853 857 1984 897 ratio-

247 923 442 965 nabiliter
465 924 774 965 ostendendum
807 930 881 975 est,
913 937 1041 977 quam
1064 925 1261 966 irratio
1276 924 1547 966 nabiliter
1569 938 1648 966 nos
1671 930 1985 969 contemnant.“

367 1022 493 1066 „Nam
527 1023 773 1068 christianus,
807 1024 1058 1072 prosequitur
1086 1024 1151 1068 ib„
1182 1036 1250 1072 per
1281 1023 1396 1060 fidem
1419 1023 1536 1060 debet
1557 1023 1604 1060 ad
1627 1023 1873 1061 intellectum
1895 1035 1984 1073 pro-

248 1082 371 1122 ficere,
404 1093 483 1118 non
515 1094 583 1130 per
615 1082 863 1119 intellectum
895 1083 942 1119 ad
972 1082 1086 1119 fidem
1110 1083 1299 1128 accedere,
1333 1085 1402 1120 aut
1423 1085 1454 1121 si
1476 1083 1698 1132 int-elligere
1720 1095 1800 1121 non
1822 1083 1940 1128 valet,
1963 1096 1986 1121 a

247 1141 321 1177 tide
344 1140 533 1178 recedere.
578 1141 651 1178 Sed
674 1153 761 1178 cum
790 1142 837 1178 ad
859 1142 1106 1179 intellectum
1128 1143 1233 1179 valet
1254 1142 1487 1192 pertingere,
1513 1142 1750 1186 delectatur;
1783 1154 1872 1179 cum
1894 1155 1984 1181 vero

247 1200 397 1248 nequit,
423 1201 524 1247 quod
548 1212 681 1248 capere
705 1213 781 1237 non
803 1203 944 1250 potest,
968 1204 1217 1239 veneratui-.«
1233 1225 1288 1229 —
1303 1202 1348 1238 In
1371 1202 1538 1239 eundem
1561 1213 1719 1238 sensum
1746 1201 1883 1239 scribit
1905 1202 1985 1239 HA·

247 1259 413 1296 larius
436 1259 482 1295 de
506 1259 644 1298 Trinit.
667 1260 750 1301 XII,
777 1266 827 1299 20
853 1260 982 1297 citatis
1006 1261 1146 1298 Coloss.
1171 1267 1206 1305 ⁴2,
1234 1267 1255 1301 8
1281 1273 1330 1298 s.:
1358 1288 1374 1305 »
1387 1261 1607 1298 Cavendum
1630 1261 1755 1310 igitur
1778 1261 1986 1298 adversum

247 1318 533 1366 philosophiam
565 1321 636 1364 est,
670 1322 707 1356 et
740 1320 1001 1357 humanarum
1033 1320 1291 1357 traditionum
1323 1333 1402 1357 non
1434 1323 1515 1357 tam
1538 1319 1722 1357 evitanda
1744 1324 1835 1357 sunt
1856 1321 1987 1358 studia

249 1390 363 1425 quam
396 1377 615 1416 refutanda.
658 1378 794 1426 Neque
826 1379 928 1415 enim
960 1380 1021 1416 his
1044 1380 1098 1416 ita
1120 1380 1408 1417 concedendum
1432 1382 1502 1425 est,
1536 1379 1649 1427 quasi
1670 1379 1832 1416 vincant
1852 1379 1986 1428 potius

249 1450 365 1484 quam
389 1436 547 1473 fallant:
571 1437 664 1485 quia
686 1450 754 1475 nos
778 1438 977 1476 Christum
993 1439 1061 1475 Dei
1083 1439 1274 1476 virtutem
1296 1442 1336 1476 et
1358 1439 1428 1475 Dei
1450 1439 1681 1487 sapientiam
1702 1439 1985 1487 praedicantes,

248 1508 417 1543 aequum
439 1497 497 1532 est
519 1496 707 1533 humanas
730 1497 923 1534 doctrinas
945 1511 1022 1535 non
1045 1501 1125 1534 tam
1147 1497 1348 1547 diffugere,
1373 1511 1488 1546 quain
1504 1498 1693 1542 refellere,
1719 1502 1759 1534 et
1773 1498 1986 1547 simplicio-

247 1567 319 1600 res,
353 1567 400 1591 ne
431 1555 479 1591 ab
510 1555 569 1592 his
601 1555 834 1603 spolientur,
868 1562 907 1593 et
937 1557 1140 1594 obstruere
1173 1561 1212 1594 et
1241 1559 1437 1594 instruere
1461 1587 1467 1593 .
1492 1589 1499 1596 .
1524 1587 1530 1593 .
1563 1557 1696 1594 Fidem
1728 1569 1808 1595 non
1839 1558 1987 1595 nudam

249 1614 448 1661 apostolus
481 1616 600 1663 atque
631 1615 787 1663 inopem
814 1616 976 1653 rationis
998 1616 1162 1664 reliquit
1185 1613 1239 1668 (2.
1263 1617 1343 1653 Cor.
1374 1624 1436 1659 10,
1463 1623 1486 1656 4
1511 1613 1570 1668 s).
1594 1629 1693 1664 quae
1717 1617 1895 1664 quamvis
1918 1629 1986 1665 po-

246 1673 396 1710 tissima
429 1673 475 1710 ad
499 1674 664 1710 salutem
701 1675 764 1720 sit,
797 1678 928 1712 tamen
951 1675 1028 1712 nisi
1049 1688 1118 1724 per
1140 1675 1358 1713 doctrinam
1380 1676 1613 1719 instruatur,
1647 1675 1806 1712 habebit
1827 1676 1987 1724 quidem

247 1731 351 1768 inter
373 1732 532 1770 adversa
554 1735 689 1769 tutum
720 1734 943 1783 refugiendi
966 1747 1171 1780 recessum,
1205 1748 1282 1772 non
1305 1735 1422 1771 etiam
1443 1734 1631 1772 retinebit
1652 1737 1894 1772 constantem
1918 1735 1986 1772 ob-

247 1791 399 1828 nitendi
431 1792 681 1830 securitatem
708 1822 716 1830 .
741 1823 748 1829 .
773 1825 780 1832 .
813 1793 1116 1831 Contundendae
1149 1796 1244 1831 sunt
1273 1806 1365 1843 ergo
1397 1794 1611 1831 insolentes
1642 1794 1829 1831 adversus
1862 1795 1987 1831 Deum

248 1850 533 1898 disputationes
566 1854 606 1888 et
637 1851 873 1889 destruenda
902 1853 1100 1890 rationum
1126 1853 1323 1890 fallacium
1345 1853 1590 1890 munimenta
1611 1856 1650 1890 et
1672 1854 1822 1890 elevata
1843 1853 1891 1890 ad
1913 1854 1988 1890 im-

247 1910 432 1957 pietatem
455 1910 613 1958 ingenia
635 1911 907 1949 conterenda«
934 1935 974 1939 -
997 1939 1013 1956 ‚‚
1026 1913 1119 1950 Cum
1143 1915 1189 1949 tu
1210 1925 1293 1950 eam
1310 1910 1560 1965 (sapientiam
1582 1911 1860 1963 christianam),
1877 1913 1988 1950 addit

247 1969 292 2005 ad
314 1981 396 2005 rem
419 1969 647 2007 Clemens
669 1971 764 2007 alex.
790 1971 972 2012 Sti-omat.
995 1972 1019 2008 l.
1049 1979 1063 2011 1
1092 1984 1121 2009 c,
1148 1979 1182 2016 5,
1217 1971 1463 2021 philosophia
1484 1974 1524 2008 et
1545 1972 1671 2009 multo
1694 1972 1881 2020 prudenti
1902 1984 1983 2009 rec-

246 2030 364 2075 toque
396 2028 587 2076 ejusmodi
621 2032 794 2078 sumptu,
826 2034 1029 2079 tamquam
1050 2031 1181 2077 lorica,
1216 2031 1413 2072 munieris.
1448 2030 1632 2079 sophistis
1654 2031 1886 2068 inaccessam
1909 2043 1987 2068 ser-

247 2087 394 2124 vabisf‘
437 2088 487 2124 Et
518 2100 547 2124 c.
574 2094 650 2127 20:
683 2090 782 2132 „Est
813 2090 974 2138 quidem
1005 2103 1075 2138 per
1106 2103 1146 2127 se
1177 2092 1347 2139 perfecta
1379 2092 1418 2126 et
1439 2090 1591 2127 nullius
1615 2090 1751 2140 indiga
1774 2090 1986 2128 Salvatoris

247 2145 431 2191 doctrina,
465 2158 553 2184 cum
586 2147 636 2184 sit
659 2147 728 2185 Dei
752 2149 875 2186 virtus
902 2152 941 2186 et
963 2149 1167 2198 sapientia.
1210 2149 1407 2186 Accedens
1431 2151 1561 2186 autem
1585 2161 1721 2198 graeca
1742 2149 1988 2198 philosophia

246 2217 324 2241 non
341 2205 545 2242 veritatem
568 2206 660 2243 facit
680 2208 954 2256 potentiorem,
979 2209 1045 2245 sed
1068 2220 1156 2245 cum
1179 2209 1326 2246 debiles
1349 2207 1493 2245 efficiat
1514 2209 1779 2256 sophistarum
1802 2208 1987 2246 adversus

247 2275 329 2300 eam
361 2266 720 2313 argumentationes
752 2271 791 2304 et
821 2268 1024 2316 propulset
1057 2268 1208 2305 dolosas
1235 2268 1422 2304 adversus
1446 2267 1651 2304 veritatem
1673 2267 1850 2311 insidias,
1881 2267 1988 2305 dicta

247 2325 307 2359 est
323 2322 459 2360 vineae
474 2327 565 2372 apta
579 2337 686 2373 sepes
700 2337 743 2362 ac
757 2327 915 2363 vallum.
927 2332 944 2350 α
968 2327 1067 2364 Vere
1081 2339 1171 2376 ergo
1188 2327 1330 2364 statuit
1342 2328 1375 2363 A
1387 2339 1414 2363 u
1425 2339 1451 2376 g
1462 2340 1489 2363 u
1501 2339 1517 2363 s
1532 2327 1571 2363 ti
1585 2339 1651 2363 nu
1663 2339 1680 2363 s
1704 2327 1750 2364 de
1765 2327 1871 2364 Trin.
1886 2326 1984 2374 XIV,

252 2389 265 2420 1
288 2395 295 2417 :
322 2408 339 2425 »
350 2382 450 2419 Huic
473 2383 658 2421 scientiae
680 2385 874 2422 tribuitur
894 2386 1006 2431 illud,
1039 2387 1143 2434 quod
1165 2386 1260 2423 fides
1283 2386 1539 2422 saluberrima
1555 2415 1564 2422 .
1579 2415 1610 2422 ..
1633 2386 1824 2435 gignitur,
1856 2385 1986 2423 nutri-

246 2444 325 2486 tur,
358 2441 584 2479 defenditur
616 2447 654 2480 et
685 2444 902 2483 roboratur.
914 2451 930 2468 «
975 2445 1035 2482 Ad
1066 2458 1181 2493 quem
1215 2445 1239 2481 l.
1262 2447 1375 2482 notat
1398 2457 1427 2482 s.
1449 2445 1658 2482 Thomas
1684 2451 1719 2484 ⁶2.
1746 2452 1766 2485 2
1791 2458 1828 2494 q.
1853 2452 1874 2484 6
1900 2459 1936 2482 a.
1969 2453 1977 2483 1

247 2499 293 2535 ad
323 2507 335 2539 1
356 2513 362 2536 :
399 2501 653 2544 »Dicendum
688 2503 792 2550 quod
814 2517 884 2552 per
916 2504 1119 2541 scientiam
1149 2504 1327 2554 gignitur
1358 2503 1452 2541 fides
1475 2506 1514 2540 et
1535 2504 1716 2541 nutritur
1736 2517 1806 2552 per
1826 2504 1986 2541 modum

247 2559 450 2596 exterioris
483 2562 756 2608 persuasionis,
789 2575 888 2611 quae
911 2563 956 2600 fit
987 2564 1034 2600 ab
1057 2564 1189 2611 aliqua
1211 2563 1392 2600 scientia:
1427 2563 1494 2600 sed
1516 2563 1745 2611 principalis
1767 2565 1807 2600 et
1827 2563 1987 2612 propria

247 2629 363 2654 causa
384 2618 474 2655 fidei
498 2621 555 2656 est
578 2619 628 2665 id,
654 2621 757 2668 quod
780 2621 948 2660 interius
971 2625 1100 2660 movet
1122 2623 1170 2659 ad
1192 2622 1525 2661 assentiendum«

246 2774 336 2807 tatis
356 2774 535 2808 motivum
554 2775 599 2808 ad
618 2775 726 2808 fidem
745 2776 941 2819 disponens
960 2779 997 2811 et
1015 2777 1213 2812 inducens:
1241 2778 1280 2812 d.
1298 2777 1495 2811 incredulis
1514 2777 1708 2812 obturatur
1727 2789 1766 2812 os
1786 2788 1830 2812 ne
1847 2779 1984 2812 temere

248 2828 426 2871 spernant
445 2827 527 2860 fidei
546 2827 763 2862 doctrinam.
801 2830 925 2863 lnnuit
943 2831 1054 2864 ctiam
1072 2832 1108 2866 3.
1137 2843 1151 2864 s
1164 2841 1182 2864 e
1195 2831 1358 2864 mitam
1385 2831 1511 2869 veluti,
1540 2842 1649 2874 quam
1678 2831 1928 2865 consectantes
1946 2829 1986 2864 in

247 2880 467 2925 dogmatum
486 2879 660 2924 proficere
677 2882 859 2924 possimus
877 2883 1149 2927 intelligentia:
1180 2884 1210 2917 si
1228 2883 1302 2919 scil.
1323 2894 1359 2918 a.
1377 2882 1596 2927 indagemus
1613 2884 1796 2918 internam
1817 2883 1985 2928 mysterii

247 2934 396 2977 ejusque
413 2936 584 2967 notarum
603 2933 660 2967 vel
678 2935 949 2978 proprietatum
967 2936 1199 2970 harmoniam
1227 2938 1265 2970 et
1291 2940 1528 2974 concentum2
1556 2936 1687 2971 deinde
1705 2938 1746 2972 b.
1765 2939 1984 2970 concentum

246 2988 284 3021 et
302 2997 436 3021 nexum
447 2986 663 3031 dogmatum
681 2987 778 3020 inter
796 2998 849 3026 se:
869 2988 1026 3032 denique
1047 3001 1080 3025 c.
1100 3000 1221 3024 eorum
1239 2989 1533 3023 convenientiam
1552 2991 1626 3024 sive
1645 3001 1728 3024 cum
1746 2989 1983 3034 perfectioni-

248 3041 313 3074 bus
332 3040 466 3074 divinis
485 3041 560 3073 sive
580 3050 662 3073 cum
680 3039 896 3084 indigentiis
915 3043 1068 3076 naturae
1087 3044 1241 3077 creatae.
1278 3042 1328 3076 cf.
1357 3053 1469 3087 supra
1494 3056 1528 3078 n.
1560 3047 1644 3077 1513
1673 3046 1709 3077 et
1736 3043 1983 3088 Kleutgen

246 3092 371 3127 Theoi.
390 3093 454 3128 der
471 3093 576 3127 Vorz,
597 3093 689 3138 disp.
710 3099 729 3128 5
748 3105 775 3127 c.
796 3097 819 3127 4
835 3094 914 3128 fuse
932 3095 975 3129 de
993 3096 1050 3129 his
1069 3096 1273 3140 disputans.
