2175 3382
726 97 833 132 Fides
853 98 1007 131 actualis
1026 100 1081 131 est
1099 107 1266 132 assensus
1284 98 1432 132 mentis.
1860 103 1914 144 47
1920 104 1946 145 3

210 221 356 258 sentire
378 232 595 269 possumus,
619 220 653 257 si
675 220 722 257 de
744 221 830 269 ipsa
851 220 926 256 fide
948 220 1048 256 male
1071 220 1318 257 sentimus?‘
1342 221 1430 257 Non
1445 220 1663 258 infitiamur
1679 221 1946 269 quaestionem

209 280 258 317 de
281 279 370 316 fidei
392 279 571 328 genesi
592 291 672 316 esse
695 279 904 317 admodum
927 278 1135 316 difficilem.
1180 279 1218 315 Si
1240 279 1346 316 enim
1373 277 1410 319 1.
1433 280 1650 328 generatim
1677 280 1877 328 problema
1899 280 1947 317 de

210 339 362 388 origine
384 338 561 375 idearum
583 340 622 375 et
645 338 911 388 cognitionum
935 338 976 374 in
998 337 1243 386 philosophia
1275 338 1430 374 nemine
1452 339 1673 387 refragante
1704 341 1762 376 est
1792 338 1947 376 difficil-

210 398 349 435 limum
370 400 489 445 atque
512 398 589 435 fere
612 397 844 434 insolubile:
878 396 1020 433 mirum
1045 409 1128 433 esse
1151 409 1229 433 non
1251 397 1377 442 debet,
1411 396 1442 433 si
1466 397 1669 445 speciatim
1693 398 1867 445 quaestio
1900 398 1946 435 de

211 456 302 493 fidei
324 456 459 506 genesi
482 458 544 493 est
565 456 726 494 obscura
744 456 796 505 1);
825 467 947 504 eoque
969 456 1092 504 magis
1114 453 1156 495 ⁸2.
1181 455 1285 503 quod
1307 457 1417 492 actus
1440 455 1541 500 fidei,
1567 457 1708 493 saltem
1729 457 1773 501 is,
1799 457 1845 493 de
1868 469 1946 505 quo

206 515 414 552 disserunt
444 515 628 564 theologi,
661 518 721 552 est
752 514 1190 563 supernaturalis,
1224 514 1315 551 hinc
1346 514 1392 551 ad
1425 514 1532 551 illius
1554 516 1728 563 genesim
1751 516 1948 552 concurrit

210 575 449 611 elementum
472 574 782 623 supernaturale,
807 573 908 621 quod
933 572 1214 622 experientiam
1237 573 1352 622 fugit,
1381 586 1508 621 neque
1530 574 1704 621 subjacet
1725 587 1794 622 per
1816 588 1853 611 se
1877 587 1946 611 seu

212 633 431 670 formaliter
447 632 708 671 conscientiae
723 632 962 678 testimonio,
979 634 1019 669 et
1031 632 1181 681 gratiae
1196 632 1381 681 operandi
1395 632 1494 669 ratio
1509 635 1657 670 secreta
1679 635 1736 670 est
1748 636 1864 680 atque
1879 634 1944 670 ab·

208 692 395 730 scondita.
421 718 439 736 »
450 692 569 730 Valde
580 693 728 728 remota
741 693 810 736 est,
823 691 956 739 inquit
977 692 1122 741 Augu
1135 691 1203 728 sti
1217 703 1308 728 nus
1331 691 1377 728 de
1390 691 1519 739 praed.
1533 691 1594 728 SS.
1608 704 1637 728 c.
1653 698 1674 731 8
1692 705 1727 728 n.
1750 698 1810 737 13,
1827 704 1946 729 asen-

211 751 320 788 sibus
343 751 436 788 haec
457 751 596 796 schola,
630 750 673 787 in
695 763 772 798 qua
793 751 910 787 Pater
932 750 1093 787 auditur
1115 752 1154 787 et
1186 750 1306 794 docet,
1338 752 1385 787 ut
1415 750 1597 787 veniatur
1627 750 1675 787 ad
1696 751 1858 795 Filium;
1892 751 1947 787 ibi

208 812 270 847 est
291 810 331 847 et
351 810 434 858 ipse
455 810 592 855 Filius,
627 809 722 857 quia
741 810 823 858 ipse
846 811 906 846 est
929 809 1098 846 Verbum
1121 809 1216 858 ejus,
1249 822 1318 857 per
1341 809 1442 857 quod
1467 810 1521 846 sic
1554 809 1676 854 docet,
1708 822 1835 857 neque
1865 811 1948 859 agit

211 869 282 906 hoe
304 881 391 906 cum
414 869 540 906 carnis
564 881 668 914 aure,
704 868 770 905 sed
792 868 957 905 cordis«
1001 869 1061 905 Ad
1093 868 1186 905 haec
1208 865 1250 909 3.
1275 868 1364 905 fidei
1396 870 1435 904 et
1466 867 1760 906 incredulitatis
1791 869 1948 918 genesis

208 940 326 975 quam
349 928 565 976 plurimum
599 929 746 976 pendet
768 941 789 964 a
810 928 1026 964 voluntatis
1059 928 1221 964 influxu.
1265 927 1303 964 Si
1335 929 1466 964 autem
1498 940 1673 975 unquam
1705 940 1840 965 verum
1874 930 1944 973 est,

207 999 299 1024 sane
321 987 453 1024 hocin
474 987 632 1036 negotio
654 987 903 1024 inscrutabile
934 989 994 1023 est
1025 999 1089 1023 eor
1119 987 1284 1023 hominis
1306 984 1401 1038 (Jer.
1430 992 1492 1030 17,
1519 984 1582 1039 v);
1616 987 1663 1023 ab
1695 987 1812 1035 hujus
1842 987 1946 1024 enim

207 1045 309 1083 bona
322 1046 385 1083 vel
398 1046 502 1083 mala
516 1046 771 1094 dispositione
794 1045 872 1082 fere
894 1046 1049 1094 pendet,
1073 1048 1118 1082 ut
1140 1046 1309 1083 rationes
1331 1045 1451 1082 etiam
1474 1045 1735 1082 lucidissimae
1757 1046 1948 1083 suadeant

207 1104 273 1149 ita,
305 1107 352 1142 ut
383 1105 646 1153 persuadeant
676 1105 739 1142 vel
770 1105 1030 1153 persuadendi
1062 1105 1183 1141 robur
1213 1105 1408 1142 amittant.
1452 1104 1539 1141 Non
1569 1106 1699 1142 tamen
1732 1105 1948 1142 diffitemur

206 1164 410 1213 theologos
434 1164 622 1212 quosdam
647 1164 727 1201 suis
749 1164 911 1201 theoriis
934 1176 1012 1200 non
1035 1164 1131 1200 satis
1154 1163 1331 1200 fundatis
1355 1166 1394 1200 et
1428 1163 1546 1200 nimis
1577 1164 1797 1201 artificiosis
1829 1177 1946 1212 quae-

209 1222 377 1260 stionem
398 1223 614 1260 reddidisse
636 1223 795 1272 magis
818 1223 1083 1260 obscuram
1107 1224 1146 1259 et
1167 1223 1480 1265 intricatam,
1515 1235 1631 1270 quarn
1663 1236 1706 1260 ea
1727 1236 1860 1260 revera
1883 1224 1946 1260 sit.

329 1305 427 1346 456.
463 1303 590 1343 Fides
625 1302 801 1343 actualis
835 1308 890 1343 est
927 1316 1117 1343 assensus
1150 1303 1307 1343 mentis.
1340 1328 1395 1332 —
1432 1301 1647 1353 Multiplex
1681 1302 1851 1354 quidem
1883 1307 1947 1343 est

208 1373 325 1414 notio
357 1373 453 1414 voci
485 1372 619 1414 fidei
652 1373 856 1426 subjecta,
889 1385 1024 1426 eaque
1055 1373 1234 1414 subinde
1266 1372 1472 1424 significat
1503 1377 1672 1424 praeter
1703 1373 1786 1413 alia
1816 1372 1946 1413 fideli-

204 1447 340 1484 tatem
371 1444 414 1484 in
445 1443 666 1484 servandis
698 1445 928 1496 promissis,
971 1444 1179 1491 fiduciam,
1211 1444 1529 1493 conscientiam,
1562 1443 1775 1496 obJeotum
1807 1444 1945 1495 ipsum

210 1514 453 1556 universum
477 1515 683 1555 creditum
706 1515 771 1555 vel
794 1515 988 1568 symbolo
1013 1515 1152 1568 aliquo
1169 1515 1536 1567 comprehensum,
1559 1515 1803 1555 universam
1818 1526 1944 1556 oeco-

211 1585 402 1626 nomiam
424 1586 715 1635 christianam,
748 1588 876 1626 etiam
900 1586 1131 1639 quamlibet
1161 1586 1315 1627 mentis
1347 1587 1639 1627 assensionem
1672 1586 1738 1626 vel
1768 1598 1945 1638 persua-

210 1656 378 1697 sionem
409 1656 502 1708 plus
533 1657 726 1697 minusve
753 1656 920 1697 firmam
943 1656 1206 1698 evidentibus
1228 1657 1465 1697 rationibus
1496 1669 1583 1697 non
1614 1656 1814 1703 innixam,
1848 1656 1945 1697 hinc

208 1727 340 1767 etiam
363 1739 525 1768 meram
554 1728 799 1779 opinionem
816 1730 849 1784 2)
873 1732 971 1769 etc:
1003 1740 1082 1768 nos
1113 1732 1258 1768 tamen
1289 1728 1332 1767 in
1363 1728 1577 1779 praesenti
1606 1728 1657 1768 de
1689 1739 1739 1768 ea
1771 1726 1851 1768 fide
1882 1728 1944 1768 lo-

211 1798 391 1850 quimur,
423 1811 507 1851 qua
541 1799 752 1840 credimus
780 1800 895 1855 (actu
917 1799 982 1840 vel
1004 1799 1169 1855 habitu)
1206 1811 1268 1850 ea,
1305 1811 1414 1852 quae
1449 1812 1474 1840 a
1507 1799 1596 1840 Deo
1629 1812 1703 1851 per
1733 1798 1946 1840 Christum

212 1868 336 1910 nobis
357 1870 546 1910 revelata
578 1875 676 1911 sunt
707 1876 747 1911 et
779 1883 804 1912 a
836 1883 919 1922 qua
952 1871 1173 1911 credentes
1208 1870 1404 1912 fideles
1439 1875 1481 1912 et
1514 1871 1731 1911 christiani
1754 1869 1946 1910 denomi-

210 1944 379 1984 nantur.
421 1939 482 1981 De
514 1942 595 1982 hac
626 1941 706 1983 fide
740 1942 783 1982 in
815 1942 962 1994 primis
984 1942 1215 1983 tenendum
1248 1946 1311 1983 est
1343 1954 1438 1983 eam
1461 1942 1630 1995 proprie
1653 1946 1694 1982 et
1716 1940 1948 1982 formaliter

207 2011 442 2052 consistere
473 2012 516 2052 in
550 2016 648 2053 actu
680 2013 765 2053 scil.
789 2024 967 2053 assensu
998 2012 1345 2061 intellectus,
1377 2012 1454 2053 etsi
1485 2025 1571 2053 non
1603 2024 1819 2064 negamus,
1851 2023 1946 2051 eam

215 2085 283 2122 vel
317 2094 557 2134 supponere
593 2087 713 2123 actus
744 2082 985 2132 voluntatis,
1020 2083 1090 2134 qui
1124 2083 1260 2134 ipsam
1296 2084 1448 2135 partim
1475 2086 1759 2134 praevertam,
1793 2082 1947 2134 partim

357 2211 381 2256 ¹)
399 2210 496 2245 Bene
513 2212 608 2245 hano
626 2211 887 2245 difficultatem
918 2211 1096 2255 expressit
1115 2212 1143 2245 G
1156 2223 1211 2245 au
1223 2212 1244 2244 d
1257 2223 1275 2245 e
1288 2222 1343 2244 au
1362 2211 1401 2244 in
1428 2211 1555 2244 libello
1581 2211 1665 2244 fidei
1683 2211 1796 2254 praef.
1815 2222 1849 2254 p.
1869 2209 1948 2244 XII.

212 2263 479 2309 ,Psyohologia
497 2264 582 2298 fidei
601 2265 655 2298 est
673 2263 931 2309 multipliciter
949 2263 1122 2298 difficilis.
1157 2264 1277 2298 Debet
1305 2264 1402 2297 enim
1421 2263 1613 2308 explicare,
1643 2263 1826 2307 quomodo
1846 2264 1948 2296 actus

211 2316 297 2350 fidei
317 2318 366 2350 sit
383 2317 492 2351 simul
511 2318 614 2351 actus
632 2317 891 2357 intellectivus‚
910 2328 952 2350 ac
971 2317 1134 2361 proinde,
1152 2321 1193 2351 ut
1212 2317 1367 2358 videtur,
1380 2318 1616 2357 necessarius,
1636 2318 1673 2350 et
1691 2316 1876 2356 volitivus,
1895 2327 1947 2357 ac,

207 2369 309 2413 quod
328 2370 411 2414 plus
429 2371 495 2410 est,
515 2371 627 2409 liber;
647 2392 692 2396 —
711 2370 819 2404 simul
834 2381 877 2405 ex
892 2370 984 2404 dono
1004 2371 1169 2415 gratuito
1184 2370 1326 2414 gratiae
1343 2370 1568 2414 proveniens,
1588 2371 1624 2404 et
1637 2374 1763 2404 tamen
1779 2369 1948 2403 omnibus

208 2423 426 2457 hominibus
445 2423 692 2468 obligatorius
720 2424 767 2457 ad
795 2424 963 2464 salutem,
994 2434 1036 2457 ac
1054 2424 1209 2468 proinde
1228 2424 1397 2457 omnibus
1422 2423 1632 2467 possibilis:
1650 2444 1694 2448 -—
1712 2422 1949 2456 rationabilis

208 2475 233 2511 i.
252 2486 282 2510 e.
299 2477 437 2510 rationi
456 2477 653 2511 conformis
672 2478 709 2511 et
726 2477 909 2510 rationem
927 2477 1131 2521 perficiens,
1160 2479 1197 2509 et
1214 2477 1338 2510 tamen
1367 2476 1670 2520 superrationalis
1698 2476 1734 2510 et
1760 2486 1874 2519 purae
1891 2486 1945 2509 ra-

207 2528 306 2563 tioni
333 2530 592 2574 impossibilis;
623 2551 665 2554 —
684 2530 867 2564 naturalis
893 2531 916 2566 i.
946 2540 977 2564 e.
1003 2529 1212 2563 naturalem
1238 2529 1455 2563 facultatem
1481 2530 1690 2563 nostrarum
1718 2529 1948 2563 activitatem

211 2592 422 2627 supponens
442 2588 478 2616 et
497 2583 542 2616 ab
556 2583 646 2627 ipsis
658 2585 812 2617 naturae
825 2582 962 2616 viribus
973 2582 1128 2621 elicitus,
1141 2582 1202 2615 sed
1215 2581 1325 2616 simul
1337 2582 1626 2626 supernaturalis
1638 2582 1662 2616 i.
1673 2593 1702 2616 e.
1715 2583 1793 2616 sine
1811 2581 1948 2615 auxilio

208 2646 358 2669 omnem
378 2635 454 2670 vim
474 2637 633 2670 creatam
655 2636 853 2671 excedente
883 2635 1142 2680 impossibilis:
1166 2656 1199 2659 —
1225 2635 1334 2668 simul
1361 2636 1536 2669 obscurus
1564 2637 1716 2680 propter
1742 2635 1948 2669 absentiam

208 2687 433 2722 intrinsecae
452 2688 661 2723 evidentiae
679 2689 718 2723 in
737 2689 889 2734 objecto,
919 2691 955 2723 et
982 2690 1106 2722 tamen
1133 2688 1187 2721 ita
1214 2688 1352 2729 firmus,
1382 2689 1425 2722 ut
1451 2689 1625 2722 adhaesio
1643 2688 1727 2722 fidei
1745 2688 1884 2724 firmior
1902 2688 1950 2721 sit

209 2740 398 2775 evidentia
416 2752 588 2775 sensuum
607 2743 673 2775 aut
689 2752 803 2786 purae
821 2741 996 2779 rationis;
1016 2740 1125 2774 simul
1142 2740 1257 2784 igitur
1275 2741 1377 2773 actus
1392 2740 1574 2775 humanus
1593 2743 1630 2775 et
1648 2741 1806 2780 divinus,
1824 2740 1862 2774 in
1876 2750 1948 2783 quo

210 2793 340 2828 melius
358 2805 468 2838 quam
486 2796 526 2828 in
543 2795 620 2828 ullo
640 2795 712 2829 alio
731 2795 969 2829 insertionem
991 2793 1133 2839 gratiae
1150 2794 1190 2827 in
1208 2795 1391 2834 naturam,
1415 2796 1606 2838 tamquam
1637 2795 1754 2828 bonae
1773 2793 1890 2827 olivae
1908 2793 1948 2826 in

209 2847 421 2892 oleastrum,
440 2848 684 2891 contemplari
701 2856 929 2892 possumus<

356 2904 380 2941 2)
400 2900 452 2937 Cf.
473 2900 671 2945 Gregorius
691 2902 736 2935 de
755 2901 786 2935 V
799 2901 990 2935 alentia
1018 2901 1044 2933 t.
1064 2902 1085 2933 3
1104 2901 1301 2934 comment.
1321 2900 1359 2934 in
1378 2912 1405 2934 s.
1424 2900 1603 2934 Thomam
1622 2900 1713 2943 disp.
1733 2903 1748 2933 1
1769 2911 1802 2943 q.
1827 2904 1841 2934 l
1862 2911 1894 2942 p.
1920 2904 1948 2933 l.

211 2952 424 2987 Innumeras
435 2953 605 2988 notiones
617 2956 874 2999 praeposteras
887 2954 1054 2988 recenset
1067 2953 1097 2986 D
1107 2963 1125 2986 e
1134 2965 1156 2987 n
1165 2954 1202 2987 zi
1211 2966 1233 2987 n
1242 2965 1267 2998 g
1278 2963 1321 2987 er
1337 2953 1421 2987 Vier
1431 2953 1573 2987 Bucher
1586 2964 1657 2987 von
1672 2953 1737 2986 der
1750 2952 1948 2997 religiosen

211 3006 434 3041 Erkenntnis
452 3006 496 3049 Π,
516 3009 583 3042 426
603 3019 668 3046 ss.;
697 3008 860 3052 potiores
888 3007 918 3040 Κ
931 3007 943 3040 l
956 3017 973 3040 e
985 3019 1008 3040 u
1020 3009 1070 3050 tg
1082 3017 1136 3040 en
1162 3006 1288 3041 Theol.
1307 3007 1372 3041 der
1390 3007 1537 3041 Vorzeit
1554 3009 1580 3040 t.
1602 3006 1722 3040 ultimi
1742 3019 1776 3040 n.
1798 3010 1863 3041 100
1882 3018 1948 3045 ss.;

209 3060 313 3094 Wie
326 3070 400 3094 ser
419 3061 591 3095 Zeitschr.
611 3060 670 3095 fiir
686 3061 789 3095 kath.
809 3060 934 3095 Theol.
956 3060 1012 3101 l’l,
1034 3063 1049 3093 1
1072 3072 1136 3099 ss.;
1156 3059 1226 3094 KL.
1248 3060 1304 3103 W,
1324 3063 1403 3095 622.
