2175 3382
167 160 250 194 055
564 151 683 185 '1'1·act.
705 150 762 184 lll.
782 150 825 183 de
847 149 1017 184 blm-lesia.
1037 149 1165 182 'rhesis
1184 149 1254 183 Lll.
1276 148 1526 183 infallibilitas

287 275 382 315 263.
408 271 781 314 Demonstratio.
826 268 1037 310 Probatur
1061 268 1270 309 Ecclesiae
1293 269 1335 308 in
1357 268 1550 309 docendo
1575 267 1845 309 infallibilitas

288 342 326 384 1.
361 353 435 392 per
462 341 636 382 modum
659 341 951 381 corollarii
983 354 1025 383 a.
1059 352 1109 381 ex
1142 339 1353 380 Ecclesiae
1387 339 1765 381 indefectibilitate:
1799 352 1899 381 nam

174 413 411 456 .excideret
434 412 621 454 Ecclesia
644 412 796 453 Christi
829 424 854 452 a
876 424 952 453 sua
976 411 1317 452 immutabilitate
1341 416 1382 451 et
1403 410 1605 462 dignitate
1628 414 1669 451 et
1691 410 1903 452 desineret

165 497 259 524 esse
283 484 468 525 societas
491 484 601 524 vitae
624 496 675 524 ac
707 483 995 524 necessarium
1018 482 1164 523 salutis
1188 482 1385 530 medium,
1418 482 1453 522 si
1485 481 1635 522 eadem
1668 494 1693 522 a
1726 481 1902 522 salutari

167 555 260 596 lidei
286 566 538 607 morumque
561 555 738 595 veritate
762 553 962 594 aberrare
985 558 1112 606 atque
1144 553 1185 593 in
1217 564 1269 593 ea
1301 551 1590 604 praedicanda
1616 557 1744 606 atque
1775 552 1818 592 in
1849 563 1901 593 ea

167 625 420 678 exponenda
443 625 525 666 falli
548 625 614 665 vel
637 624 779 664 fallere
794 628 940 676 posset
960 626 1037 678 ¹);“
1062 625 1109 667 b.
1134 635 1185 664 ex
1208 623 1329 664 dictis
1352 623 1403 664 de
1418 622 1631 664 Ecclesiae
1653 624 1733 664 iine
1751 635 1789 663 n.
1805 626 1902 672 204,

165 710 191 737 a
225 709 306 749 quo
340 697 549 743 deiiceret,
583 708 710 748 quam
744 696 926 747 primum
960 693 1113 736 Christi
1144 694 1382 736 doctrinam
1415 706 1501 735 non
1533 694 1716 746 amplius
1747 705 1904 746 propo-

167 773 305 814 neret:
330 772 418 808 tum
443 780 481 810 (⁴.
505 778 556 807 ex
579 766 701 807 dictis
724 779 762 806 n.
787 768 872 810 209
897 779 949 806 ss.
975 765 1025 806 de
1048 765 1195 806 habitu
1217 765 1305 806 sive
1328 765 1383 806 ad
1405 764 1617 806 Christum
1641 769 1782 816 caput,
1813 764 1902 805 sive

166 839 219 879 ad
244 837 444 891 Spiritum
468 852 510 883 s.,
544 849 679 890 neque
703 837 815 877 enim
840 836 1020 888 amplius
1045 841 1156 876 esset
1177 834 1330 876 Christi
1353 835 1501 887 capitis
1524 847 1679 888 corpus
1710 835 1776 876 vel
1807 846 1900 886 reg-

167 922 281 958 uum,
306 909 339 948 si
362 909 403 948 in
427 908 620 949 docendo
644 907 697 948 ab
721 907 871 948 eodem
895 906 1145 948 dissentiret.
1189 905 1399 947 Probatur

283 992 324 1035 2.
358 1004 409 1031 ex
444 990 584 1031 verbis
617 989 771 1031 Christi
802 989 945 1030 Matth.
974 993 1037 1037 16,
1065 993 1137 1034 18:
1173 988 1309 1042 Super
1342 988 1448 1029 hanc
1475 993 1642 1044 petram
1678 987 1902 1041 aedificabo

166 1061 392 1103 Ecclesiam
417 1076 563 1110 meam,
586 1070 619 1102 et
638 1065 788 1115 portae
812 1060 938 1113 inferi
961 1075 1041 1102 non
1059 1059 1358 1114 praevalebunt
1380 1059 1577 1099 adversus
1599 1073 1717 1108 eam;
1741 1061 1809 1104 28,
1836 1061 1905 1102 19:

170 1134 281 1175 Data
317 1140 373 1175 est
406 1133 507 1173 mihi
530 1135 662 1172 omnis
681 1136 861 1187 potestas
884 1165 891 1172 .
916 1165 923 1171 .
948 1165 955 1171 .
979 1131 1136 1172 Emztes
1158 1144 1250 1185 erqo
1273 1131 1405 1172 docete
1426 1143 1563 1171 omnes
1581 1136 1717 1183 flentes
1740 1165 1748 1172 .
1772 1162 1779 1169 .
1803 1161 1811 1169 .
1835 1162 1842 1169 .
1865 1133 1903 1169 et

165 1220 249 1245 scre
282 1218 351 1256 eqo
385 1204 587 1245 vobiscum
620 1217 710 1243 sum
743 1204 929 1243 omnibus
950 1202 1092 1243 (liebus
1113 1215 1237 1257 usquc
1270 1201 1325 1242 ad
1357 1202 1747 1242 consummationem
1770 1200 1906 1240 seculi.

284 1291 366 1335 Quo
398 1291 438 1327 in
470 1291 695 1328 testimonio
727 1289 910 1338 expende,
944 1301 1060 1337 quam
1091 1301 1323 1337 magnum
1354 1300 1498 1325 munus
1529 1290 1570 1325 et
1600 1298 1700 1325 onus
1731 1286 1908 1335 imponat

164 1350 344 1387 Christus
367 1350 552 1399 apostolis
575 1350 703 1398 iisque
725 1349 914 1398 paucis,
939 1347 1150 1392 illiteratis,
1173 1347 1337 1384 timidis.
1372 1347 1498 1391 Quare
1520 1347 1620 1383 illud
1643 1358 1718 1383 ecce
1731 1346 1908 1383 animum

167 1410 214 1446 iis
239 1410 348 1447 addit
369 1422 451 1447 rem
473 1422 654 1458 magnam
677 1408 928 1457 portendens.
973 1407 1053 1457 Eyo
1075 1407 1261 1444 vobiscum
1283 1419 1390 1444 sum:
1411 1406 1556 1454 quibus
1580 1405 1710 1443 verbis
1724 1417 1805 1442 non
1817 1416 1907 1453 pro-

166 1469 291 1506 mittit
304 1468 563 1518 praesentiam
577 1481 682 1505 mere
700 1468 874 1512 localem,
890 1467 957 1504 sed
971 1465 1231 1515 praesentiam
1245 1465 1500 1515 protectionis
1516 1467 1746 1510 actuosae,
1767 1463 1907 1514 gratiis

163 1528 365 1573 fecundae,
390 1541 466 1576 qua
489 1540 621 1565 eorum
646 1528 798 1564 labores
822 1526 1080 1564 comitaturus
1102 1527 1220 1573 atque
1241 1524 1511 1562 benedictione
1534 1524 1586 1561 sit
1606 1523 1837 1568 donaturus,
1860 1523 1907 1560 ut

168 1588 223 1624 eis
247 1587 482 1636 respondeat
504 1587 705 1624 uberrima
727 1586 889 1631 messis3
927 1585 982 1622 eis
1006 1597 1115 1622 suam
1145 1584 1312 1621 tutelam
1343 1585 1383 1621 et
1405 1582 1674 1621 assistentiam
1704 1582 1761 1620 ita
1790 1581 1905 1630 polli-

165 1650 287 1691 cetur,
312 1649 358 1683 ut
380 1646 483 1683 firmi
506 1646 724 1694 invictique
747 1645 977 1682 reddantur.
1019 1644 1128 1681 Hanc
1158 1643 1319 1681 illorum
1341 1643 1549 1680 verborum
1571 1654 1653 1680 esse
1674 1642 1765 1687 vim,
1798 1640 1908 1678 colli-

164 1706 274 1755 gitur
297 1716 339 1745 a.
364 1718 409 1742 ex
433 1718 551 1743 sensu
574 1705 688 1742 obvio
712 1705 821 1742 illius
843 1703 1033 1742 formulae
1056 1716 1078 1740 a
1098 1702 1276 1751 principe
1298 1703 1458 1751 potente
1481 1702 1527 1739 ad
1550 1701 1775 1739 ministrum
1791 1712 1908 1737 suum

166 1765 359 1813 prolatae:
387 1764 428 1805 b.
451 1778 495 1801 ex
518 1777 594 1801 usu
617 1764 806 1812 loquendi
829 1763 984 1808 Christi,
1008 1762 1077 1811 qui
1097 1762 1243 1810 passim
1266 1774 1311 1799 ex
1333 1772 1389 1806 eO,
1422 1761 1527 1809 quod
1549 1761 1664 1797 Pater
1683 1771 1814 1798 secum
1845 1759 1907 1805 sit,

165 1825 437 1861 auctoritatem
473 1824 744 1871 virtutemque
778 1823 855 1859 sibi
886 1822 1026 1859 asserit
1060 1821 1105 1858 cf.
1132 1821 1192 1858 Jo.
1219 1827 1254 1866 S,
1282 1827 1355 1865 ‘293
1386 1826 1448 1865 14,
1477 1827 1550 1864 1ος
1578 1827 1640 1865 16,
1668 1825 1718 1860 32
1744 1821 1815 1856 ete.
1837 1818 1908 1855 col.

170 1890 204 1923 23-
234 1890 276 1927 '23
300 1884 385 1920 Act.
413 1890 446 1928 7,
474 1890 518 1927 93
544 1893 584 1923 (ἒ.
609 1896 653 1920 ex
677 1895 753 1919 usu
776 1881 965 1930 loquendi
988 1880 1233 1928 Scripturas:
1266 1880 1370 1916 Deus
1394 1879 1498 1917 enim
1521 1879 1561 1916 in
1583 1879 1626 1916 V.
1649 1879 1690 1915 T.
1713 1889 1790 1923 eos,
1813 1889 1910 1926 quos

164 1942 213 1978 ad
237 1955 378 1992 magna
400 1954 518 1990 opera
552 1941 733 1978 emittere
767 1941 928 1986 solebat,
960 1940 1032 1977 hac
1064 1940 1232 1977 formula
1262 1939 1460 1976 solabatur
1491 1940 1694 1986 certosque
1723 1935 1911 1974 reddebat

167 2001 213 2038 de
247 2014 315 2038 suo
348 2001 495 2038 auxilio
532 2002 657 2048 deque
691 2000 793 2037 felici
816 1999 1010 2036 missionis
1042 1999 1150 2036 exitu
1172 1998 1216 2035 cf.
1240 1998 1331 2038 Gen.
1358 2004 1423 2044 39,
1450 2004 1494 2043 23
1518 1997 1584 2034 Ex.
1610 2003 1646 2042 3,
1675 2002 1747 2042 12;
1779 1995 1861 2033 Jos.
1891 2003 1904 2036 l

170 2067 204 2097 Γ).
231 2069 275 2104 a:
303 2067 338 2105 3,
366 2068 384 2099 Τ
412 2060 482 2097 col.
514 2067 548 2104 6,
576 2066 650 2104 27;
681 2067 712 2098 1.
736 2060 828 2107 Reg.
854 2065 889 2104 3,
920 2065 991 2102 19;
1015 2058 1106 2095 Jud.
1132 2063 1254 2105 6,12‚
1278 2064 1337 2096 16.
1361 2054 1524 2102 etc.;d.
1542 2069 1587 2093 ex
1601 2057 1799 2100 contextu,
1823 2054 1909 2091 ideo

168 2119 271 2156 enim
296 2119 534 2157 mentionem
557 2118 758 2167 praemisit
792 2129 966 2155 summae
999 2129 1090 2154 suae
1122 2117 1163 2153 in
1195 2116 1300 2153 coelo
1331 2118 1370 2153 et
1402 2116 1444 2153 in
1474 2118 1580 2153 terra
1610 2114 1829 2163 potestatis,
1852 2115 1909 2158 ut,

168 2178 409 2225 significaret
431 2191 584 2216 omnem
616 2178 726 2214 illam
757 2178 992 2226 potestatem
1023 2176 1065 2212 in
1095 2175 1286 2212 auxilium
1319 2175 1373 2212 eis
1407 2175 1564 2219 adesse;
1597 2174 1768 2222 denique
1791 2182 1832 2213 e.
1864 2185 1911 2209 ex

167 2249 290 2286 scopo,
315 2238 383 2285 qui
403 2237 481 2274 fuit
500 2238 554 2274 eis
570 2237 744 2274 animum
768 2236 920 2281 addere,
945 2238 991 2272 ut
1013 2234 1247 2272 confidentia
1268 2234 1375 2282 pleni
1397 2234 1443 2270 ad
1466 2245 1563 2282 opus
1586 2245 1626 2270 se
1648 2232 1911 2281 accingerent.

285 2315 372 2357 Nec
395 2319 535 2357 minus
560 2315 806 2368 splendidae
829 2319 927 2356 sunt
947 2314 1254 2367 promissiones
1275 2313 1337 2357 JO.
1365 2317 1427 2360 14,
1456 2315 1529 2357 16:
1563 2312 1616 2353 Et
1652 2325 1720 2366 eqo
1751 2310 1904 2365 royabo

170 2387 354 2441 Patrem,
378 2392 413 2428 ct
437 2387 564 2428 alium
579 2387 843 2428 Paracletum
858 2385 973 2427 dabit
994 2386 1116 2435 cobis,
1139 2389 1184 2425 ut
1206 2388 1372 2426 mancat
1385 2383 1589 2424 vobiscum
1612 2383 1656 2424 ‘in
1679 2387 1911 2436 aeternum,

169 2460 380 2513 Spiritum
401 2459 610 2510 ceritatisj
642 2472 674 2501 v.
699 2461 773 2502 26:
797 2456 876 2498 Ille
897 2470 965 2498 vos
987 2456 1140 2498 docebit
1162 2457 1314 2509 omnia,
1347 2461 1383 2496 et
1413 2458 1598 2508 suffceret
1619 2453 1729 2495 vobis
1752 2453 1906 2507 omnia,

171 2543 434 2584 quaecunque
456 2529 599 2569 dixero
623 2528 761 2578 vobis,·
783 2533 824 2569 et
846 2527 954 2568 infra
977 2531 1042 2577 16,
1061 2531 1132 2572 12:
1156 2527 1307 2569 Adhuc
1327 2527 1459 2567 multa
1480 2525 1606 2567 habeo
1627 2524 1740 2565 vobis
1761 2524 1908 2577 dicere,

169 2601 240 2641 secl
275 2614 355 2640 non
372 2601 541 2654 potestis
555 2604 729 2654 portare
752 2599 880 2641 modo.
925 2598 1025 2640 Cam
1060 2603 1196 2639 autem
1227 2601 1378 2639 venerit
1409 2596 1477 2637 ille
1499 2597 1685 2650 Spiritus
1706 2595 1907 2648 veritatis,

170 2671 324 2711 docebit
346 2684 414 2710 cos
436 2684 591 2710 omnem
616 2671 833 2711 veritatem.

315 2801 342 2846 ¹)
362 2801 418 2834 Ita
436 2800 582 2833 schema
596 2799 742 2833 constit.
758 2800 879 2843 dogm.
895 2799 940 2833 de
956 2799 1049 2835 Eccl.
1065 2797 1202 2833 Christi
1216 2798 1276 2832 cit.
1292 2808 1320 2834 c.
1336 2799 1368 2831 9.
1388 2796 1527 2837 Quibus
1542 2796 1632 2829 haec
1647 2794 1894 2838 subjiciuntur
1909 2806 1918 2829 ε

169 2854 303 2893 ,Sacro
322 2854 444 2887 autem
465 2854 502 2887 et
519 2853 719 2887 universali
746 2852 977 2896 approbante
1006 2852 1160 2886 concilio
1188 2851 1359 2885 docemus
1388 2854 1499 2893 atque
1526 2849 1767 2890 declaramus,
1784 2847 1909 2881 dotem

171 2907 465 2946 infallibilitatis,
485 2916 580 2950 quae
598 2908 789 2948 tamquam
806 2908 987 2950 perpetua
1004 2905 1186 2939 Ecclesiae
1205 2903 1340 2938 Christi
1367 2902 1625 2947 praerogativa
1651 2900 1814 2935 revelata
1840 2901 1906 2940 est,

172 2970 342 3005 quaeque
359 2971 427 2994 nec
446 2971 527 2993 cum
546 2959 799 3003 inspirationis
827 2959 1048 2993 charismate
1075 2957 1249 2992 confundi
1267 2956 1387 2996 debet,
1415 2965 1533 2999 neque
1552 2965 1594 2989 eo
1611 2954 1766 2999 spectat,
1783 2954 1826 2987 ut
1845 2952 1909 2987 Ec-

172 3014 283 3048 clesia
309 3013 415 3047 novis
441 3011 732 3046 revelationibus
758 3010 925 3051 ditescat,
953 3010 1125 3044 collatam
1151 3009 1198 3043 ad
1224 3009 1294 3043 hoc
1321 3018 1409 3049 esse,
1436 3010 1479 3041 ut
1505 3008 1657 3041 verbum
1675 3005 1742 3040 Dei
1768 3005 1844 3040 sive
1869 3004 1908 3038 id

173 3066 350 3111 scriptum
370 3066 445 3100 sive
462 3065 640 3099 traditum
660 3064 717 3104 sit,
744 3064 783 3098 in
811 3063 1009 3097 universali
1027 3063 1163 3097 Christi
1179 3061 1344 3096 Ecclesia
1359 3061 1547 3105 integrum
1565 3061 1601 3094 et
1619 3070 1640 3093 a
1657 3059 1787 3103 quavis
1805 3057 1906 3092 novi-

168 3122 260 3154 tatis
279 3119 625 3162 immutationisque
643 3117 850 3162 corruptela
867 3117 1029 3150 immune
1047 3118 1230 3151 asseratur
1247 3117 1283 3149 et
1302 3114 1541 3149 custodiatur.
1554 3121 1565 3135 ¹

2151 233 2159 259 ->
2151 94 2166 193 ..ι-φη
2157 0 2172 54 ς,
