2175 3382
707 140 833 173 Thesis
852 140 940 173 LlV.
961 141 1012 173 De
1031 139 1175 183 objecto
1195 139 1489 173 infallibilitatis.
1880 145 1962 186 297

228 262 302 308 dit,
325 261 378 302 ad
392 261 592 302 haereses
607 259 874 317 damnandas
889 258 1080 300 sufficere
1104 263 1146 299 et
1168 258 1383 299 suffecisse
1400 259 1697 311 episcoporum
1721 271 1795 312 per
1817 259 1965 301 orbem

229 333 518 384 dispersorum
542 342 810 372 consensum.
837 328 1037 370 Notanda
1059 334 1157 370 sunt
1178 329 1286 369 haec
1308 328 1603 380 Augustini
1626 330 1678 370 ad
1702 330 1966 372 Bonifacium

235 408 383 444 contra
405 402 512 443 duas
535 402 652 454 epist.
676 400 812 453 Pelag.
835 400 857 443 l.
882 404 919 443 4.
944 412 976 440 c.
999 399 1168 440 ultimo:
1210 399 1316 446 ,Aut
1341 411 1442 441 vero
1466 401 1794 453 congregatione
1816 401 1968 455 synodi

229 486 339 526 opus
362 478 465 519 erat,
487 477 533 513 ut
555 476 703 524 aperta
717 471 926 524 pernicies
941 470 1247 511 damnaretur?
1271 470 1390 522 quasi
1406 470 1518 510 nulla
1533 470 1723 511 haeresis
1738 471 1967 524 aliquando

234 546 324 586 sine
346 544 497 598 synodi
519 544 848 596 congregatione
873 543 1077 583 damnata
1099 542 1172 584 sit:
1202 554 1299 582 cum
1322 542 1461 594 potius
1484 542 1727 582 rarissimae
1749 542 1968 582 invenian-

232 622 312 665 tur,
347 620 520 668 propter
554 627 660 668 quas
693 613 960 655 damnandas
991 615 1225 654 necessitas
1257 613 1352 653 talis
1383 613 1600 660 exstiterit,
1637 613 1852 665 multoque
1887 615 1970 654 sint

232 692 362 740 atque
383 684 773 738 incomparabiliter
795 684 948 736 plures,
971 695 1081 736 quae
1104 683 1176 724 ubi
1198 684 1461 731 exstiterunt,
1487 683 1570 724 illic
1592 682 1825 736 improbari
1847 684 1968 724 dam-

234 758 411 810 narique
433 760 689 804 meruerunt,
714 760 840 808 atque
862 755 960 796 inde
983 767 1058 807 per
1081 759 1245 795 ceteras
1267 758 1404 795 terras
1427 754 1681 795 devitandae
1702 755 1969 795 innotescere

233 833 472 882 potuerunt.
511 827 669 869 Verum
694 828 872 868 istorum
896 826 1251 881 (pelagianorum)
1275 826 1486 878 superbia,
1508 838 1617 878 quae
1640 830 1806 866 tantum
1828 837 1873 866 se
1896 837 1969 866 ex-

234 899 340 941 tollit
362 899 565 940 adversus
588 898 733 946 Deum.v
767 903 812 938 ut
843 909 930 938 non
960 898 1002 937 in
1033 897 1103 937 illo
1136 897 1247 944 velit,
1279 897 1353 938 sed
1385 898 1523 949 potius
1555 897 1598 937 in
1629 895 1762 937 libero
1795 896 1970 937 arbitrio

237 971 418 1023 gloriari,
439 970 551 1010 hanc
574 970 701 1010 etiam
725 969 901 1021 gloriam
925 973 1098 1020 captare
1121 967 1374 1019 intelligitur,
1405 972 1448 1008 ut
1479 972 1652 1020 propter
1673 967 1766 1007 illos
1788 964 1972 1008 Orientis

236 1046 280 1082 et
300 1040 540 1081 Occidentis
562 1040 749 1093 synodus
773 1045 1062 1092 congregetur.
1106 1038 1264 1080 Orbem
1292 1039 1446 1091 quippe
1470 1038 1738 1086 catholicum,
1770 1038 1971 1091 quoniam

236 1111 417 1152 Domino
441 1112 500 1152 eis
524 1111 746 1152 resistente
761 1114 1001 1163 pervertere
1016 1114 1243 1162 nequeunt.
1267 1109 1419 1150 saltem
1434 1121 1706 1150 commovere
1722 1113 1966 1149 conantur.“

237 1182 359 1224 Patet
389 1195 430 1226 c.
466 1194 517 1223 ex
540 1181 746 1230 absurdis,
779 1193 888 1234 quae
921 1193 943 1222 e
976 1181 1187 1221 sententia
1209 1181 1425 1221 contraria
1448 1184 1740 1233 sequerentur,
1772 1179 1858 1222 scil.
1886 1180 1973 1231 epi-

236 1265 463 1306 scoporum
487 1253 679 1294 ordinem
703 1253 789 1293 fere
811 1264 1028 1304 nunquam
1052 1251 1132 1292 frui
1154 1252 1196 1292 in
1219 1250 1412 1292 docendo
1429 1250 1733 1298 infallibilitate,
1756 1262 1852 1290 cum
1875 1261 1975 1290 rara

238 1324 466 1365 admodum
491 1324 573 1364 sint
596 1324 775 1364 concilia
799 1323 1095 1369 oecumenica;
1120 1323 1230 1363 hanc
1253 1322 1596 1374 praerogativam
1622 1321 1847 1374 plurimum
1872 1332 1974 1372 pen-

235 1396 338 1436 dere
360 1395 426 1436 vel
449 1408 474 1436 a
497 1395 740 1436 conditione
763 1400 1004 1446 temporum
1027 1394 1092 1434 vel
1120 1406 1144 1433 a
1167 1393 1404 1445 principum
1428 1393 1616 1441 arbitrio.v
1650 1393 1720 1445 qui
1752 1393 1974 1444 episcopo-

237 1479 327 1507 rum
352 1470 606 1507 conventum
632 1465 837 1518 impedire
860 1469 1035 1517 possunt
1062 1469 1102 1504 et
1124 1475 1275 1504 revera
1299 1475 1426 1515 saepe
1450 1463 1741 1515 impedierunt.

663 1632 704 1673 C.
738 1632 806 1673 De
839 1630 1281 1672 infallibilitatis
1314 1629 1549 1681 objecto.

354 1732 449 1773 273.
483 1728 651 1771 Thesis
684 1728 806 1770 LIV.
854 1741 1184 1782 Itzfallibilitcts
1211 1740 1473 1781 massisteriz·
1499 1739 1791 1772 ecclesiastici
1819 1737 1857 1771 1.
1886 1747 1975 1771 non

238 1804 299 1837 ad
325 1811 381 1836 ea
407 1805 588 1836 tantum
631 1802 947 1842 restringatur,
987 1809 1107 1843 quae
1146 1800 1309 1846 diviJ-zgz
1348 1798 1630 1835 revelatione
1665 1799 1977 1837 continentur,

232 1863 314 1896 sed
339 1862 380 1895 2.
408 1863 470 1896 acl
495 1861 617 1894 alias
645 1861 788 1894 etiam
814 1861 1031 1893 veritates
1059 1860 1343 1897 ea‘tenclitur,
1378 1867 1497 1900 qnae
1534 1858 1794 1890 necessario
1822 1859 1977 1900 requi—

235 1924 422 1962 runtur,
450 1924 498 1954 ut
525 1920 821 1954 revelationis
848 1920 1107 1960 depositmn.
1136 1920 1370 1960 ‹inteyrum
1398 1918 1700 1952 custodiatur.

356 2001 721 2044 Demonstratio
745 2014 791 2055 p.
815 2001 853 2043 I.
877 1999 1076 2040 Extensio
1101 2011 1176 2040 seu
1199 1998 1413 2051 objectum
1429 1996 1734 2038 infallibilitatis
1749 1997 1886 2049 colligi
1905 1997 1977 2038 de-

239 2071 312 2112 bet
334 2076 423 2111 tum
455 2081 506 2110 ex
538 2070 745 2117 verbis,
777 2069 929 2122 quibus
953 2067 1144 2110 Christus
1167 2069 1279 2109 hanc
1300 2068 1645 2120 praerogativam
1669 2067 1854 2115 contulit,
1888 2072 1977 2109 tum

241 2154 291 2183 ex
324 2141 453 2190 fine,
486 2153 612 2193 quem
644 2142 686 2181 in
719 2152 768 2181 ea
802 2139 1062 2181 conferenda
1084 2139 1272 2182 intendit.
1317 2139 1443 2191 Atqui
1474 2143 1563 2179 tam
1596 2150 1647 2178 ex
1674 2138 1752 2178 illis
1775 2151 1905 2191 quam
1928 2151 1979 2179 ex

242 2213 324 2253 hoc
339 2212 498 2253 eruitur
513 2211 817 2252 infallibilitatis
832 2211 1044 2263 objectum
1060 2223 1147 2251 non
1168 2211 1306 2251 minus
1329 2214 1486 2262 patere,
1511 2221 1638 2261 quam
1660 2210 1753 2261 ipsa
1774 2213 1890 2261 patet
1912 2221 1979 2250 re-

242 2283 396 2324 velatio
419 2282 662 2323 christiana.
706 2282 918 2323 Promittit
941 2282 1053 2322 enim
1077 2280 1267 2321 Christus
1290 2279 1492 2332 Spiritum
1515 2293 1558 2327 s,
1595 2280 1666 2332 qui
1689 2279 1815 2320 ducat
1837 2279 1979 2321 Eccle-

242 2355 348 2394 siam
379 2354 422 2394 in
453 2365 662 2395 omnem
696 2355 918 2394 veritatem
952 2365 977 2393 a
1009 2364 1055 2393 se
1088 2364 1139 2392 ex
1174 2351 1390 2392 voluntate
1413 2350 1550 2391 Patris
1573 2350 1819 2399 hominibus
1841 2351 1979 2391 mani-

243 2423 503 2474 festanda1n;
534 2424 743 2475 promittit
774 2424 1059 2464 assistentiam
1084 2435 1206 2463 suam
1231 2421 1427 2462 omnibus
1451 2420 1599 2462 diebus
1622 2433 1757 2474 usque
1790 2421 1843 2462 ad
1876 2433 1978 2462 con-

242 2495 571 2535 summationem
594 2494 982 2546 seculimagisterio
1000 2493 1287 2535 ecclesiastico
1311 2492 1481 2533 docenti
1504 2503 1605 2545 qua
1620 2504 1866 2545 ecunque
1890 2493 1979 2545 ipse

241 2566 470 2614 mandavit,
493 2571 535 2606 et
556 2565 822 2618 praedicanti
844 2564 1118 2616 Evangelium
1141 2576 1226 2616 qua
1247 2563 1331 2604 late
1354 2567 1471 2615 patet
1494 2564 1550 2619 (n.
1574 2564 1714 2618 2632).
1742 2563 1854 2604 Finis
1877 2575 1978 2604 vero

239 2636 517 2677 ecclesiastici
539 2636 768 2687 magisterii
791 2640 867 2692 ests,
889 2640 1026 2676 totum
1048 2634 1319 2675 revelationis
1334 2634 1574 2686 depositum
1589 2646 1856 2683 conservare,
1878 2646 1978 2686 pro-

241 2706 429 2758 mulgare
462 2718 695 2759 omnesque
729 2707 842 2747 circa
875 2705 975 2746 illud
1007 2705 1183 2746 obortas
1216 2705 1530 2746 controversias
1562 2706 1848 2757 peremptorie
1880 2705 1979 2745 diri-

242 2788 371 2827 mere,
392 2782 439 2818 ut
461 2789 610 2818 omnes
633 2781 862 2818 occurrant
883 2777 926 2817 in
948 2777 1154 2817 unitatem
1178 2775 1285 2825 fidei,
1308 2788 1387 2817 nec
1410 2776 1524 2816 circa
1539 2775 1694 2816 Christi
1708 2775 1979 2828 Evangelium

245 2848 360 2888 omni
382 2852 508 2888 vento
532 2848 752 2889 doctrinae
776 2846 1127 2889 circumferantur
1148 2846 1249 2899 Eph.
1272 2850 1311 2896 4,
1338 2849 1402 2891 13.

361 2946 458 2986 274.
480 2942 587 2984 Hinc
619 2955 694 2996 per
726 2943 899 2984 modum
933 2942 1225 2983 corollarii
1257 2943 1445 2995 sequitur
1480 2942 1519 2984 1.
1543 2941 1775 2982 Ecclesiam
1799 2951 1892 2981 esse
1914 2940 1978 2980 in-

248 3012 461 3054 fallibilem
491 3013 534 3053 in
565 3013 860 3065 agnoscendis,
892 3013 1165 3076 recensendis
1188 3012 1533 3065 exponendisque
1555 3011 1673 3052 libris
1696 3011 1892 3051 divinitus
1914 3010 1978 3049 in-

243 3083 412 3136 spiratis
454 3083 595 3136 quoad
627 3095 695 3124 res
727 3083 822 3125 fidei
849 3090 889 3125 et
921 3084 1107 3138 morum)
1131 3083 1308 3136 aliisque
1330 3082 1601 3123 revelationis
1623 3083 1662 3121 h.
1686 3093 1719 3122 e.
1743 3080 1978 3121 traditionis

254 3131 414 3200 ’aqi-
481 3161 591 3192 ·m
682 3154 824 3187 φνε-
1167 3137 1394 3188 Manis
1686 3125 2175 3190 WQ·W

262 3342 499 3382 adnutum
