2175 3382
159 126 245 165 254
478 118 598 151 'l'ract.
621 116 678 150 llI.
698 116 749 150 De
772 116 942 151 Ecclesia.
960 115 1013 150 Dc
1031 115 1153 150 anima
1174 118 1210 150 ct
1228 126 1378 161 corpore
1398 116 1593 151 Ecclesiae.

281 240 526 288 Quapropter
548 239 578 275 O
592 239 764 287 1:9§istl8
787 239 923 276 scribit
945 239 1043 288 apol.
1067 238 1114 275 de
1136 238 1266 275 libert.
1289 238 1370 275 arb.
1392 251 1429 276 n.
1454 245 1528 278 43:
1554 239 1662 289 „Ego
1684 241 1783 278 teste
1805 240 1899 278 Jesu

160 301 288 338 odisse
321 312 381 336 me
413 299 539 336 fateor
572 298 772 345 haeresim,
807 310 886 336 non
921 297 1180 341 haereticum;
1216 297 1281 334 sed
1316 297 1417 334 sicut
1445 298 1599 346 justum
1635 301 1707 343 est,
1742 299 1899 337 interim

159 362 320 408 propter
343 357 532 395 haeresim
555 357 794 395 haereticum
818 357 939 394 vit0.‘
983 356 1034 393 Et
1056 369 1084 394 s.
1107 357 1199 394 Leo
1221 369 1279 405 ep.
1308 363 1351 395 7:
1376 356 1533 400 „Aliter
1552 357 1655 394 enim
1670 357 1782 396 nobis
1795 370 1899 396 com-

160 419 297 456 missos
320 429 454 466 regere
477 429 554 454 non
576 428 801 466 possumus,
826 415 904 453 nisi
927 416 1008 460 hos,
1032 415 1100 464 qui
1125 418 1219 453 sunt
1241 415 1461 464 perditores
1484 419 1523 452 et
1538 416 1693 465 perditi,
1716 417 1796 455 zelo
1811 417 1901 454 fidei

157 477 377 515 dominicae
400 488 693 525 persequamur,
718 478 758 513 etv
781 488 802 512 a
825 475 928 512 sanis
951 474 1162 519 mentibus,
1187 487 1235 512 ne
1256 474 1381 523 pestis
1403 475 1495 512 haec
1516 475 1636 512 latius
1659 475 1899 526 divulgetur,

158 537 370 573 severitate
392 547 470 584 qua
492 546 702 583 possumus
726 534 1040 572 abscindamus«
1085 533 1200 571 Hunc
1232 533 1272 570 in
1305 545 1463 571 sensum
1497 534 1634 572 scribit
1656 534 1900 584 Hierony-

159 608 270 633 mus
292 608 350 644 ep.
376 601 428 635 63
453 607 491 631 n.
517 601 538 634 3
563 593 800 642 Theophilo:
838 619 854 635 „
867 592 994 641 Super
1015 592 1165 630 nefaria
1186 592 1334 630 haeresi
1357 590 1629 644 (origeniana),
1661 593 1767 642 quod
1797 594 1900 631 mul·

158 659 241 692 tam
264 653 494 704 patientiam
528 653 630 702 geris
665 655 702 689 et
736 655 862 700 putas,
898 652 1092 689 Ecclesiae
1123 651 1338 689 visceribus
1374 652 1604 689 incubantes
1636 654 1706 690 tua
1739 653 1900 691 lenitate

160 725 271 762 posse
293 712 449 762 corrigi,
473 711 610 749 multis
634 711 780 748 sanctis
803 711 1008 759 displicet:
1040 722 1089 747 ne
1120 710 1214 747 dum
1236 723 1451 759 paucorum
1473 711 1756 760 poenitentiam
1787 724 1899 760 prae-

159 772 332 817 stolaris,
354 771 512 809 nutrias
536 770 739 807 audaciam
762 769 1007 818 perditorum
1029 771 1069 807 et
1092 770 1203 806 tactio
1226 770 1426 808 robustior
1448 769 1525 807 fiat.
1539 776 1554 792 ⁴<

0 864 61 894 „01
279 864 318 895 c.
342 850 616 892 Intolerantia
630 849 874 890 redundans
896 849 940 889 in
960 849 1075 901 ipsos
1090 853 1282 890 errantes
1298 849 1447 902 triplici
1465 849 1615 891 saltem
1629 850 1776 891 nititur
1783 850 1899 903 jure:

0 907 130 985 ὠ
152 923 254 976 jure
277 920 684 975 physio—logico,
707 932 804 961 cum
827 919 1045 973 quodlibet
1067 931 1220 971 corpus
1245 920 1491 972 organicum
1514 921 1661 962 vivum
1684 925 1726 962 et
1747 933 1899 963 sanum

0 1004 128 1033 m
160 992 411 1034 naturaliter
432 993 590 1032 nitatur
611 991 813 1032 humores
840 990 977 1032 malos
1008 995 1050 1031 et
1081 990 1233 1031 noxios
1266 1002 1516 1040 excernere;
1543 991 1643 1044 jure
1678 993 1900 1047 soci-ali,

157 1077 257 1105 cum
279 1062 492 1116 quaelibet
513 1064 696 1103 societas
719 1061 774 1103 ab
797 1061 1003 1111 hostibus,
1035 1061 1078 1102 in
1109 1061 1255 1114 primis
1288 1073 1314 1102 a
1345 1061 1572 1103 rebellibus
1604 1066 1646 1104 et
1677 1063 1899 1113 seditiosis,

158 1147 205 1176 se
227 1146 388 1187 suaque
411 1133 605 1175 membra
627 1133 748 1183 tueri,
783 1132 964 1186 ideoque
989 1131 1186 1173 omnibus
1209 1144 1319 1185 quae
1342 1132 1380 1174 ei
1403 1137 1633 1186 suppetunt
1654 1134 1784 1175 armis
1805 1133 1898 1175 illos

159 1206 324 1259 insequi
346 1206 479 1258 possit
500 1209 542 1245 et
563 1203 740 1253 debeat;
767 1204 863 1257 jure
889 1203 1136 1262 positivo
1161 1208 1202 1244 et
1224 1204 1272 1244 d
1262 1205 1434 1254 ivino,
1466 1215 1563 1245 cum
1584 1203 1800 1245 Ecclesiae
1821 1215 1900 1256 pa-

157 1276 346 1318 storibus
367 1276 663 1328 gravissimum
686 1274 905 1316 incumbat
931 1287 1039 1316 onus
1071 1265 1267 1327 abigendi
1299 1262 1324 1316 a
1355 1287 1481 1327 grege
1511 1275 1652 1328 lupos:
1686 1275 1898 1316 rationem

157 1348 272 1388 enim
296 1347 474 1389 reddere
497 1345 653 1387 debent
675 1346 726 1387 de
750 1345 975 1387 animabus
997 1345 1078 1386 sibi
1099 1345 1338 1386 commissis
1360 1345 1486 1390 Hebr.
1513 1349 1578 1395 13,
1604 1349 1667 1390 17.

822 1465 1140 1507 Articulus
1172 1465 1239 1507 ΙΙ.

179 1548 248 1589 De
282 1560 448 1589 causa
480 1548 762 1589 materiali
793 1547 1078 1589 Ecclesiae
1111 1559 1204 1589 seu
1238 1547 1299 1588 de
1333 1546 1591 1588 membris
1624 1548 1876 1601 ejusdem.

279 1645 375 1687 224.
402 1643 440 1687 l.
454 1643 518 1685 De
533 1645 677 1685 anima
693 1649 728 1684 et
743 1658 913 1699 corpore
926 1643 1145 1687 Ecclesiae.
1160 1669 1219 1674 —
1233 1643 1433 1692 Ecclesia,
1448 1647 1494 1684 ut
1506 1643 1688 1684 vidimus
1702 1656 1741 1684 n.
1752 1647 1838 1688 206
1853 1655 1896 1692 s,

157 1726 326 1767 corpus,
349 1726 503 1767 corpus
526 1713 681 1756 Christi
703 1715 866 1765 dicitur,
888 1727 992 1756 sane
1014 1727 1102 1756 non
1124 1718 1352 1764 mortuum,
1376 1714 1451 1755 sed
1474 1715 1663 1758 vivum.
1704 1714 1833 1768 Atqui
1853 1715 1898 1755 in

160 1798 340 1838 corpore
362 1786 458 1827 vivo
481 1791 651 1838 praeter
673 1786 931 1827 elementum
953 1791 1174 1827 externum
1208 1791 1250 1826 et
1280 1785 1444 1826 visibile
1467 1789 1531 1826 est
1553 1785 1811 1826 elementum
1834 1785 1896 1826 in-

160 1862 340 1903 ternum,
373 1857 517 1897 anima
548 1856 632 1900 scil.
666 1869 820 1909 corpus
851 1857 990 1909 ipsum
1022 1856 1269 1906 informans,
1302 1858 1510 1906 animans,
1553 1867 1662 1909 quae
1694 1860 1758 1897 est
1786 1856 1896 1897 ratio

159 1928 286 1980 vitae,
309 1932 462 1977 motus,
485 1928 744 1980 operationis
767 1928 970 1980 corporis.
1012 1927 1120 1979 Ergo
1144 1932 1186 1969 et
1206 1928 1249 1968 in
1270 1927 1459 1968 Ecclesia
1482 1927 1706 1968 admittere
1728 1931 1897 1980 oportet

160 2004 330 2051 praeter
345 1998 600 2039 elementum
617 2004 839 2039 externum
854 1998 1105 2051 principium
1127 1999 1340 2040 internum
1363 1998 1501 2050 ipsam
1523 1998 1775 2039 societatem
1796 1998 1896 2039 visi-

160 2070 287 2111 bilem
303 2069 551 2122 pervadens,
575 2069 822 2119 informans,
844 2070 1007 2119 uniens,
1030 2082 1172 2122 agens,
1194 2082 1269 2111 seu
1283 2070 1392 2111 ratio
1408 2069 1698 2110 determinans
1712 2069 1898 2118 unitatis,

159 2142 273 2182 vitae
295 2141 639 2194 operationisque
654 2142 852 2194 propriae
866 2141 1093 2192 Ecclesiae,
1116 2142 1227 2182 vitae
1241 2140 1327 2182 scil.
1350 2140 1620 2190 christianae,
1642 2145 1897 2193 supernatu-

163 2212 274 2261 ralis,
297 2212 505 2258 salutaris,
528 2225 637 2265 quae
661 2213 714 2254 ad
728 2212 943 2254 Ecclesiae
966 2212 1093 2253 finem
1116 2212 1346 2253 conducat:
1371 2211 1482 2264 quod
1499 2211 1754 2252 elementum
1769 2211 1896 2252 inter-

161 2297 262 2325 num
284 2284 436 2325 merito
459 2283 613 2325 dixeris
636 2284 836 2325 animam.
877 2283 968 2325 Hoc
989 2282 1259 2335 significatur,
1281 2294 1378 2324 cum
1401 2282 1453 2324 de
1475 2282 1688 2335 primitiva
1707 2281 1897 2323 Ecclesia

160 2354 355 2406 legimus:
378 2353 663 2395 Multitudinis
686 2358 823 2396 autem
846 2354 1097 2396 credentium
1119 2358 1208 2395 erat
1230 2366 1299 2393 cor
1321 2366 1448 2394 umam
1472 2357 1508 2393 et
1531 2354 1675 2394 (mima
1696 2366 1783 2393 una
1804 2352 1895 2393 Act.

160 2430 202 2473 4,
225 2426 302 2468 32:
336 2424 488 2477 quibus
511 2425 664 2466 similia
686 2425 737 2465 de
759 2424 947 2466 Ecclesia
969 2437 1051 2469 sec,
1073 2424 1137 2469 IV.
1163 2425 1322 2466 donata
1343 2436 1418 2477 per
1440 2422 1766 2465 Constantinum
1788 2435 1894 2476 pace

162 2497 314 2548 repetit
333 2496 601 2538 Eusebius
623 2496 669 2541 H.
692 2496 733 2540 E.
757 2497 807 2546 X,
831 2500 876 2541 3:
917 2496 1033 2547 „Una
1065 2501 1157 2538 erat
1187 2496 1317 2537 divini
1338 2494 1517 2548 Spiritus
1547 2495 1680 2536 virtus
1701 2506 1777 2547 per
1798 2495 1893 2536 uni-

161 2579 287 2608 versa
317 2579 564 2609 commeans
595 2567 801 2616 membra,
840 2579 928 2608 una
959 2567 1148 2608 omnium
1181 2567 1337 2616 anima,
1372 2566 1522 2607 eadem
1554 2565 1753 2607 alacritas
1784 2565 1892 2615 fidei,

163 2653 274 2681 unus
297 2641 487 2682 omnium
510 2644 742 2681 concentus
765 2640 1028 2681 divinitatem
1050 2640 1219 2693 hymnis
1241 2639 1580 2680 celebrantium.“

282 2720 404 2772 Quod
426 2722 461 2762 si
483 2723 712 2775 quaeritur,
735 2722 835 2775 quid
849 2721 903 2763 ad
917 2721 1132 2763 Ecclesiae
1147 2734 1313 2775 corpus,
1336 2721 1435 2775 quid
1450 2721 1504 2762 ad
1518 2721 1708 2762 animam
1722 2724 1894 2773 spectet.

162 2792 482 2844 respondemus,
505 2793 706 2846 quidquid
728 2793 904 2834 incurrit
926 2793 967 2833 in
989 2793 1148 2842 oculos,
1171 2792 1226 2834 ad
1248 2793 1338 2845 ejus
1358 2792 1571 2845 pertinere
1593 2803 1759 2844 corpus,
1781 2790 1894 2844 quod

162 2863 259 2904 ideo
290 2875 377 2904 non
408 2863 673 2914 distinguitur
705 2863 759 2904 ab
790 2864 882 2916 ipsa
903 2863 1103 2913 Ecclesia,
1135 2868 1343 2917 quatenus
1365 2868 1430 2905 est
1450 2863 1634 2904 societas
1656 2867 1832 2903 externa
1854 2866 1896 2902 et

163 2933 348 2978 visibilis,
391 2933 453 2974 Ad
474 2933 573 2974 illud
597 2946 695 2987 ergo
718 2939 912 2987 spectant
933 2947 1035 2976 oves
1057 2940 1100 2977 et
1120 2940 1326 2988 pastores,
1351 2934 1506 2976 subditi
1527 2937 1569 2975 et
1589 2933 1831 2986 praepositi,
1854 2937 1896 2973 et

162 3004 332 3046 vincula
353 3008 541 3053 externa,
565 3005 717 3057 quibus
740 3006 782 3046 hi
806 3010 952 3047 mutuo
975 3006 1019 3046 in
1041 3018 1169 3047 unam
1192 3006 1441 3047 societatem
1463 3004 1670 3045 visibilem
1693 3003 1894 3056 colligan-

162 3080 239 3119 tur.
275 3075 430 3116 Anima
451 3086 551 3116 vero
567 3075 778 3117 Ecclesiae
800 3076 850 3117 iis
873 3077 1124 3126 continetur,
1147 3075 1297 3129 quibus
1320 3074 1376 3125 fit,
1396 3079 1443 3116 ut
1463 3074 1679 3116 Ecclesiae
1700 3073 1895 3115 membra
