2175 3382
649 118 701 152 De
719 130 745 152 s.
766 118 961 163 Cypniano,
980 118 1044 162 qui
1062 118 1202 153 restitit
1219 131 1246 154 s.
1263 120 1461 165 StephanO.
1833 128 1919 170 451

189 239 246 278 sic
269 252 512 277 summorum
535 243 716 278 servatur
737 240 963 285 auctoritas,
995 242 1041 277 ut
1063 240 1104 277 in
1126 241 1236 279 nullo
1267 242 1496 280 inferiorum
1518 246 1682 292 putetur
1712 246 1921 285 imminuta

187 298 364 337 libertas.
405 299 456 336 Et
478 299 525 335 ad
546 299 733 348 majorem
754 299 826 336 Dei
853 299 1019 348 gloriam
1050 299 1202 347 proficit
1232 300 1322 338 finis
1353 302 1551 347 examinis,
1585 305 1739 352 quando
1771 306 1818 343 ad
1850 307 1920 345 hoc

186 370 226 395 se
249 358 397 407 aceepit
419 358 620 395 exserendi
642 357 794 403 fiducia,
826 359 874 394 ut
894 357 1073 395 vincatur
1095 358 1329 396 adversitas:
1361 373 1409 397 ne
1432 361 1534 408 quod
1566 375 1635 410 per
1665 376 1703 401 se
1733 361 1920 413 probatur

187 417 409 466 reprobum,
444 417 592 454 silentii
614 416 852 465 praejudicio
873 416 1056 454 videatur
1078 428 1318 466 oppressum.
1330 423 1347 440 «
1393 419 1571 457 Ceterum
1604 434 1681 469 qua
1702 425 1920 462 reverentia

185 476 461 524 exciperentur
482 488 732 513 romanorum
752 475 981 523 pontificum
1004 476 1188 524 epistolae
1202 476 1244 513 in
1258 477 1444 525 conciliis,
1469 480 1627 527 exponit
1649 481 1732 518 Nic
1745 483 1876 521 olaus
1889 484 1917 520 1.

186 535 229 571 in
250 547 308 583 ep.
334 540 384 575 98
409 534 458 571 ad
479 534 705 571 Michaelem
726 534 831 583 imp„
854 535 1063 582 postquam
1085 535 1260 584 graviter
1281 539 1518 584 conquestus
1542 541 1610 584 est,
1643 551 1753 577 suam
1775 542 1918 590 episto-

185 593 258 631 lam
287 592 666 642 Constantinopolim
688 593 730 630 in
752 605 868 630 causa
888 592 1105 643 imaginum
1136 595 1177 631 et
1197 594 1327 632 Photii
1357 595 1515 633 missam
1546 596 1665 635 fuisse
1697 603 1919 649 corruptam

184 655 224 689 et
244 652 285 689 in
308 652 455 701 synodo
478 652 524 689 de
546 652 616 689 hac
638 663 754 688 causa
775 651 910 689 habita
929 651 1086 690 silentio
1106 664 1292 702 pressam.
1336 653 1439 698 ,Sed
1460 667 1561 699 vere,
1585 656 1641 693 ita
1660 657 1739 702 ille,
1761 671 1838 696 non
1866 660 1919 697 sic

184 711 226 748 in
248 711 406 760 synodis
436 711 561 759 prisco
582 713 756 759 tempore
778 711 962 756 collectis,
994 723 1072 749 non
1103 711 1158 749 sic
1189 714 1319 749 actum
1349 713 1469 750 fuisse
1499 716 1779 753 nonnullorum
1809 721 1920 768 gesta

184 770 440 808 conciliorum
462 770 741 807 demonstrant.
775 770 822 806 In
842 769 924 807 illis
947 770 1051 807 enim
1073 771 1305 819 apostolicae
1327 772 1427 809 sedis
1452 773 1597 822 scripta
1610 787 1689 812 non
1704 776 1777 813 sub
1791 778 1918 814 occul-

183 829 346 866 tationis
367 829 496 866 modio
517 829 765 878 tegebantur,
798 829 864 866 sed
885 830 932 866 ut
953 829 1144 875 omnibus,
1177 830 1246 878 qui
1267 833 1379 868 erant
1409 831 1451 868 in
1482 832 1595 870 domo
1617 833 1699 879 Dei,
1731 835 1917 880 lucerent,
2018 806 2175 921 Vp

186 888 228 925 in
249 888 460 936 propatulo
482 888 740 936 ponebantur,
774 890 814 924 et
834 889 881 924 ut
902 888 935 925 si
956 901 1033 937 qua
1053 889 1262 937 turpitudo
1293 891 1356 927 vel
1376 891 1531 928 macula
1551 892 1594 928 in
1624 892 1715 930 fidei
1746 895 1918 943 pulchri·
1995 923 2016 960 s
2068 942 2069 952 η
2081 887 2175 1004 γε

2061 953 2071 973 ’
2101 968 2175 1067 τά

183 946 323 989 tudine
344 960 366 984 a
388 947 564 995 quolibet
585 948 808 984 tentaretur
828 947 974 992 induci,
997 947 1110 985 facile
1130 950 1366 996 patesceret:
1393 962 1436 986 ac
1457 950 1491 986 si
1512 951 1668 999 specula
1681 952 1723 989 in
1737 954 1994 1036 omnibusj
2047 993 2052 999 ,

183 1005 441 1052 habebantur,
465 1008 504 1042 et
526 1006 635 1054 quasi
659 1006 850 1054 quaedam
862 1006 1115 1043 rectitudinis
1127 1006 1306 1053 formula,
1329 1020 1407 1056 qua
1420 1008 1592 1057 imprimi
1608 1012 1735 1049 cetera
1748 1016 1917 1061 possent,
1966 1013 2034 1024 '¹⁴'

183 1065 312 1114 posita
332 1065 562 1102 colebantur
585 1062 769 1116 (Migne
797 1071 889 1111 119,
918 1062 1087 1117 1021).‘
1802 1019 2114 1147 MWRQ
2128 1067 2175 1109 Ἤ

299 1147 398 1189 434.
420 1143 475 1185 At
496 1145 556 1201 (9)
587 1144 823 1199 Cyprianus
856 1157 947 1184 cum
978 1145 1178 1199 episcopis
1211 1146 1417 1198 africanis
1439 1147 1575 1200 rejecit
1597 1148 1797 1203 Stephani
1819 1114 2005 1217 defi-'tu
2018 1128 2055 1200 {Ji
2068 1124 2175 1210 tva*

182 1216 376 1257 ultionem
401 1216 445 1256 in
468 1216 718 1268 quaestione
742 1215 794 1256 de
807 1215 953 1256 valore
967 1215 1168 1268 baptismi
1182 1215 1237 1257 ab
1252 1216 1477 1258 haereticis
1502 1219 1642 1260 collati
1652 1221 1695 1276 1),
1720 1225 1761 1262 et
1774 1227 1918 1265 tamen
1977 1189 2086 1279 ,liss-
2103 1212 2175 1270 JV.

183 1290 356 1327 sanctus
370 1286 539 1327 habitus
555 1290 637 1333 est3
651 1286 826 1339 ipseque
850 1285 1186 1337 Augustinus
1209 1298 1306 1327 eum
1327 1299 1415 1328 non
1436 1288 1558 1330 aliter
1580 1297 1766 1341 excusat,
1790 1305 1917 1346 quam
1957 1280 1963 1283 ³
2045 1276 2106 1353 ’ἢ
2121 1278 2175 1318 “””

183 1357 296 1409 quod
318 1362 419 1398 tunc
442 1370 493 1398 ea
516 1358 708 1411 quaestio
731 1356 921 1398 nondum
952 1355 1076 1397 fuerit
1107 1357 1273 1398 concilii
1306 1359 1557 1401 universalis
1580 1364 1832 1405 auctoritate
1855 1286 2084 1437 di-ffljj
2108 1358 2157 1391 ‹5›

180 1432 347 1480 rempta
369 1428 425 1484 (n.
449 1430 572 1485 297);
605 1440 703 1480 ergo
726 1440 864 1481 neque
887 1427 1124 1481 Cyprianus
1154 1440 1292 1481 neque
1314 1429 1571 1481 Augustinus
1594 1431 1798 1486 Stephani
1819 1447 1915 1477 sen·
1930 1431 2048 1483 ³41³)
2067 1434 2070 1436 ’

180 1499 359 1539 tentiam
381 1504 602 1552 tamquam
625 1500 955 1552 peremptoriam
979 1504 1254 1551 agnoverunt.
1296 1499 1455 1542 Verum

299 1583 340 1614 a.
366 1570 583 1611 decretum
599 1569 804 1623 Stephani
814 1582 902 1611 non
912 1569 988 1611 fuit
1007 1569 1104 1611 fidei
1125 1570 1152 1610 d
1164 1582 1187 1611 e
1198 1569 1235 1611 fi
1246 1584 1273 1611 n
1285 1572 1297 1611 i
1309 1575 1325 1611 t
1336 1572 1348 1611 i
1360 1575 1438 1626 02),
1461 1573 1535 1614 sed
1557 1587 1583 1627 p
1595 1588 1616 1615 r
1627 1587 1652 1615 a
1664 1587 1686 1616 e
1699 1588 1720 1617 c
1734 1589 1756 1618 e
1770 1591 1795 1630 p
1808 1583 1862 1619 tu
1873 1592 1914 1619 m

178 1640 231 1681 de
253 1641 465 1682 servanda
486 1641 792 1682 consuetudine
815 1641 981 1690 tradita,
1005 1653 1137 1693 quare
1159 1640 1318 1682 factum
1338 1655 1425 1683 non
1448 1648 1512 1685 est
1533 1645 1587 1685 ad
1609 1658 1711 1688 rem.

296 1712 344 1754 b.
370 1711 604 1765 Cyprianus
627 1712 778 1753 restitit
791 1724 879 1753 non
892 1711 971 1752 soli
985 1710 1215 1764 StephanO,
1238 1713 1313 1754 sed
1335 1714 1560 1756 universae
1582 1715 1668 1758 fere
1689 1718 1914 1768 Ecclesiae,

180 1795 292 1835 quae
314 1784 438 1836 hujus
460 1784 626 1836 praxim
649 1783 917 1836 sequebatur.
939 1782 1066 1836 Atqui
1080 1784 1331 1826 universalis
1343 1784 1530 1828 Ecclesia
1552 1788 1618 1828 vel
1640 1789 1763 1841 hujus
1778 1791 1915 1844 major

180 1866 279 1906 pars
315 1866 411 1894 cum
445 1855 618 1895 unitatis
652 1858 798 1895 centro
834 1848 1083 1905 conspirans
1118 1865 1169 1894 ex
1203 1842 1490 1909 cujuscunque
1513 1852 1710 1900 catholici
1730 1861 1914 1914 theologi

182 1926 393 1966 sententia
416 1930 480 1966 est
501 1924 737 1966 infallibilis.
779 1924 887 1977 Ergo
919 1925 955 1965 si
985 1924 1142 1965 factum
1178 1925 1333 1978 aliquid
1364 1928 1529 1979 probat,
1556 1935 1803 1982 sequeretur
1834 1931 1982 1986 (ΞΥ-Ἄ..

178 1996 376 2048 prianum
398 2008 577 2049 negasse
599 1998 725 2038 etiam
749 1997 878 2049 ipsius
900 1996 1112 2038 Ecclesiae
1134 1996 1480 2039 infallibilitatem.

328 2129 350 2165 ¹)
370 2126 612 2161 Concedimus
631 2126 859 2166 adversariis,
878 2136 923 2159 ne
941 2125 1124 2159 declinare
1141 2125 1334 2160 videamur
1351 2127 1620 2171 difficultatem,
1638 2142 1664 2165 s.
1689 2131 1913 2176 cyprianum

181 2188 262 2211 cum
284 2178 358 2212 suis
377 2179 556 2224 episcopis
572 2180 772 2213 celebrasse
786 2178 938 2212 tertium
953 2178 1161 2219 concilium,
1176 2179 1214 2213 in
1228 2191 1300 2223 quo
1316 2181 1545 2224 gravissimis
1559 2185 1680 2218 verbis
1693 2187 1913 2230 reprobatur

178 2231 388 2275 baptismus
407 2232 452 2266 ab
471 2232 665 2267 haereticis
692 2232 859 2271 collatus,
888 2242 905 2264 c
918 2232 1092 2276 ognito
1114 2231 1193 2276 jam
1217 2244 1242 2268 s.
1270 2233 1447 2276 Stephani
1473 2234 1627 2270 decreto.
1661 2237 1797 2272 Verum
1823 2240 1913 2274 haec

177 2283 385 2327 suppositio
404 2295 477 2318 non
497 2293 551 2318 est
569 2288 678 2325 certa,
698 2285 794 2319 forte
818 2295 863 2318 ne
881 2283 1084 2328 probabilis
1112 2284 1272 2328 quidem,
1300 2286 1343 2318 ut
1369 2287 1529 2321 ostendit
1549 2287 1716 2324 Grisar
1740 2292 1911 2328 Zeitschr.

178 2336 240 2370 fiir
257 2337 361 2371 kath.
382 2337 508 2372 Theoi.
528 2337 726 2382 Oeniponti
747 2341 835 2372 1881
854 2349 890 2382 p.
914 2339 1107 2373 193—222.
1143 2337 1242 2371 Num
1260 2338 1450 2382 probabile
1469 2341 1526 2381 sit,
1541 2343 1639 2385 quod
1655 2348 1777 2379 censet
1791 2358 1816 2380 s.
1832 2350 1862 2380 A
1874 2359 1911 2381 u-

177 2401 236 2433 gu
249 2390 349 2424 stin
361 2403 384 2424 u
397 2403 412 2424 s
431 2402 485 2435 ep.
506 2394 550 2425 93
569 2392 613 2426 de
632 2391 836 2435 Cypriano:
874 2390 980 2429 ,Non
996 2391 1282 2435 incongruenter
1301 2392 1344 2425 de
1363 2392 1430 2426 tali
1448 2393 1524 2427 viro
1544 2396 1829 2433 exisffimandum
1846 2403 1911 2441 est,

173 2444 272 2487 quud
289 2447 486 2478 correxerit
505 2450 618 2482 (suam
639 2444 876 2489 sententiam)
906 2445 942 2477 et
969 2443 1123 2477 fortasse
1153 2455 1384 2488 suppressum
1415 2446 1463 2479 sit
1481 2448 1528 2481 ab
1545 2448 1603 2484 iis.
1624 2451 1687 2493 qui
1707 2452 1775 2486 hoc
1793 2463 1911 2488 errore

177 2495 334 2529 nimium
361 2496 536 2530 delectati
565 2498 650 2531 sunt
677 2502 713 2531 et
738 2499 845 2531 tanto
863 2496 967 2530 velut
991 2496 1195 2541 patrocinio
1225 2507 1345 2531 carere
1372 2498 1610 2536 noluerunt:‘
1640 2503 1837 2549 diligenter
1854 2518 1910 2542 ex.

176 2550 307 2593 pendit
325 2550 474 2584 Ernst
499 2551 671 2586 Zeitschr.
699 2553 758 2585 fiir
783 2551 819 2585 k.
838 2550 964 2586 Theol.
986 2553 1084 2590 1895,
1105 2553 1159 2590 19,
1179 2553 1341 2586 234—73
1367 2553 1552 2598 infertque
1579 2567 1661 2590 cum
1681 2559 1724 2593 de
1752 2560 1820 2594 ΞΠ]
1833 2562 1911 2596 edt

176 2604 260 2639 diss,
280 2603 320 2637 in
336 2604 424 2638 hist.
453 2606 535 2641 eccl,
565 2606 813 2650 ,Cyprianum
840 2606 926 2638 ante
954 2605 1110 2638 mortem
1138 2615 1295 2638 errorem
1323 2617 1430 2640 suum
1456 2611 1685 2653 retractasse,
1714 2615 1831 2658 magis
1849 2616 1909 2659 pie

177 2667 287 2700 quam
305 2658 549 2701 probabiliter
568 2660 822 2693 asse1·eretur.‘
858 2657 910 2692 Cf.
929 2667 1051 2701 opusc.
1071 2657 1129 2697 IX,
1154 2658 1220 2693 166
1238 2658 1292 2694 ed.
1312 2660 1342 2693 2.

322 2714 345 2748 2)
366 2711 463 2746 Haec
481 2713 611 2746 saltem
632 2715 685 2746 est
705 2710 935 2755 quorundam
964 2710 1222 2754 theologorum
1250 2712 1442 2747 sententia.
1479 2714 1530 2749 Cf.
1559 2717 1621 2751 Th
1633 2729 1652 2752 o
1666 2731 1701 2753 m
1715 2731 1762 2754 as
1775 2722 1847 2755 sin
1859 2734 1882 2755 u
1895 2734 1909 2755 s

174 2764 262 2798 diss.
283 2768 302 2797 2
322 2765 365 2798 de
385 2775 483 2799 conc.
503 2777 538 2800 n.
559 2771 620 2803 24:
650 2765 676 2799 F
688 2778 705 2799 1·
717 2777 735 2799 a
748 2779 771 2799 n
784 2778 800 2799 z
812 2764 913 2798 elin
931 2765 975 2798 de
992 2764 1117 2798 tradit.
1137 2764 1190 2798 th.
1208 2768 1230 2798 S
1248 2768 1373 2802 annot.
1394 2768 1431 2801 et
1448 2771 1592 2804 suaderi
1609 2774 1732 2816 potest
1749 2785 1791 2808 ex
1810 2775 1908 2818 ipsis,

176 2828 270 2860 quae
290 2821 496 2861 supersunt,
516 2819 696 2864 Stephani
714 2818 844 2858 verbis,
863 2827 957 2860 quae
974 2828 1025 2861 pr
1037 2827 1087 2851 ae
1099 2827 1117 2850 c
1129 2818 1241 2861 epti,
1260 2829 1333 2853 non
1351 2819 1576 2857 definitionis
1593 2825 1749 2860 formam
1767 2838 1853 2870 prae
1872 2839 1908 2862 se

175 2871 309 2906 ferunt.
346 2870 396 2904 Cf.
417 2871 490 2904 diss
518 2873 615 2916 apud
635 2873 691 2906 Mi
705 2882 793 2917 gne
820 2870 951 2915 patrol.
971 2870 1034 2903 lat.
1055 2879 1147 2904 curs.
1167 2871 1339 2916 completi
1356 2872 1417 2914 111,
1436 2877 1515 2909 313.
1552 2877 1721 2912 Cetei-um
1749 2890 1821 2912 non
1849 2880 1907 2914 de-

176 2924 272 2964 sunt,
293 2924 356 2967 qui
374 2926 517 2968 putent,
537 2938 563 2959 s.
584 2925 808 2970 Cypri-anum
828 2923 1079 2967 quaestionem
1106 2924 1202 2958 hanc
1232 2925 1403 2961 habuisse
1423 2939 1496 2963 non
1525 2941 1590 2974 pro
1609 2933 1826 2977 dogmatica,
1847 2934 1908 2968 sed

175 2986 241 3019 pro
261 2976 500 3021 disciplinari,
526 2979 689 3023 adeoque
715 2979 827 3013 etiam
852 2990 878 3011 s.
903 2976 1081 3020 Stephani
1109 2978 1330 3012 sententiam
1348 2991 1420 3014 non
1439 2993 1505 3026 pro
1534 2985 1738 3019 doctrinali.
1774 2985 1852 3027 Qua
1869 2987 1908 3020 in

175 3029 375 3073 hypothesi
394 3031 553 3075 objectio
575 3042 645 3066 non
664 3034 717 3066 est
733 3032 778 3065 ad
796 3042 882 3065 rem.
919 3031 970 3067 Cf.
988 3030 1015 3063 P
1027 3030 1117 3064 alm
1129 3030 1141 3064 i
1153 3032 1222 3065 eri
1240 3032 1293 3066 th.
1310 3036 1364 3070 28.
1381 3037 1444 3074 352
1464 3036 1636 3071 Zeitschr.
1662 3039 1718 3072 fur
1731 3040 1765 3074 k,
1782 3039 1906 3076 Theol,

178 3084 264 3117 1891
284 3095 321 3127 p.
340 3084 516 3125 727—36‚
536 3086 662 3118 contra
680 3096 787 3128 quarr
811 3085 1023 3128 opinionem
1041 3087 1146 3122 docte
1164 3088 1332 3133 disputat
1348 3089 1397 3123 ib.
1417 3085 1503 3124 Ern
1517 3093 1558 3124 st
1579 3094 1667 3126 1893
1682 3104 1715 3136 p.
1732 3093 1906 3129 79—‘104.

1626 3153 1685 3185 29·
