2175 3382
232 161 314 200 3274
569 153 686 188 Tract.
710 153 768 190 lli,
787 153 831 186 dc
852 152 1026 187 Ecclesia.
1047 152 1175 187 'l‘hesis
1197 152 1318 186 XLIX.
1338 152 1381 186 de
1400 153 1622 187 necessitate

348 274 390 315 5.
416 273 635 314 consentit
650 273 848 313 universa
863 272 1093 324 antiquitas
1116 271 1361 320 christiana,
1388 283 1497 324 quae
1523 272 1742 313 ministerii
1764 272 1966 314 ecclesia-

232 344 322 384 stici
340 343 643 384 institutionem
660 344 810 395 repetit
832 355 882 383 ex
907 342 1123 383 voluntate
1139 342 1224 389 Dei,
1248 347 1293 382 ut
1315 347 1432 394 patet
1449 342 1537 394 ,jam
1562 354 1611 383 ex
1635 343 1822 395 epistolis
1845 342 1965 385 Cle-

231 428 270 454 m
285 415 430 455 entis
453 415 619 455 romani
643 420 685 455 et
707 414 852 466 Ignatii
876 413 926 454 M.
963 413 1171 464 Quocirca
1197 425 1415 465 nunquam
1441 413 1627 465 episcopi
1651 413 1783 454 habiti
1804 420 1902 454 sunt
1924 418 1968 454 ut

230 485 409 536 delegati
432 485 497 525 vel
520 485 708 537 deputati
724 485 879 536 populi.
903 485 972 537 qui
990 485 1080 537 ejus
1095 484 1266 524 nomine
1282 483 1513 524 Ecclesiam
1530 489 1689 536 regant.
1712 484 1785 525 sed
1800 496 1968 537 semper

231 556 483 597 exhibentur
513 561 559 596 ut
591 557 769 596 ministri
793 555 958 604 Christi,
994 568 1062 608 qui
1099 555 1152 595 ab
1187 555 1276 607 ipso
1311 555 1487 595 summis
1520 555 1826 607 praerogativis
1857 556 1967 596 aucti

231 627 374 668 fideles
388 632 580 679 pascant,
603 627 812 667 rationem
838 627 914 678 ipsi
938 626 1160 672 reddituri3
1184 638 1401 678 nunquam
1425 625 1479 666 ab
1503 626 1604 678 ipsis
1619 637 1852 679 eorumque
1867 638 1969 667 con-

231 698 335 738 ciliis
358 697 613 750 appellatum
637 697 690 738 ad
715 697 899 738 fidelium
923 703 1114 744 coetum3
1137 710 1354 750 nunquam
1380 697 1563 749 populus
1582 696 1786 749 J'udicavit
1808 696 1859 738 de
1883 697 1968 749 epi-

231 770 383 821 scopis,
415 768 465 808 de
500 769 801 809 controversiis
833 768 938 810 fidei.
972 780 1190 820 nunquam
1215 768 1328 820 leges
1351 768 1445 809 tulit
1467 768 1531 808 vel
1554 767 1608 808 ab
1632 768 1841 820 episcopis
1862 767 1972 809 latas

233 839 525 880 confirmando
550 838 789 886 roboravit3
823 851 1041 891 nunquam
1074 839 1299 891 episcopos
1330 839 1425 891 jure
1457 839 1629 891 proprio
1661 838 1867 891 deposuit,
1899 849 1971 879 ex-

231 910 582 959 communicavit;
607 921 716 962 quae
740 910 883 950 omnia
906 910 1086 962 populus
1110 909 1250 951 facere
1274 914 1430 961 posset,
1453 911 1487 950 si
1510 921 1659 950 revera
1681 919 1812 961 penes
1834 909 1971 961 ipsum

232 981 437 1023 resideret
451 985 640 1033 potestas
655 981 943 1022 ecclesiastica
959 986 999 1022 et
1017 993 1066 1022 ex
1084 982 1175 1033 ipso
1191 981 1233 1021 in
1247 980 1461 1022 Ecclesiae
1473 981 1688 1021 ministros
1699 980 1974 1021 derivaretur.

350 1067 450 1104 Hinc
472 1067 721 1116 praecipiunt
742 1067 1044 1105 constitutiones
1076 1070 1199 1115 apost.
1222 1067 1271 1111 ΙΙ,
1297 1074 1320 1106 4
1341 1080 1347 1103 :
1381 1067 1548 1114 „Neque
1570 1067 1689 1104 etiam
1710 1078 1879 1115 aequum
1900 1071 1973 1112 est,
2004 1071 2007 1073 '

232 1138 252 1163 o
276 1126 463 1174 episcope,
486 1130 532 1163 ut
554 1130 599 1163 tu
621 1127 689 1175 qui
711 1130 827 1175 caput
851 1138 891 1163 es
914 1126 1142 1164 assentiaris
1165 1126 1308 1163 caudae
1330 1126 1354 1162 i.
1379 1138 1409 1162 e.
1434 1126 1543 1169 laico,
1569 1126 1636 1163 sed
1659 1126 1738 1163 Deo
1759 1125 1842 1163 soli.
1876 1125 1972 1162 Nam

232 1188 387 1233 oportet
408 1188 447 1222 te
471 1185 668 1234 subjectos
692 1198 836 1234 regere,
860 1198 938 1223 non
960 1186 1007 1223 ab
1030 1186 1078 1222 iis
1100 1186 1193 1235 regi,
1227 1197 1313 1222 cum
1345 1197 1416 1222 nec
1447 1185 1552 1221 filius
1584 1185 1752 1233 imperet
1781 1184 1884 1233 patri
1915 1196 1973 1222 se·

232 1243 405 1281 cundum
428 1244 659 1285 rationem«
704 1245 754 1282 Et
775 1257 862 1282 cum
886 1245 1021 1282 Victor
1044 1244 1203 1292 quidam
1226 1245 1349 1281 laicus
1373 1247 1507 1282 contra
1529 1244 1803 1292 episcoporum
1817 1246 1973 1281 senten-

232 1303 326 1340 tiam
349 1303 570 1351 opinionem
584 1304 777 1352 quandam
794 1304 996 1352 proferret,
1022 1305 1077 1341 ita
1091 1316 1179 1341 eum
1204 1303 1409 1353 redarguit
1431 1306 1463 1340 A
1476 1316 1502 1340 u
1513 1316 1539 1352 g
1550 1316 1578 1340 u
1589 1315 1606 1340 s
1618 1307 1635 1340 t
1646 1303 1659 1339 i
1670 1316 1696 1339 n
1707 1315 1734 1340 u
1747 1314 1763 1340 s
1786 1302 1833 1340 de
1847 1303 1976 1339 anima

233 1364 272 1399 et
294 1362 377 1410 ejus
399 1362 495 1411 orig.
519 1363 543 1403 l.
570 1370 590 1402 :3
617 1375 646 1400 c.
676 1369 724 1402 12
748 1376 785 1401 n.
815 1370 885 1403 18:
920 1363 994 1407 »In
1016 1376 1093 1411 qua
1116 1365 1185 1400 tua
1208 1362 1403 1400 sententia
1436 1364 1515 1399 tam
1548 1374 1648 1399 nova
1679 1364 1719 1399 et
1747 1363 1882 1399 contra
1902 1360 1974 1398 Ec-

232 1421 368 1458 clesiae
390 1422 516 1458 totius
538 1422 811 1459 auctoritatem
836 1422 1162 1470 disciplinamque
1195 1422 1345 1470 prolata
1366 1422 1484 1459 verbo
1517 1422 1635 1458 etiam
1666 1421 1745 1458 ins
1759 1420 1975 1459 olentis·

233 1480 357 1517 simo
380 1492 475 1517 usus
499 1493 552 1527 es,
577 1480 729 1518 dicens:
754 1481 826 1518 Pro
849 1481 910 1518 his
935 1481 1148 1531 (defunctis
1170 1492 1248 1518 non
1271 1481 1492 1529 baptizatis)
1515 1492 1605 1517 sane
1628 1480 1848 1518 oblationes
1878 1479 1975 1517 assi-

232 1539 330 1576 duas
352 1541 392 1576 et
413 1539 609 1577 offerenda
624 1540 777 1589 jugiter
800 1543 1023 1577 sanctorum
1045 1552 1226 1577 censeo
1249 1539 1438 1577 sacrificia
1461 1539 1716 1578 sacerdotum.
1738 1542 1786 1576 ut
1805 1541 1845 1576 te
1859 1539 1972 1576 homo

234 1597 358 1635 lacius
395 1599 663 1636 sacerdotibus
685 1599 755 1636 Dei
777 1611 848 1636 nec
870 1599 1053 1636 discendo
1088 1599 1286 1644 subderes,
1321 1611 1392 1636 nec
1426 1599 1564 1636 saltem
1599 1598 1718 1635 simul
1752 1597 1972 1646 quaerendo

232 1657 427 1702 misceres,
464 1658 532 1695 sed
564 1658 819 1696 censendo
853 1664 1152 1707 praeponeres«
1197 1658 1307 1703 Quod
1340 1658 1374 1695 si
1397 1657 1562 1695 subinde
1584 1657 1718 1695 fideles
1746 1657 1787 1695 in
1818 1657 1971 1694 consul-

232 1716 394 1753 tationis
416 1717 479 1753 vel
501 1717 737 1754 electionum
759 1716 1102 1766 participationem
1124 1717 1283 1754 admissi
1306 1719 1409 1759 sunt.
1442 1717 1514 1754 hoc
1534 1729 1612 1754 non
1643 1717 1784 1765 probat
1813 1716 1972 1753 illorum

228 1776 307 1824 jus,
332 1776 397 1827 sed
421 1776 646 1824 praesidum
669 1777 750 1814 sive
771 1776 1023 1825 prudentiam
1058 1777 1138 1813 sive
1169 1777 1455 1814 humanitatem
1475 1773 1528 1828 l):
1563 1780 1603 1814 et
1624 1775 1801 1813 fidelium
1834 1774 1972 1812 electio
2038 1791 2043 1794 ·

233 1847 309 1872 non
332 1837 415 1872 erat
437 1835 574 1872 electio
597 1831 697 1889 c]oll
712 1835 918 1881 ationis,
943 1848 1019 1884 qua
1042 1835 1177 1873 electis
1199 1835 1422 1873 conferrent
1443 1835 1728 1881 auctoritatem,
1747 1834 1812 1872 sed
1835 1846 1972 1883 prae-

234 1893 566 1940 sentationis,
592 1907 669 1942 qua
691 1895 942 1944 designarent
964 1896 1195 1943 subjectum,
1220 1895 1322 1943 quod
1341 1895 1571 1943 juflicarent
1584 1894 1781 1939 idoneum,
1804 1893 1847 1930 in
1868 1893 1972 1941 quod

233 1954 445 1990 auctoritas
468 1954 730 1991 ecclesiastica
752 1954 947 1991 derivaret
968 1955 1128 2002 aliquod
1151 1966 1306 1994 munus,

613 2080 634 2124 ξ
662 2079 699 2114 2.
728 2081 781 2114 De
809 2080 1023 2115 ministerii
1050 2080 1317 2116 ecclesiastici
1344 2081 1595 2116 necessitate.

353 2154 451 2195 '251-
474 2151 643 2194 'rhesis
659 2150 836 2194 XLIX·
892 2165 1037 2207 Refice·
1080 2166 1207 2200 debet
1250 2166 1676 2207 ‹tnabaptistarmm
1719 2163 1975 2207 quaelcero-

237 2232 341 2257 rum
371 2228 411 2258 et
437 2226 828 2267 separatistarum
856 2226 1027 2268 opinio,
1058 2235 1150 2268 qua
1177 2225 1474 2259 ecclesiastici
1499 2225 1754 2258 ministerii
1780 2223 1975 2257 'necessi-

236 2286 377 2317 tatem
404 2287 590 2326 neyant.

356 2353 644 2397 Declaratio.
688 2357 862 2401 Sectarii,
898 2369 995 2405 quos
1031 2357 1259 2400 refellimus,
1297 2356 1509 2393 ministerii
1544 2355 1796 2393 ecclesiastici
1830 2368 1857 2392 u
1868 2357 1885 2391 t
1896 2354 1933 2391 il
1944 2354 1975 2390 i-

236 2418 283 2450 ta
297 2417 312 2450 t
326 2427 345 2450 e
357 2427 393 2451 m
419 2415 577 2462 quidem
600 2429 677 2453 non
712 2422 868 2465 negant,
906 2416 973 2453 sed
1008 2417 1092 2465 ejus
1122 2429 1176 2453 ne
1190 2428 1208 2453 c
1220 2429 1239 2453 e
1252 2428 1269 2452 s
1282 2416 1353 2452 sit
1364 2419 1444 2453 ate
1456 2429 1506 2460 m,
1541 2415 1644 2463 quod
1675 2427 1719 2452 ea
1748 2414 1976 2451 adversetur

384 2536 406 2577 ι)
426 2534 452 2568 L
465 2546 485 2568 a
498 2548 520 2568 n
533 2548 556 2580 g
569 2546 586 2569 e
598 2548 621 2569 n
640 2536 678 2569 in
707 2547 764 2580 op.
785 2537 855 2569 Das
876 2535 1122 2570 vaticanische
1139 2535 1283 2577 Dogma-
1300 2546 1371 2569 von
1391 2535 1473 2569 dem
1493 2533 1875 2579 Universalepiscopat
1900 2532 1976 2566 und

237 2588 300 2622 der
320 2588 604 2622 L'nfehlbarkeit
624 2589 686 2622 des
706 2590 858 2634 Papstes
877 2590 915 2622 in
934 2590 1070 2623 seinem
1089 2588 1324 2622 Verhaltniss
1353 2600 1434 2622 zum
1452 2587 1498 2622 N.
1517 2588 1556 2626 T,
1575 2588 1651 2621 und
1668 2587 1731 2623 dei·
1746 2586 1978 2621 kirchlichen

237 2641 543 2686 Ueberlieferung
559 2642 729 2686 plumbus
748 2643 776 2676 R
789 2643 800 2676 i
813 2655 830 2676 c
842 2643 864 2676 h
879 2653 896 2676 c
908 2643 946 2676 ri
960 2643 969 2675 i
989 2652 1147 2676 errorem
1162 2642 1296 2676 iterum
1312 2641 1468 2686 probare
1485 2641 1635 2675 nititur:
1656 2640 1716 2674 sed
1735 2639 1883 2684 quaein
1897 2638 1977 2684 ejus

238 2693 556 2728 confirmationem
577 2694 727 2729 adducit
742 2707 779 2730 a.
795 2696 921 2729 eadem
937 2698 1033 2735 sunt,
1049 2694 1184 2739 quibus
1202 2695 1358 2728 utuntur
1374 2694 1619 2738 protestantes
1633 2693 1678 2726 ad
1693 2691 1975 2726 subvertendam

238 2747 420 2781 Ecclesiae
439 2747 685 2781 hierarchiam
704 2748 814 2792 idque
833 2760 946 2782 unum
960 2748 1133 2793 probant,
1153 2747 1284 2781 merito
1312 2748 1448 2781 sectam
1476 2747 1590 2787 illam,
1618 2747 1677 2780 cui
1704 2746 1783 2790 ipse
1809 2744 1976 2779 addictus

239 2802 306 2842 est,
333 2813 356 2834 n
366 2811 384 2834 e
396 2812 416 2835 o
427 2812 452 2845 p
464 2812 511 2834 ro
523 2803 539 2834 t
551 2811 569 2834 e
582 2812 597 2834 s
609 2803 625 2834 t
636 2812 657 2834 a
668 2813 691 2834 n
704 2801 742 2834 ti
754 2813 777 2834 u
790 2814 823 2834 m
853 2801 924 2835 dici
936 2815 943 2838 2
969 2803 1009 2837 b.
1037 2802 1248 2835 anarchiam
1267 2801 1304 2835 in
1325 2799 1524 2834 Ecclesiam
1542 2799 1734 2833 inducunt.
1768 2798 1881 2832 Dicta·
1892 2808 1976 2832 vero

239 2867 272 2891 c.
293 2854 430 2888 Christi
450 2855 488 2888 et
506 2854 769 2899 apostolorum,
789 2853 836 2888 ad
855 2864 948 2898 quae
966 2857 1150 2899 provocat,
1171 2855 1226 2888 vel
1245 2853 1445 2888 excludunt
1463 2855 1606 2887 certum
1625 2853 1807 2896 quendam
1828 2851 1975 2886 modum

240 2908 460 2944 exercendae
488 2908 695 2952 potestatis,
715 2908 739 2942 i.
759 2919 788 2941 e.
807 2909 957 2949 fastum,
985 2909 1250 2952 despotismum
1279 2908 1426 2948 (Matth.
1446 2910 1500 2947 20,
1519 2908 1597 2948 25);
1622 2907 1679 2940 vel
1703 2906 1864 2951 probant
1889 2915 1975 2949 apo-

240 2962 420 2997 stolorum
445 2961 716 2995 humanitatem
735 2963 771 2994 et
790 2961 1033 3004 prudentiam,
1062 2972 1136 2995 non
1164 2962 1305 3006 negant
1336 2970 1460 2994 eorum
1488 2961 1721 3005 potestatem,
1749 2970 1860 3003 quam
1886 2957 1977 2991 alibi

239 3016 334 3050 clare
352 3013 558 3053 inculcant;
578 3015 635 3048 vel
654 3014 693 3047 in
713 3014 874 3048 alienum
894 3014 1161 3058 detorquentur
1175 3025 1320 3049 sensum
1346 3012 1451 3047 nulla
1464 3013 1608 3047 ratione
1622 3012 1751 3046 habita
1764 3011 1977 3046 harmoniae

239 3068 522 3112 Scfipturarum,
541 3066 675 3110 quibus
693 3069 771 3100 tam
789 3067 978 3110 perspicue
997 3066 1087 3100 alibi
1107 3066 1356 3102 ministrorum
1378 3065 1561 3099 Ecclesiae
1580 3064 1858 3109 praerogativae
1877 3063 1976 3098 evin-

239 3124 381 3156 cuntur.
416 3121 468 3156 Cf.
487 3121 634 3166 Grego
647 3121 750 3154 rius
780 3131 855 3154 naz.
875 3131 925 3155 or.
946 3123 988 3155 32
1008 3131 1042 3154 n.
1066 3124 1101 3154 11
1127 3132 1172 3155 ss.
