2175 3382
191 146 276 187 5012
719 137 838 174 'rx-act.
859 136 917 170 tv.
937 135 982 169 de
1001 135 1082 170 fide.
1101 134 1202 169 Fidei
1221 134 1397 178 analysis.

309 263 406 303 4ὃὸ-
431 257 774 301 Corollarium.
803 255 922 296 Fidei
945 255 1144 308 amdysis.
1169 279 1222 283 —
1242 251 1457 294 Hactenus
1479 252 1640 304 egimus
1663 251 1715 293 de
1738 251 1925 304 genesi

192 330 286 370 fidei
333 330 422 381 jam
479 327 686 380 agendum
732 326 783 367 de
825 326 916 378 ejus
959 325 1132 378 analysi.
1174 349 1231 354 —
1273 322 1455 364 Nomine
1497 321 1683 375 analysis
1727 321 1821 363 fidei
1862 322 1928 363 in-

192 400 387 451 telligitur
409 398 613 439 resolutio
638 396 961 453 (intentionalis)
986 406 1186 436 assensus
1209 392 1303 434 fidei
1325 393 1367 434 in
1390 406 1468 434 sua
1490 393 1707 445 principia,
1741 404 1851 446 quae
1874 392 1929 434 ad

192 482 287 511 eum
313 469 564 510 eliciendum
588 472 856 510 concurrunt.
900 466 1112 507 Plurimae
1135 469 1233 506 sunt
1265 464 1317 505 de
1339 464 1420 505 hac
1444 463 1609 517 analysi
1631 463 1929 516 theologorum

192 541 439 588 sententiae,
462 552 568 593 quas
583 539 769 580 referunt
784 543 825 579 et
843 541 1060 590 exponunt
1081 535 1116 576 Κ
1128 536 1140 576 l
1153 547 1175 576 e
1188 540 1278 588 utg
1290 547 1312 576 e
1325 548 1353 576 n
1375 534 1478 587 disp.
1493 539 1520 579 4
1536 546 1570 577 c,
1585 538 1611 578 4
1628 535 1649 588 ξ
1666 537 1690 578 8
1707 540 1749 575 et
1763 533 1928 591 (fusius)

193 610 409 652 Schmid
432 611 454 651 l.
479 622 511 651 c.
536 611 724 651 Breviter
739 608 1081 661 complectemur,
1105 606 1203 660 quid
1226 606 1460 647 secundum
1484 605 1692 646 hactenus
1715 605 1931 658 disputata

192 683 244 723 sit
267 681 612 734 respondendum
635 679 886 733 quaestioni,
909 691 983 719 cur
1005 678 1173 719 credis?
1216 677 1450 718 Dicendum
1475 688 1574 728 ergo
1599 675 1765 717 videtur

315 753 352 796 l.
376 752 499 793 tidem
523 752 640 803 disp
654 763 678 791 o
693 751 858 791 sitive
880 747 1035 790 resolvi
1056 749 1099 788 in
1121 748 1283 788 motiva
1297 746 1600 789 credibilitatis,
1624 751 1799 798 propter
1821 757 1930 799 quae

187 824 440 876 judicamus,
466 823 768 863 revelationem
785 820 1059 861 christianam
1074 830 1167 859 esse
1182 817 1427 859 credibilem
1451 822 1492 858 et
1513 816 1784 858 credendam.
1808 815 1931 858 Hisce

193 895 360 935 motivis
387 894 590 946 competit
620 896 816 944 respectu
847 890 943 931 fidei
974 890 1117 942 aliqua
1148 890 1256 930 ratio
1289 888 1563 936 causalitatis,
1596 892 1810 940 quatenus
1841 887 1931 928 essi·

193 967 317 1013 ciunt,
351 970 395 1006 ut
429 970 548 1006 actus
571 963 667 1005 fidei
689 962 919 1016 prudenter
941 961 1141 1014 imperari
1162 965 1204 1001 et
1225 960 1319 1001 elici
1341 960 1495 1012 possit:
1526 959 1607 1000 nisi
1629 959 1742 1000 enim
1766 964 1933 1000 constet

193 1036 244 1077 de
277 1035 387 1077 facto
414 1035 685 1076 revelationis
708 1034 842 1086 deque
866 1032 1066 1074 credendi
1087 1032 1312 1073 honestate
1336 1036 1377 1072 et
1408 1029 1680 1082 obligatione,
1715 1029 1931 1083 quomodo

193 1107 422 1160 prudenter
444 1106 540 1147 fidei
563 1118 763 1147 assensus
790 1117 815 1145 a
846 1104 1064 1145 voluntate
1099 1103 1299 1155 imperari
1334 1102 1489 1154 poterit
1513 1103 1569 1156 (n.
1592 1104 1677 1145 461
1702 1101 1805 1157 ss.)?
1848 1099 1932 1142 Sed

193 1178 300 1219 haec
323 1178 484 1218 motiva
507 1176 796 1218 credibilitatis
818 1187 863 1216 se
885 1174 1058 1221 habent,
1091 1179 1136 1214 ut
1163 1174 1253 1226 jam
1276 1173 1470 1221 diximus,
1492 1177 1539 1213 ut
1561 1173 1766 1213 motivum
1790 1177 1929 1213 exter-

193 1262 295 1290 num
319 1249 426 1295 fidei,
449 1253 495 1288 ut
517 1247 736 1300 dispositio
761 1246 814 1287 ad
837 1258 933 1287 eam
956 1246 1011 1301 (n.
1033 1248 1132 1289 467.
1155 1245 1270 1299 486).
1313 1242 1370 1285 Cf.
1394 1243 1566 1285 Peseh
1588 1255 1707 1296 prop.
1733 1246 1798 1287 17.

312 1321 355 1362 2.
389 1319 652 1360 affective
684 1331 759 1359 seu
790 1316 1118 1369 imperative
1149 1315 1374 1357 resolvitur
1405 1321 1526 1356 actus
1559 1314 1655 1355 fidei
1688 1315 1732 1356 in
1754 1314 1932 1367 objecti-

195 1402 293 1431 vam
317 1390 414 1431 fidei
435 1390 706 1431 honestatem
729 1390 854 1429 sitam
880 1389 922 1429 in
945 1387 1208 1440 subjectione
1230 1387 1407 1427 rationis
1431 1391 1603 1427 creatae
1626 1385 1705 1427 sub
1729 1386 1932 1435 increata,
1974 1413 1981 1416 -

193 1466 371 1514 propter
393 1473 520 1514 quam
544 1460 739 1501 voluntas
762 1460 943 1512 imperat
965 1471 1186 1499 assensum
1213 1457 1330 1506 fidei3
1362 1458 1544 1510 „justum
1577 1457 1703 1505 enim,
1736 1457 1872 1510 inquit
1901 1469 1933 1498 s.

193 1532 584 1573 Bonaventura
616 1531 659 1571 in
683 1535 707 1575 3
732 1530 768 1571 d.
792 1534 846 1574 23
871 1542 906 1571 a.
936 1533 954 1572 1
980 1543 1017 1582 q.
1045 1534 1078 1578 1,
1109 1534 1156 1570 ut
1186 1529 1422 1570 intellectus
1445 1534 1592 1569 noster
1614 1529 1673 1569 ita
1695 1528 1932 1581 captivetur

193 1608 235 1644 et
256 1602 479 1655 subjaceat
501 1613 694 1643 summae
716 1602 895 1649 veritati,
922 1601 1030 1641 sicut
1053 1599 1228 1641 affectus
1252 1604 1397 1641 noster
1418 1599 1544 1640 debet
1566 1599 1792 1652 subJacere
1814 1611 1931 1640 sum-

193 1685 289 1714 mae
312 1673 527 1714 bonitati.··
571 1671 770 1713 Ceterum
805 1678 847 1712 et
881 1671 973 1712 aliis
1008 1671 1176 1712 motivis
1210 1675 1257 1711 ut
1290 1670 1572 1715 obedientiae,
1607 1670 1821 1723 religionis
1853 1674 1930 1710 etc.

192 1746 285 1798 pius
308 1744 567 1786 credulitatis
591 1743 766 1784 affectus
799 1743 961 1784 moveri
992 1747 1132 1795 potest
1162 1742 1217 1782 ad
1246 1742 1344 1782 fidei
1375 1753 1597 1783 assensum
1620 1741 1931 1794 imperandum,

311 1817 355 1861 3.
389 1815 649 1856 Elicitive
683 1814 898 1855 reducitur
932 1812 1035 1854 fides
1069 1814 1112 1853 in
1145 1813 1404 1854 intellectum
1436 1812 1571 1864 gratia
1604 1811 1858 1853 illustratum
1891 1816 1932 1853 et

193 1886 499 1934 confortatum;
524 1886 622 1926 hinc
645 1885 724 1926 etsi
746 1885 1042 1927 contendimus
1057 1884 1343 1936 cognitionem
1367 1883 1634 1924 auctoritatis
1646 1882 1722 1923 Dei
1745 1887 1788 1923 et
1808 1894 1931 1924 reve-

192 1958 361 1998 lationis
384 1962 576 2010 spectato
599 1957 730 1997 modo
754 1956 1051 2008 cognoscendi,
1079 1967 1205 2008 quem
1229 1955 1429 2004 continet,
1453 1966 1547 1995 esse
1569 1953 1836 2003 rationalem,
1868 1959 1932 1995 est

194 2029 305 2069 enim
328 2028 439 2069 idem
463 2040 514 2068 ac
537 2027 687 2068 modus
709 2028 960 2080 cognitionis
975 2027 1180 2068 naturalis
1194 2026 1372 2067 rationis
1386 2031 1572 2075 nostrae,
1594 2037 1682 2066 non
1703 2030 1932 2078 propterea

193 2100 421 2140 statuimus
437 2104 634 2140 naturam
649 2099 914 2151 principium,
936 2098 1258 2140 fundamentum
1281 2110 1332 2138 ac
1353 2097 1541 2138 radicem
1558 2096 1674 2137 fidei:
1697 2109 1798 2137 nam
1820 2097 1929 2137 ratio

197 2183 283 2212 non
299 2175 361 2211 est
376 2170 627 2223 principium
643 2170 815 2210 eliciens
829 2169 953 2210 fidem
969 2169 1202 2210 sec-undum
1225 2180 1325 2209 suas
1346 2168 1564 2209 naturales
1585 2168 1708 2217 vires,
1731 2167 1806 2208 sed
1828 2180 1934 2220 qua-

193 2247 317 2282 tenus
352 2241 504 2281 divinis
539 2240 1017 2293 supernaturalibusque
1053 2244 1205 2281 ornata
1239 2244 1281 2281 et
1313 2244 1459 2292 aptata
1494 2244 1558 2280 est
1591 2238 1646 2279 ad
1679 2238 1931 2280 eliciendam

194 2312 487 2364 operationem
510 2324 638 2364 supra
662 2324 834 2353 omnem
857 2311 1050 2353 ordinem
1073 2316 1252 2352 naturae
1275 2315 1487 2352 evectam:
1510 2310 1609 2350 hinc
1631 2309 1736 2351 fides
1757 2322 1845 2351 non
1868 2314 1932 2351 est

195 2394 310 2423 mere
332 2382 566 2430 rationalis,
590 2382 665 2423 sed
686 2383 812 2434 plane
834 2381 1181 2435 supernaturalis.

313 2454 355 2498 4.
381 2452 588 2494 Creditive
620 2465 696 2494 seu
727 2452 1041 2494 formaliter
1070 2453 1296 2494 resolvitur
1326 2452 1430 2493 fides
1461 2453 1503 2492 in
1535 2452 1835 2493 auctoritatem
1857 2450 1933 2492 Dei

193 2524 433 2572 revelantis,
466 2535 575 2576 quae
606 2525 824 2565 constituit
844 2524 1121 2565 intrinsecum
1142 2523 1238 2564 fidei
1259 2524 1477 2564 motivum.
1520 2522 1576 2564 Ut
1607 2527 1750 2564 autem
1780 2533 1933 2563 revera

193 2594 340 2635 ultimo
364 2595 603 2636 resolvatur
624 2596 667 2636 in
689 2597 988 2638 auctoritatem
1010 2596 1096 2645 Dei,
1129 2608 1305 2637 necesse
1326 2608 1415 2636 non
1446 2600 1521 2644 est,
1556 2602 1602 2636 ut
1631 2595 1744 2636 Deus
1766 2595 1856 2647 ipse
1878 2595 1933 2635 sit

194 2665 388 2706 ultimum
411 2666 663 2718 principium
686 2667 971 2718 cognoscendi
993 2666 1440 2723 (Erkenntnissgrund)
1468 2666 1759 2707 exsistentiam
1791 2669 1833 2706 et
1865 2665 1931 2706 in-

193 2734 487 2777 fallibilitatem
511 2736 794 2779 revelationis.
837 2738 898 2779 Ita
920 2738 1090 2791 quidem
1112 2738 1299 2778 sentiunt
1319 2736 1505 2788 theologi
1527 2737 1821 2784 communiter,
1852 2747 1933 2776 nec

195 2807 317 2848 aliter
338 2807 495 2847 sentire
518 2813 707 2858 possunt,
731 2820 951 2861 quousque
975 2809 1201 2850 axiomatis
1222 2809 1357 2849 instar
1378 2811 1657 2860 propugnant,
1690 2806 1816 2847 fidem
1846 2806 1931 2847 vir-

194 2882 330 2918 tutem
352 2888 447 2917 esse
469 2889 559 2918 non
580 2889 707 2929 posse
729 2878 1025 2931 theologicam,
1056 2880 1137 2920 nisi
1159 2879 1331 2921 excluso
1355 2879 1482 2928 omni,
1505 2877 1619 2931 quod
1642 2882 1834 2919 creatum
1856 2881 1931 2926 est,

196 2949 288 2989 solo
303 2947 392 2989 Deo
413 2948 586 2991 nitatur.
620 2947 779 2989 Verum
794 2950 950 2991 frustra
965 2955 1215 3003 argumenta
1237 2955 1509 3003 quaeruntur,
1531 2949 1684 3003 quibus
1706 2948 1789 2989 hoc
1812 2947 1932 3001 quasi

195 3020 367 3060 axioma
390 3018 704 3071 comprobetur.
746 3019 899 3061 Nititur
930 3026 1072 3062 autem
1099 3021 1204 3062 fides
1225 3021 1373 3062 ultimo
1396 3032 1547 3062 revera
1569 3020 1823 3061 auctoritate
1846 3018 1932 3067 Dei,

195 3090 363 3130 etiamsi
385 3089 515 3142 huJ'us
537 3094 579 3130 et
600 3088 700 3130 sacti
720 3090 990 3132 revelationis
1013 3091 1195 3142 cognitio
1218 3095 1283 3132 est
1304 3090 1490 3131 mediata
1512 3094 1688 3134 tantum.
