2175 3382
234 173 319 214 46ss
750 166 869 203 Trnct.
890 166 951 202 111.
971 166 1014 200 de
1031 166 1207 212 primatu.
1226 166 1450 201 Conciouum

234 291 453 329 celebrabat
475 290 622 339 ubique
644 293 836 327 terrarum
852 289 1023 327 Ecclesia
1045 301 1118 329 sec.
1133 289 1191 326 111
1202 289 1295 326 --V.
1319 289 1363 337 (t.
1378 289 1433 326 111
1455 301 1493 328 n.
1511 286 1624 339 4T0).
1648 288 1791 326 Eadem
1813 301 1972 338 quoque

234 349 405 399 reperies
436 351 685 393 sacramenta,
718 348 871 386 cosdem
904 348 1005 386 ritus
1038 348 1077 385 in
1109 351 1276 396 utraque
1298 347 1480 386 Ecclesia.
1524 357 1565 389 (3.
1589 348 1635 385 In
1666 348 1818 386 unitate
1840 347 1971 386 fidei

234 412 380 458 quanta
403 408 632 452 similitudo,
655 420 755 456 quae
777 407 952 444 cernitur
973 412 1059 445 tum
1083 408 1123 444 in
1146 407 1408 456 dependentia
1429 406 1605 444 fidelium
1627 407 1674 444 ab
1698 419 1763 445 ore
1777 407 1972 445 Ecclesiae

234 473 275 506 et
304 468 346 505 in
378 467 490 505 modo
523 467 780 515 componendi
811 467 1094 504 controversias
1118 466 1200 504 sive
1232 479 1300 515 per
1326 478 1530 503 romanum
1552 466 1777 515 episcopum
1799 466 1882 504 sive
1903 478 1973 515 per

235 527 398 565 concilia
429 525 484 576 (n.
511 523 624 578 289).
668 526 777 564 Sicut
808 526 911 563 enim
943 529 1038 563 tunc
1061 530 1191 563 coacta
1212 525 1319 562 fuere
1342 525 1504 562 concilia
1525 525 1776 574 particularia
1798 528 1838 563 et
1859 537 1972 563 oecu-

233 586 384 624 menica
404 586 453 623 ad
473 585 642 635 gerenda
663 585 858 622 Ecclesiae
880 585 1049 634 negotia,
1073 585 1128 621 ita
1150 587 1189 621 et
1212 596 1285 622 sec.
1301 584 1399 621 XIX.
1422 587 1555 622 coetus
1578 584 1973 622 romano-catholicus

234 658 305 684 sua
325 645 442 683 habet
463 645 624 683 concilia
647 644 900 693 particularia
921 646 960 681 et
974 644 1035 681 vel
1057 643 1364 688 oecumenicum,
1388 643 1492 691 quod
1508 655 1578 680 suo
1594 643 1800 692 splendore
1814 646 1974 692 superat

235 717 340 745 cone.
363 704 609 742 oecumenica
631 703 803 752 antiqua.

351 761 394 803 2.
419 763 579 801 Ratione
602 775 686 800 san
699 762 880 799 ctitati
894 773 911 799 s
933 760 1081 799 accedit
1103 763 1236 798 coetus
1256 761 1652 799 romano-catholicus
1666 761 1714 799 ad
1727 761 1973 811 primitivam

233 823 458 861 Ecclesiam.
500 823 596 860 Prae
628 821 750 859 oculis
772 821 874 858 enim
897 820 1115 858 habeantur
1137 830 1176 860 a.
1199 823 1261 858 tot
1282 823 1559 870 martyres,
1593 833 1762 869 quorum
1784 820 1974 870 sanguine

234 882 381 931 ubique
413 884 491 919 sere
522 884 714 918 terrarum
750 880 910 924 rutilat;
943 877 991 920 l).
1015 882 1075 917 tot
1108 879 1340 917 cultores
1371 879 1623 917 consiliorum
1645 879 1972 930 evangelicorum,

234 941 388 979 ordines
409 940 594 990 religiosi,
627 939 667 976 in
690 939 834 988 quibus
856 939 964 988 viget
989 938 1131 976 caritas
1153 950 1243 976 vere
1265 938 1417 976 heroica
1438 939 1481 976 in
1501 939 1717 976 utilitatem
1740 938 1974 977 miserorum

235 1001 359 1038 omnis
381 999 629 1043 conditionis,
653 998 802 1037 aetatis.
835 998 1006 1035 nationis
1031 995 1085 1050 (n.
1110 1004 1190 1037 320
1214 994 1266 1050 ¹);
1300 1007 1340 1038 (3.
1364 998 1439 1035 viri
1460 1011 1516 1047 ap
1531 998 1768 1043 ostolici‚
1801 998 1871 1046 qui
1891 1010 1974 1036 om-

234 1060 352 1097 nibus
383 1059 511 1096 omnia
542 1058 634 1096 sacti
666 1057 829 1101 labores,
863 1057 1036 1102 sudores,
1071 1056 1190 1093 vitam
1222 1056 1347 1105 ipsam
1378 1056 1615 1105 impendunt
1646 1057 1688 1094 in
1720 1057 1889 1094 salutem
1911 1057 1973 1095 in-

234 1118 409 1156 fidelium
440 1120 479 1155 et
509 1117 786 1161 barbarorum3
819 1114 862 1157 d.
892 1116 1208 1154 charismata
1238 1115 1362 1165 gratis
1393 1115 1494 1161 data,
1526 1128 1625 1164 quae
1656 1115 1914 1165 praesentiam
1945 1128 1975 1154 s.

235 1178 407 1226 Spiritus
438 1177 479 1214 in
502 1189 547 1214 eo
567 1178 778 1218 testantur,
811 1178 858 1212 ut
889 1175 1072 1225 colligere
1105 1174 1199 1212 licet
1221 1187 1264 1211 ex
1287 1175 1383 1212 actis
1406 1175 1708 1213 canonizationis
1730 1181 1974 1220 sanctorum

236 1247 277 1277 e.
293 1249 377 1274 san
390 1235 595 1273 ctuaria
610 1233 671 1286 (ex
694 1248 751 1285 gr.
767 1232 968 1285 Lourdes),
990 1235 1031 1271 in
1053 1234 1198 1282 quibus
1221 1234 1320 1271 mira
1341 1237 1560 1283 patrantur.
1584 1247 1752 1283 quorum
1767 1234 1974 1272 veritatem

235 1296 348 1333 nulla
368 1295 661 1332 incredulorum
685 1294 859 1331 sollertia
880 1294 921 1331 in
944 1294 1108 1331 dubium
1130 1305 1266 1331 vocare
1287 1296 1420 1342 potest
1443 1291 1496 1346 (n.
1523 1291 1637 1347 303).

352 1351 395 1394 3.
419 1354 582 1392 Ratione
615 1353 1042 1402 apostolicitatis
1073 1353 1295 1390 aemulatur
1326 1355 1459 1390 coetus
1480 1352 1881 1390 romano-catholicus
1902 1352 1974 1390 Ec-

235 1414 392 1451 clesiam
415 1413 638 1462 antiquam:
671 1425 761 1449 nam
792 1425 862 1461 per
888 1425 1091 1461 nunquam
1114 1412 1377 1460 interruptam
1398 1414 1600 1461 pastorum
1623 1412 1761 1449 seriem
1781 1411 1976 1462 pertingit

234 1485 360 1521 usque
382 1472 429 1510 ad
451 1473 614 1510 Petrum
635 1474 676 1509 et
696 1484 766 1520 per
787 1472 950 1508 Pet-rum
972 1471 1019 1508 ad
1042 1470 1261 1508 Christum:
1288 1470 1366 1508 imo
1388 1471 1588 1520 quaelibet
1614 1471 1777 1509 ecclesia
1797 1471 1990 1520 ejusdem„

233 1531 484 1581 particularis
517 1532 656 1569 saltem
686 1530 854 1568 mediate
886 1528 941 1582 (n.
967 1537 1050 1571 314
1068 1527 1102 1582 3)
1134 1542 1204 1579 per
1235 1530 1414 1568 ecclesias
1443 1531 1624 1568 matrices
1647 1543 1767 1568 suam>
1782 1530 1975 1580 originem

235 1591 483 1640 apostolicam
517 1590 767 1639 comprobare
798 1593 948 1638 potest:
982 1589 1094 1626 nulla
1125 1592 1184 1626 est
1216 1602 1315 1637 quae
1345 1603 1367 1626 a
1398 1602 1437 1627 se
1460 1590 1609 1639 coepit;
1643 1590 1754 1627 nulla
1776 1589 1933 1627 condita
1955 1602 1978 1627 a

234 1653 402 1699 pastore,
426 1649 495 1698 qui
516 1649 686 1687 caruerit
706 1648 887 1698 legitima
908 1649 1094 1686 missione
1118 1645 1171 1701 (n.
1198 1646 1311 1700 313).

351 1718 393 1760 4.
416 1721 461 1757 In
492 1720 630 1769 primis
661 1732 753 1757 vero
783 1720 936 1757 ratione
969 1720 1364 1757 catholicitatis
1398 1720 1566 1757 illustris
1599 1722 1657 1757 est
1687 1720 1837 1769 paritas
1871 1720 1977 1758 inter

233 1782 442 1828 utramque
471 1779 694 1818 Ecclesiam.
738 1779 836 1816 Sane
869 1790 908 1819 a.
938 1779 1001 1816 vel
1030 1780 1182 1817 ratione
1212 1779 1457 1825 nominis,
1491 1779 1596 1828 quod
1630 1779 1728 1816 mira
1760 1779 1974 1817 tenacitate

234 1839 411 1876 inhaeret
443 1839 570 1876 coetui
601 1851 774 1884 romano,
806 1839 852 1876 ut
883 1851 983 1887 quae
1013 1841 1143 1886 patres
1175 1838 1222 1875 de
1248 1839 1321 1875 hoc
1342 1839 1498 1876 nomine
1518 1838 1709 1884 referunt,
1743 1838 1790 1876 ad
1813 1839 1977 1876 verbum

236 1898 470 1942 conveniant
502 1898 592 1935 huic
625 1898 753 1935 coetui
786 1895 840 1949 (n.
867 1896 989 1950 306);
1023 1896 1069 1938 b.
1093 1898 1243 1935 ratione
1278 1897 1510 1942 criterii,
1546 1910 1622 1946 quo
1646 1898 1803 1947 agnosci
1826 1900 1867 1935 et
1888 1898 1975 1948 dig-

234 1958 341 1995 nosci
362 1957 486 2006 possit
507 1969 624 1994 verus
647 1956 875 2003 catholicus,
909 1957 1013 2005 quod
1035 1960 1095 1994 est
1117 1957 1338 1995 communio
1361 1969 1449 1994 cum
1472 1969 1631 1994 romano
1654 1957 1848 2005 pontifice,
1871 1957 1976 1995 idem

235 2019 294 2053 est
315 2029 421 2054 nunc
442 2018 560 2064 atque
583 2016 676 2053 olim
699 2013 753 2068 (n.
780 2013 902 2067 307);
936 2025 977 2056 (3.
1001 2016 1154 2053 ratione
1178 2015 1513 2069 diffusionis,
1547 2015 1755 2065 descriptio
1777 2016 1882 2053 enim
1903 2016 1975 2054 Ec-

235 2076 372 2112 clesiae
404 2075 625 2118 catholicae,
659 2088 777 2123 quam
808 2075 965 2113 exhibet
998 2087 1026 2113 s.
1050 2075 1300 2125 Augustinus
1321 2088 1359 2112 n.
1386 2081 1466 2115 309
1485 2075 1513 2120 3,
1547 2075 1715 2123 quadrat
1735 2075 1975 2113 adamussim

238 2135 279 2171 in
301 2135 515 2172 Ecclesiam
546 2147 767 2179 romanam3
799 2132 844 2175 d.
868 2135 1018 2172 ratione
1043 2134 1443 2184 propagationis
1465 2133 1674 2171 fecundae:
1707 2135 1847 2172 miram
1870 2134 1977 2172 enim

238 2198 277 2230 et
308 2206 412 2231 nunc
433 2194 603 2231 Ecclesia
634 2206 791 2230 romana
821 2206 913 2242 prae
940 2206 978 2230 se
1001 2194 1078 2231 fert
1098 2194 1231 2238 vitam,
1263 2193 1467 2238 virtutem,
1498 2193 1791 2239 fecunditatem,
1825 2206 1978 2242 semper

239 2252 343 2290 enim
366 2253 554 2290 dilatatur
575 2265 645 2301 per
666 2255 802 2302 gentes
824 2253 887 2289 vel
909 2253 1105 2289 barbaras.

360 2334 486 2379 Quare
508 2348 666 2373 romana
683 2335 856 2373 Ecclesia
877 2338 938 2374 est
958 2348 1050 2373 vera
1062 2335 1245 2380 Ecclesia,
1270 2335 1436 2385 ideoque
1458 2336 1585 2373 nostri
1606 2337 1700 2373 sunt
1721 2347 1770 2373 ss.
1784 2335 1978 2374 Ecclesiae

238 2394 262 2430 d
275 2407 296 2431 o
310 2398 355 2430 ct
369 2407 450 2431 ore
463 2406 501 2438 s,
534 2395 575 2431 in
607 2407 776 2442 quorum
809 2395 962 2444 scriptis
983 2398 1119 2432 nostra
1140 2394 1395 2443 reperiuntur
1416 2395 1616 2444 dogmata3
1648 2395 1774 2432 nostri
1794 2408 1830 2431 m
1844 2397 1924 2432 art
1931 2408 1977 2444 y-

239 2465 337 2497 res,
372 2453 440 2501 qui
462 2466 532 2501 pro
556 2453 603 2490 iis
628 2454 880 2503 dogmatibus
906 2454 1052 2491 mortui
1085 2456 1189 2497 sunt,
1222 2466 1322 2502 quae
1344 2456 1382 2491 et
1404 2466 1475 2491 nos
1497 2454 1747 2502 profitemur3
1779 2453 1906 2491 nostri
1926 2466 1977 2491 ss.

240 2511 569 2550 confessores
603 2519 641 2549 et
671 2513 857 2562 virgines,
899 2513 966 2561 qui
997 2525 1060 2550 eas
1091 2513 1260 2550 virtutes
1291 2513 1510 2557 coluerunt,
1545 2525 1641 2561 quas
1672 2516 1712 2549 et
1741 2525 1812 2550 nos
1842 2513 1978 2563 magni

239 2571 400 2607 facimus
423 2574 462 2608 et
485 2571 812 2618 commendamus,
845 2572 1010 2609 consilia
1030 2572 1263 2621 evangelica,
1281 2572 1444 2620 jejunia,
1476 2571 1829 2616 mortificationem,
1863 2584 1978 2621 opera

239 2629 503 2678 poenitentiae
526 2633 597 2666 etc.
642 2630 693 2667 Cf.
718 2631 1018 2679 Campianus
1042 2631 1085 2668 in
1106 2643 1224 2668 aureo
1246 2631 1313 2668 lib.
1336 2631 1475 2668 Decem
1497 2631 1668 2668 rationes
1691 2632 1762 2668 etc.

359 2718 454 2751 451.
487 2708 567 2751 IV.
611 2712 784 2750 Historia
811 2715 1009 2761 primatus
1040 2715 1192 2750 romani
1215 2714 1410 2762 pontificis
1440 2718 1707 2762 aryumentum
1743 2718 1796 2750 est
1826 2714 1978 2751 divinae

241 2771 406 2819 ejusdem
429 2772 700 2808 institutionis:
723 2777 780 2808 est
802 2773 907 2810 enim
928 2772 1131 2821 splendida
1154 2772 1382 2821 adimpletio
1404 2772 1580 2809 vaticinii
1603 2772 1823 2821 singularis.
1867 2763 1978 2810 Sicut

243 2842 335 2879 ergo
357 2829 532 2866 Christus
554 2829 682 2873 Jesus,
715 2830 779 2867 cui
811 2833 901 2868 data
932 2832 1058 2868 omnis
1090 2834 1149 2868 est
1178 2835 1351 2878 potestas
1379 2831 1421 2867 in
1441 2832 1547 2868 coelo
1569 2835 1609 2868 et
1629 2831 1671 2868 in
1691 2833 1806 2876 terra,
1839 2833 1977 2869 auctor

241 2892 302 2926 est
322 2888 410 2925 miri
432 2888 620 2932 vaticinii,
643 2889 698 2925 ita
721 2892 759 2925 et
780 2890 863 2938 ipse
885 2893 1020 2927 auctor
1040 2890 1245 2938 primatus,
1268 2902 1345 2938 quo
1366 2889 1469 2926 illud
1489 2889 1566 2926 fuit
1588 2890 1857 2938 adimpletum.

361 2945 401 2986 l.
427 2946 702 2984 Consideretur
733 2948 1066 2992 vaticinium,
1099 2949 1205 2997 quod
1235 2949 1458 2986 continetur
1487 2948 1619 2985 verbis
1646 2949 1783 2989 Matth.
1810 2955 1874 2994 16,
1902 2955 1974 2989 18:

240 3006 291 3044 Et
323 3018 386 3056 eqo
417 3006 499 3042 dico
531 3007 609 3052 tibi,
634 3007 725 3055 quia
758 3011 797 3043 tu
825 3019 860 3043 es
882 3008 1031 3055 Petrus,
1065 3012 1098 3044 et
1119 3020 1235 3056 super
1255 3008 1351 3044 hanc
1369 3012 1517 3055 petram
1541 3008 1745 3056 aedificabo
1766 3008 1977 3045 Ecclesiam

243 3078 375 3114 meam,
409 3069 441 3101 et
465 3070 604 3113 portae
634 3066 751 3112 inferi
782 3077 854 3102 non
881 3067 1155 3114 praevalebunt
1181 3067 1367 3105 adversus
1389 3079 1482 3103 eam.
1522 3066 1806 3115 Expendantur
1826 3077 1867 3106 a.
1891 3067 1975 3104 hu-

240 3124 380 3161 milis
413 3123 583 3162 conditio
615 3121 722 3175 (prae
753 3123 902 3161 lumine
934 3122 1112 3177 rationis)
1135 3125 1230 3163 Jesu
1252 3125 1404 3171 Christi,
1437 3125 1506 3174 qui
1537 3125 1628 3163 haec
1659 3125 1844 3174 promisit
1863 3137 1976 3174 prae·
