2175 3382
166 135 250 175 36ss
395 130 512 163 'si-act.
535 129 593 163 111.
612 130 656 164 de
675 130 847 174 primatu.
867 131 1155 165 Protestant-ium
1176 132 1356 176 expositio
1375 132 1507 166 Matth.
1532 136 1582 173 16,
1606 136 1656 168 18.

283 246 387 288 Cum
411 252 555 288 autem
571 247 720 289 Petrus
742 261 827 289 non
850 250 903 290 sit
917 249 1130 291 Ecclesiae
1147 250 1466 291 fundamentum
1488 252 1724 293 secundum
1746 264 1900 306 corpus

165 329 239 359 seu
263 318 497 358 secundum
521 330 693 359 carnem
718 324 759 360 et
782 331 892 365 ossa,
923 320 1000 360 sed
1024 323 1188 361 ratione
1211 320 1362 367 fidei,
1394 321 1592 362 nimirum
1617 327 1703 363 tum
1728 327 1901 375 propter

165 389 371 447 insignem
390 388 483 430 fidei
500 389 806 441 professionem
823 392 972 443 (causa
986 391 1233 443 meritoria),
1249 394 1336 431 tum
1352 396 1560 444 quatenus
1576 391 1656 433 fide
1671 393 1900 435 instructus

162 458 286 500 firma
310 466 437 513 atque
460 459 729 501 indefectibili
752 460 874 501 fidem
899 473 1068 513 quoque
1091 461 1131 501 in
1146 460 1331 502 E‹·clesia
1354 461 1581 503 universali
1603 463 1770 511 docere,
1793 475 1897 505 con-

162 541 337 572 servare
353 532 544 584 tuerique
567 544 642 584 pro
662 543 837 572 munere
852 531 978 573 debet
992 532 1140 586 (causa
1156 531 1381 589 formalis):
1404 544 1532 585 super
1553 533 1689 582 fidem,
1711 545 1799 575 non
1821 533 1899 575 ab·

164 605 322 642 straete
336 608 585 654 spectatam,
609 603 682 643 sed
707 608 916 655 quatenus
930 601 1100 643 Petrum
1116 602 1327 646 informat.
1350 604 1391 644 in
1414 615 1465 645 eo
1489 610 1690 646 concreta
1711 604 1900 646 redditur

161 676 203 712 et
230 673 382 713 ceteris
405 678 468 714 est
491 685 641 713 norma
665 673 876 718 credendi,
899 672 1087 714 Ecclesia
1107 673 1189 714 dici
1211 675 1366 726 poterit
1387 673 1620 723 aedificata,
1652 687 1703 716 eo
1726 674 1812 717 scil.
1834 676 1897 717 lo-

162 743 323 795 quendi
347 755 511 795 genere.
535 756 618 796 quo
640 755 797 784 nomen
814 744 1027 797 qualitatis
1049 744 1137 785 sive
1160 743 1298 786 bonae
1320 745 1409 786 sive
1424 745 1563 786 malae
1576 748 1807 799 usurpatur
1820 757 1897 799 pro

164 825 360 866 persona,
392 815 434 854 in
461 826 543 866 qua
566 814 769 866 singulari
790 815 956 856 ratione
977 815 1196 867 reperitur,
1228 821 1270 856 et
1299 815 1560 857 abstractum
1584 828 1660 869 pro
1683 821 1898 866 concreto,

161 897 245 938 quo
261 885 436 937 proinde
459 884 539 924 dici
561 885 680 927 solet.
703 885 745 925 in
768 885 947 937 alicujus
970 886 1047 926 viri
1069 885 1292 938 prudentia
1307 885 1472 927 fundari
1486 887 1702 928 societatis
1716 887 1896 929 salutem

162 956 229 1009 (cf.
258 960 291 998 1.
315 955 436 996 Joan.
459 960 498 1000 Ξ),
519 957 577 1010 4).
621 960 766 1006 Quare
789 956 897 997 sicut
919 957 991 1009 qui
1012 956 1157 997 dicunt
1175 957 1216 1012 ²),
1239 969 1366 1010 super
1387 969 1521 1010 aquas
1542 970 1629 999 non
1652 957 1897 1000 ambulasse

162 1026 273 1067 Petri
298 1039 464 1078 corpu-²,
486 1026 560 1067 sed
583 1025 729 1067 fidem:
752 1039 839 1068 non
861 1032 1018 1079 negant
1040 1026 1210 1068 Petrum
1234 1039 1332 1068 vere
1354 1028 1475 1080 aquis
1497 1027 1798 1074 inambulasse,
1821 1028 1896 1070 sed

161 1102 324 1137 tantum
356 1097 604 1149 significant,
635 1099 777 1139 virtuti
810 1098 904 1139 {idei
937 1099 1188 1140 miraculum
1220 1098 1490 1139 tribuendum
1522 1111 1635 1147 esse;
1677 1101 1737 1140 ita
1766 1100 1894 1141 etiam

161 1173 303 1220 patres
326 1168 423 1209 dum
438 1168 670 1210 Ecclesiam
687 1181 814 1222 super
827 1168 941 1210 Petri
963 1169 1086 1211 fidem
1108 1169 1175 1211 vel
1197 1169 1508 1211 confessionem
1529 1169 1748 1211 fundatam
1771 1181 1896 1223 prae-

158 1238 314 1287 dicant,
346 1251 474 1292 super
496 1239 667 1281 Petrum
699 1239 918 1281 fundatam
951 1253 1038 1282 non
1068 1245 1238 1292 negant.
1282 1240 1346 1281 Ad
1379 1252 1469 1282 rem
1501 1240 1743 1282 Basilius
1765 1240 1788 1284 l.
1811 1242 1839 1283 2
1860 1252 1894 1282 c.

159 1308 413 1351 Eunomium
448 1323 486 1351 n.
522 1314 568 1353 4:
619 1311 754 1361 „Illico
798 1323 873 1364 per
916 1311 1027 1353 hanc
1068 1324 1218 1353 vocem
1252 1311 1423 1353 Petrum
1458 1311 1726 1363 intelligimus
1758 1310 1894 1353 Jonae

157 1378 288 1421 filium
312 1413 320 1421 .
344 1414 351 1421 .
375 1414 383 1422 .
406 1382 477 1434 qui
500 1382 700 1434 quoniam
726 1382 805 1423 fide
823 1382 1081 1435 praestabat,
1105 1382 1318 1424 Ecclesiae
1333 1381 1672 1424 aedificationem
1693 1383 1737 1423 in
1758 1394 1805 1424 se
1826 1393 1893 1423 re-

154 1456 300 1503 cepit.“
351 1451 408 1493 Cf.
431 1466 462 1493 s.
486 1452 718 1494 Thomas
741 1454 783 1494 in
805 1454 844 1495 h.
867 1453 889 1498 1,
934 1454 1105 1495 Falsum
1129 1466 1230 1506 ergo
1262 1459 1337 1502 est,
1367 1458 1510 1506 patres
1532 1454 1641 1494 inter
1662 1465 1708 1494 se
1730 1452 1892 1495 dissen-

154 1522 244 1571 tire,
268 1523 454 1576 nihilque
477 1524 583 1565 certi
606 1536 658 1565 ex
681 1524 760 1565 illis
783 1525 873 1566 erui
895 1537 1032 1578 posse.
1054 1524 1202 1578 Neque
1223 1525 1335 1566 enim
1356 1525 1578 1566 dissentire
1600 1524 1683 1565 dici
1703 1528 1893 1577 possunt,

153 1594 226 1646 qui
247 1606 335 1634 non
357 1606 526 1647 semper
548 1595 721 1648 plenum
753 1601 794 1637 et
816 1596 1102 1649 adaequatum
1125 1608 1297 1637 sensum
1320 1596 1498 1648 alicujus
1519 1600 1659 1636 textus
1681 1595 1891 1644 exhibent,

152 1663 230 1704 sed
252 1677 329 1716 pro
353 1677 494 1706 rerum
518 1666 730 1719 adjunctis
753 1672 795 1708 et
815 1679 947 1719 scopo
970 1679 1099 1708 sensu
1120 1667 1289 1720 partiali
1310 1667 1375 1708 vel
1397 1666 1588 1708 derivato
1610 1671 1796 1707 utuntur.

274 1757 368 1791 350.
405 1747 653 1793 Scholion.
696 1752 993 1790 Protestantium
1016 1755 1258 1803 quorundam
1280 1754 1585 1790 commentarius.
1609 1774 1665 1779 —
1687 1752 1798 1789 Falsa
1828 1753 1890 1789 est

154 1808 288 1857 opinio
309 1822 445 1847 eorum
466 1812 786 1860 protestantium,
822 1813 891 1861 qui
922 1813 1102 1850 veritatis
1133 1812 1329 1850 evidentia
1360 1812 1483 1850 coacti
1513 1812 1690 1850 fatentur
1721 1810 1892 1859 quidem,

160 1868 278 1905 verba
301 1869 438 1910 Mattb.
468 1877 529 1916 16,
570 1877 617 1910 18
654 1871 702 1908 ad
736 1872 934 1909 S‘monem
969 1884 1049 1909 esse
1078 1872 1290 1917 referenda,
1326 1871 1392 1909 sed
1422 1871 1527 1909 hune
1556 1871 1636 1908 illis
1667 1871 1896 1919 supponunt

159 1938 338 1964 sensum:
374 1928 434 1965 Tu
455 1941 494 1966 es
515 1929 668 1977 primus
691 1934 729 1967 et
751 1934 945 1980 princeps,
969 1933 1081 1975 cuius
1104 1931 1302 1981 legatione
1323 1943 1365 1968 ac
1386 1930 1606 1968 ministerio
1636 1941 1708 1979 ego
1738 1929 1781 1966 in
1809 1941 1896 1966 mea

154 1997 198 2022 ex
217 1986 372 2034 judaeis
396 1988 514 2025 simul
535 2001 578 2026 ac
599 1990 786 2038 gentibus
811 1990 1048 2027 aedificanda
1068 1990 1241 2028 Ecclesia.
1261 1992 1372 2035 utar3
1403 1989 1569 2038 ideoque
1590 2001 1671 2026 non
1692 1989 1814 2026 alium
1837 1987 1895 2025 Si-

156 2044 262 2081 moni
283 2046 539 2084 tribuendum
564 2052 721 2085 censent
743 2050 961 2098 primatum
992 2049 1067 2086 nisi
1100 2049 1367 2087 annunciandi
1389 2047 1747 2098 promulgandique
1766 2047 1893 2084 Evan-

154 2104 250 2152 gelii
266 2103 311 2150 2).
355 2104 453 2143 Sane
475 2107 560 2155 ejus
583 2107 735 2144 falsitas
757 2108 984 2145 ostenditur

278 2160 317 2203 l.
354 2164 639 2214 significatione
672 2170 842 2215 petrae
874 2167 1135 2205 ecelesiast³co
1168 2166 1340 2205 aedificio
1374 2167 1611 2216 suppositae,
1644 2177 1743 2214 quae
1777 2165 1892 2214 longe

153 2221 276 2259 distat
297 2236 317 2259 a
340 2224 623 2273 significatione
647 2226 926 2263 concionatoris
947 2226 1021 2263 etsi
1043 2226 1203 2264 clamosi
1225 2238 1268 2264 ae
1288 2226 1490 2275 principis.
1533 2225 1595 2263 Ad
1616 2225 1709 2261 baec

300 2348 324 2393 ¹)
345 2349 669 2394 Hieronymus
688 2362 716 2386 c.
735 2351 857 2386 Jovin.
876 2363 911 2385 n.
931 2355 995 2387 35:
1023 2352 1311 2386 Ambrosius
1335 2353 1379 2386 de
1395 2350 1620 2396 interpellat.
1639 2351 1719 2386 Job.
1739 2350 1761 2384 l.
1788 2354 1802 2384 1
1827 2361 1856 2384 c.
1872 2355 1892 2384 5

153 2412 188 2434 n.
214 2405 255 2435 15
275 2406 309 2434 et
329 2401 382 2435 Ps
395 2411 446 2435 eu
460 2403 479 2436 d
494 2415 514 2438 o
527 2407 580 2438 -A
593 2405 836 2439 mbrosius
855 2399 899 2438 de
917 2405 1048 2440 'ta-init.
1067 2416 1096 2439 c.
1115 2407 1159 2439 29
1177 2405 1299 2451 (Mig.
1321 2408 1374 2449 17,
1393 2405 1487 2451 541).

298 2457 323 2495 2)
346 2455 396 2488 lta
417 2455 450 2489 H
463 2467 483 2489 a
496 2468 511 2490 s
524 2467 542 2490 e
562 2456 706 2491 Handb.
726 2458 791 2491 der
809 2460 903 2502 prot.
925 2458 1090 2492 Polennik
1107 2469 1192 2504 pag.
1213 2461 1307 2493 1204.
1342 2459 1427 2493 Non
1455 2459 1590 2492 desunt
1605 2459 1732 2492 ‘tamen
1750 2468 1794 2492 ex
1811 2467 1893 2501 pro·

151 2506 396 2546 testantibus,
416 2509 478 2551 qui
498 2511 701 2544 concedunt
718 2510 817 2544 hisce
831 2511 952 2544 zerbis
966 2511 1144 2545 collatum
1165 2513 1278 2546 fnisse
1292 2512 1505 2557 primatum.
1531 2510 1586 2544 Ita
1611 2521 1665 2545 ex.
1688 2521 1742 2555 gr.
1765 2509 1892 2544 scribit

150 2558 176 2592 S
189 2570 206 2592 c
220 2559 243 2593 h
256 2559 344 2593 elli
359 2573 380 2593 n
393 2572 418 2604 g
446 2561 579 2595 Philos.
599 2563 663 2596 der
684 2563 824 2598 Offenb.
843 2567 906 2599 301
926 2578 933 2597 :
971 2563 1096 2604 ,Die-se
1115 2565 1242 2600 Worte
1261 2564 1398 2599 Christi
1415 2564 1497 2598 sind
1514 2563 1611 2608 ewig
1628 2562 1892 2598 entseheidend

148 2611 209 2645 fiir
227 2612 298 2646 den
320 2612 457 2647 Primat
475 2615 538 2648 des
557 2616 592 2650 h.
612 2616 738 2650 Petrus
759 2619 867 2650 unter
885 2618 956 2651 den
973 2617 1173 2661 Aposteln:
1194 2629 1230 2652 es
1247 2618 1403 2663 gehorte
1421 2617 1480 2651 die
1497 2626 1614 2662 ganze
1628 2615 1893 2660 Vei-blendung

153 2665 218 2714 des
238 2665 496 2710 Parteigeistes
515 2668 617 2703 dazu.
637 2669 702 2703 das
721 2669 956 2704 Beweisende
975 2671 1096 2705 dieser
1109 2671 1240 2705 Worte
1257 2682 1303 2705 zu
1319 2671 1530 2705 verkennen
1546 2670 1636 2703 oder
1652 2669 1724 2703 den
1738 2669 1893 2703 Worten

150 2717 261 2752 einen
280 2720 442 2754 anderen
460 2721 513 2753 als
532 2722 656 2755 diesen
675 2723 766 2756 >iun
782 2723 1082 2768 uute1·zulegen.‹
1119 2724 1152 2757 M
1166 2733 1220 2769 ey
1232 2735 1278 2758 er
1307 2723 1582 2768 kritisch-exeg.
1601 2723 1837 2756 commentar
1853 2721 1893 2756 in

153 2771 188 2805 h.
209 2770 253 2806 l.:
277 2772 402 2810 ‚Oline
420 2773 563 2808 Zweifel
580 2774 673 2808 wnd
690 2775 865 2820 iibrigens
884 2776 963 2811 hier
980 2778 1062 2811 dem
1080 2777 1210 2811 Petrus
1238 2778 1302 2811 der
1318 2777 1460 2811 Primat
1482 2783 1591 2810 unter
1617 2775 1689 2809 den
1711 2774 1892 2819 Apostelu

151 2824 359 2858 zueikannt
376 2852 383 2859 .
399 2852 407 2859 .
423 2851 430 2859 .
451 2827 568 2860 dannt
598 2829 742 2862 stinimt
771 2829 866 2863 auth
897 2830 956 2863 die
979 2831 1264 2875 toi-anstellung
1293 2831 1333 2864 in
1361 2830 1433 2864 den
1448 2828 1892 2874 Apostelverzeichnissen

155 2879 229 2912 und
251 2880 312 2912 die
329 2880 602 2915 thatsiichliche
619 2881 939 2927 [eberlegenheit‚
958 2883 997 2917 in
1014 2884 1170 2918 welcher
1188 2885 1254 2918 wir
1271 2884 1342 2918 den
1358 2885 1497 2928 ,Jiinger
1509 2884 1709 2928 durchweg
1730 2882 1782 2916 im
1796 2884 1891 2927 Apo-

151 2933 218 2966 stet
228 2932 349 2966 kreise
375 2933 495 2967 finden
520 2934 618 2980 (Vgl.
637 2937 732 2980 Arg.
757 2939 808 2975 15,
824 2938 866 2973 7:
887 2941 918 2975 2,
937 2941 1002 2973 41:
1023 2936 1103 2971 Gal.
1128 2942 1155 2977 l,
1177 2941 1236 2976 18;
1255 2940 1287 2978 2,
1307 2940 1328 2972 7
1347 2942 1399 2979 s).
1433 2936 1560 2970 Dieser
1586 2936 1722 2970 Primar
1751 2936 1802 2970 ist
1824 2947 1890 2969 un-

151 2986 350 3029 parteiisch
368 2987 590 3032 zuzugeben,
609 2988 696 3022 aber
713 2989 807 3022 ohne
825 2989 883 3023 die
901 2991 1106 3025 romiscben
1124 2990 1419 3035 Consequenzen,
1446 2990 1493 3024 da
1509 2990 1614 3024 Jesus
1629 2989 1750 3024 weder
1766 2988 1888 3023 Nach-

147 3038 270 3083 folger
288 3041 338 3073 im
357 3040 462 3085 Auge
488 3040 605 3081 hatte,
634 3042 729 3075 noch
758 3041 818 3075 die
839 3043 969 3087 Papste
996 3044 1118 3078 solche
1136 3045 1365 3089 Nachfolger
1391 3043 1509 3078 sind.‘
1544 3043 1595 3078 Cf.
1625 3043 1771 3088 insigne
1787 3042 1889 3076 ‘cesti-

151 3092 315 3126 monium
334 3092 516 3128 Brunonis
533 3094 561 3128 B
574 3105 595 3128 a
607 3106 629 3128 u
641 3106 689 3129 er
705 3094 807 3139 apud
824 3095 947 3140 Sepp
967 3097 1031 3131 das
1051 3098 1173 3132 Leben
1192 3097 1329 3132 Christi
1346 3098 1370 3131 l.
1390 3100 1410 3132 6
1429 3107 1457 3131 c.
1477 3099 1533 3131 35.
