2175 3382
241 151 328 190 45¹4
615 144 732 178 Tract.
754 142 812 176 lv.
833 143 876 176 de
895 142 974 176 fide.
994 141 1179 184 Quaenam
1199 141 1385 176 certitudo
1406 141 1612 185 requiratur

360 274 454 307 465.
496 262 831 307 corollarium.
875 266 988 302 Ratio
1024 278 1067 301 ne
1091 265 1203 301 nimis·
1225 265 1478 312 deprimatur.
1504 286 1558 290 —
1581 263 1706 307 Quare
1738 276 1816 301 non
1848 264 1976 302 solum

241 326 509 363 lutherani
532 328 692 369 veteres,
725 325 793 373 qui
816 324 1004 362 rationem
1031 324 1241 360 humanam
1276 335 1437 371 prorsus
1461 324 1664 371 spernunt,
1698 322 1764 360 sed
1796 326 1835 360 et
1866 323 1976 361 theo·

241 386 317 435 logi
341 385 410 425 illi.
442 384 511 433 qui
534 387 578 421 ut
600 383 849 420 revelationis
872 383 1142 420 necessitatem
1174 382 1376 426 extollant,
1409 382 1601 419 rationem
1634 381 1863 431 deprimunt
1892 394 1976 420 om-

240 457 406 492 nemque
441 443 676 492 cognitionis
708 442 909 480 rationalis
937 442 1127 491 originem
1161 441 1223 478 vel
1254 440 1534 478 certitudinem
1566 453 1610 478 ex
1644 441 1884 479 revelatione
1914 453 1976 479 re·

241 506 394 552 petunt,
418 507 463 540 ut
486 501 945 540 traditionalistae
968 504 1038 538 etc.
1071 500 1300 538 revelationi
1335 500 1468 548 potius
1491 502 1633 537 nocent
1653 512 1773 548 quam
1795 502 1975 549 prosunt,

240 563 317 599 imo
339 575 422 599 eam
445 561 694 601 subvertunt.
738 560 848 598 Sicut
871 561 976 597 enim
998 560 1124 609 gratia
1147 559 1363 596 universim
1387 561 1566 596 naturam
1595 559 1889 608 praesupponit,
1913 559 1978 596 cui

241 621 441 666 inseritur,
465 624 509 658 ut
532 633 615 658 eam
637 619 832 669 perficiat:
855 620 911 656 ita
934 619 1136 668 speciatim
1159 618 1252 655 fides
1267 617 1552 667 praesupponit
1566 618 1768 663 rationem,
1794 617 1977 662 ‚credere

240 681 343 718 enim
366 692 442 717 non
464 692 676 728 possemus,
703 678 832 727 inquit
854 678 1182 728 Augustinus
1204 690 1262 726 ep.
1285 682 1363 716 1211
1388 689 1424 717 n,
1443 683 1478 721 3,
1503 676 1580 714 11151
1604 677 1752 714 animas
1766 677 1977 715 rationales

241 739 482 777 haberemus.
494 745 510 762 ¹
547 738 682 786 Neque
706 737 798 774 fides
819 737 1103 786 praesupponit
1119 737 1246 774 solum
1262 735 1427 773 rationis
1443 735 1682 782 facultatem,
1705 748 1841 774 verum
1855 735 1978 773 etiam

241 799 402 836 rationis
433 810 587 835 usum.
633 797 721 841 „Sic
755 797 858 837 tides.
890 796 1022 844 inquit
1044 796 1256 833 Thomas
1289 795 1313 831 l.
1338 807 1374 842 q.
1401 800 1421 834 2
1446 808 1477 832 a.
1505 801 1525 834 2
1551 795 1597 831 ad
1628 803 1658 840 1,
1693 794 1979 844 praesupponit

241 858 502 907 cognitionem
537 856 766 895 naturalem.
801 856 902 892 sicut
936 855 1063 904 gratia
1096 858 1278 891 naturam
1314 857 1351 891 et
1388 858 1433 891 ut
1470 854 1655 902 perfectio
1690 853 1976 903 perfectibile.‘

241 917 427 961 Quocirca
450 915 671 953 Bautain
702 921 818 963 atque
854 914 971 951 etiam
1003 914 1191 951 Bonett
1201 926 1227 962 y
1262 913 1487 950 debuerunt
1521 913 1765 951 subscribere
1798 925 1906 963 prop.
1930 920 1975 954 5:

242 975 447 1020 ,Rationis
470 988 494 1012 u
510 987 526 1011 s
541 987 590 1012 us
612 974 725 1011 fidem
747 973 941 1022 praecedit
966 976 1004 1010 et
1027 973 1074 1010 ad
1096 986 1181 1010 eam
1203 972 1402 1010 hominem
1423 984 1494 1020 ope
1509 972 1760 1010 revelationis
1775 976 1815 1010 et
1828 971 1978 1022 gratiae

241 1035 470 1075 conducit-2<
494 1039 532 1071 et
556 1033 763 1070 concilium
797 1032 1093 1070 coloniense
1116 1032 1140 1071 l.
1164 1043 1194 1072 0,
1215 1031 1375 1068 statuit:
1411 1031 1531 1074 ,Tam
1555 1043 1724 1069 consona
1744 1031 1889 1069 rationi
1919 1033 1980 1069 est

242 1094 346 1133 fides.
370 1098 416 1131 ut
438 1093 505 1130 illa
528 1092 575 1130 ad
598 1093 693 1129 hanc
716 1091 876 1129 inducat
898 1092 1079 1139 viamque
1103 1093 1263 1130 sternat.
1307 1090 1396 1127 Non
1429 1090 1533 1127 enim
1564 1090 1770 1137 credimus,
1804 1090 1881 1128 nisi
1914 1103 1977 1127 ra-

241 1153 349 1191 tione
371 1152 660 1201 perspicientes,
685 1151 763 1188 Deo
786 1163 867 1188 esse
889 1150 1125 1188 credendum
1160 1162 1328 1198 eumque
1352 1161 1435 1187 esse
1467 1149 1685 1188 locutura«
1730 1149 1979 1198 Quapropter

237 1213 318 1261 jam
341 1212 567 1250 Clemens
591 1211 686 1249 alex.
709 1210 991 1258 philosophiam
1015 1209 1154 1248 Strom.
1178 1209 1202 1246 l.
1220 1216 1240 1249 5
1267 1208 1363 1246 dicit
1388 1208 1668 1262 ,προπαιδείαν
1692 1209 1754 1254 iis,
1777 1209 1847 1257 qui
1859 1208 1977 1246 fidem

242 1284 286 1308 ex
308 1270 642 1308 demonstratione
666 1269 930 1317 percipiunt,<¹
966 1271 1082 1316 atque
1105 1268 1250 1306 iterum
1275 1268 1430 1305 scribit:
1467 1268 1705 1317 „Praeparat
1725 1267 1977 1317 philosophia

241 1331 276 1368 ei
298 1330 401 1367 viam
423 1329 617 1373 muniens,
642 1329 710 1376 qui
733 1342 753 1365 a
776 1328 926 1366 Christo
947 1328 1188 1377 perficitur.<‘
1210 1349 1260 1354 -—
1276 1327 1422 1365 Verum
1446 1331 1485 1364 et
1506 1327 1567 1364 illi
1589 1327 1765 1377 theologi
1786 1327 1901 1364 fidem
1915 1326 1976 1364 in-

242 1391 385 1426 tricant
407 1392 445 1425 et
467 1389 551 1436 ejus
572 1387 747 1437 genesim
767 1387 938 1424 reddunt
959 1386 1281 1436 inexplicabilem,
1316 1386 1383 1435 qui
1418 1386 1534 1424 fidem
1565 1386 1659 1424 adeo
1691 1386 1908 1424 sublimant
1937 1387 1978 1423 et

243 1449 407 1492 elevant,
443 1450 489 1484 ut
511 1459 639 1485 carere
663 1446 844 1483 videatur
866 1445 1119 1483 fundamento
1142 1445 1334 1491 rationali,
1369 1445 1555 1494 abyssum
1577 1446 1763 1495 aperiunt
1783 1445 1978 1483 rationem

242 1508 346 1545 inter
367 1512 405 1544 et
427 1506 553 1551 fidem,
577 1518 692 1554 quam
716 1517 813 1554 pons
836 1505 971 1542 nullus
993 1504 1184 1551 conciliet,
1216 1508 1262 1542 ut
1284 1505 1469 1542 nonnulli
1491 1504 1665 1554 theologi
1688 1505 1758 1543 hoc
1785 1504 1827 1542 in
1857 1517 1977 1554 argu-

244 1568 374 1604 mento
397 1566 515 1603 nimis
539 1564 696 1613 mystici
720 1561 774 1616 (n.
799 1562 913 1615 461).

364 1660 460 1700 469.
485 1656 712 1701 Scholion
740 1656 781 1700 Ι.
819 1653 969 1696 Gravis
992 1656 1182 1708 quaestio
1207 1655 1350 1703 oritur,
1373 1655 1603 1708 cujusmodi
1625 1656 1823 1696 certitudo
1845 1655 1894 1696 de
1915 1669 1978 1695 re-

248 1729 418 1770 relation
427 1730 459 1769 is
489 1727 599 1781 facto
628 1729 868 1783 requiratur
890 1742 939 1768 ae
961 1726 1158 1782 sufficiat,
1190 1731 1237 1767 ut
1257 1726 1487 1779 prudenter
1509 1726 1682 1768 credere
1703 1726 1916 1779 possimus
1937 1728 1981 1767 et

247 1800 300 1842 ad
323 1799 579 1841 credendum
601 1798 845 1851 obligemur.
888 1797 981 1849 Qua
1002 1798 1054 1839 de
1076 1810 1122 1839 re
1144 1798 1252 1839 haec
1274 1809 1376 1850 prae
1399 1798 1532 1839 oculis
1554 1797 1813 1839 habeantur:

370 1883 409 1925 l.
434 1882 548 1923 Licet
570 1882 761 1923 collectio
777 1882 966 1923 omnium
982 1882 1239 1922 motivorum
1253 1880 1541 1921 credibilitatis
1563 1893 1675 1921 sum
1687 1893 1728 1921 m
1741 1892 1820 1921 am
1842 1892 1979 1933 quan—

246 1954 345 1995 dam
376 1953 516 2005 gignat
547 1952 839 1993 certitudinem
863 1951 989 2007 (cf.‚n.
1013 1953 1098 2008 97),
1120 1952 1228 1993 11300
1259 1956 1403 1993 tamen
1434 1952 1678 1993 necessaria
1708 1963 1795 1993 non
1827 1955 1902 2001 est,
1932 1955 1982 1992 ut

245 2029 361 2077 patet
383 2036 433 2065 ex
456 2023 587 2064 facto:
611 2024 816 2064 rarissimi
839 2023 950 2064 enim
973 2027 1071 2064 sunt
1092 2022 1247 2073 fideles,
1269 2023 1340 2076 qui
1362 2022 1462 2064 dum
1485 2022 1659 2064 credere
1672 2022 1830 2072 volunt,
1852 2021 1981 2063 moti-

245 2107 395 2136 vorum
418 2086 615 2135 omnium'
629 2107 840 2135 summam
862 2105 965 2146 prae
987 2094 1121 2135 oculis
1143 2093 1331 2135 habeant
1354 2093 1421 2134 vel
1443 2094 1571 2134 etiam
1594 2097 1735 2135 mente
1756 2092 1982 2146 complecti

247 2167 420 2218 possint.
443 2167 631 2209 contenti
653 2168 767 2207 enim
789 2165 927 2206 solent
949 2177 1042 2206 esse
1064 2177 1150 2206 11110
1173 2165 1371 2206 alterove.

364 2250 407 2292 2.
430 2247 523 2289 Non
540 2249 766 2301 requiritur
780 2249 834 2289 ad
848 2248 973 2289 fidem
988 2248 1260 2289 revelationis
1283 2260 1305 2289 e
1316 2247 1404 2288 vid
1417 2259 1439 2289 e
1451 2248 1576 2291 ntia.
1597 2246 1806 2300 „Nimium
1819 2246 1980 2290 tribue-

247 2325 374 2368 retur,
397 2319 530 2372 inquit
553 2319 776 2360 concilium
801 2319 1125 2360 coloniense
1147 2320 1206 2362 tit.
1239 2324 1259 2363 1
1283 2331 1374 2371 cap.
1400 2323 1438 2368 6,
1469 2318 1636 2367 rationi,
1667 2319 1703 2359 si
1723 2316 1778 2358 ad
1800 2318 1978 2359 demon-

248 2390 467 2430 strandam
489 2389 794 2430 revelationem
817 2390 1024 2442 ejusmodi
1045 2390 1360 2443 requirerentur
1381 2394 1641 2441 argumenta,
1668 2400 1777 2442 quae
1798 2401 1886 2429 non
1907 2400 1981 2430 so-

245 2461 331 2502 lum
367 2473 493 2502 omne
525 2461 699 2502 dubium
725 2461 911 2513 prudens
933 2461 1215 2511 excluderent,
1247 2461 1321 2502 sed
1343 2473 1453 2514 quae
1475 2473 1553 2502 sua
1575 2460 1786 2502 evidentia
1808 2471 1980 2500 omnem

246 2532 406 2573 homini
437 2536 691 2584 potestatem
723 2532 896 2573 dubium
929 2532 1211 2585 quodcunque
1234 2533 1427 2584 quamvis
1448 2531 1693 2584 imprudens
1715 2529 1982 2582 concipiendi

247 2602 492 2644 adimerent.
536 2602 740 2655 MaJ'orem
773 2604 882 2643 enim
917 2603 1167 2652 libertatem,
1199 2615 1326 2656 quam
1358 2615 1468 2656 quae
1491 2602 1749 2654 argumentis
1771 2600 1982 2653 ejusmodi

247 2673 458 2715 evidentia
488 2686 566 2715 sua
599 2686 678 2714 nos
699 2674 944 2725 urgentibus
965 2674 1129 2727 reliqua
1151 2678 1275 2723 esset,
1304 2673 1428 2723 DeUS,
1460 2673 1531 2726 qui
1551 2672 1724 2724 insignis
1745 2671 1884 2713 meriti
1905 2683 1979 2712 oc-

248 2745 464 2786 casionem
486 2744 646 2785 homini
668 2744 873 2796 praebere
895 2745 1076 2794 volebat,
1100 2750 1207 2786 teste
1230 2743 1500 2797 experientia,
1527 2755 1623 2784 cum
1645 2741 1726 2784 fide
1749 2741 1980 2795 conjunxit.

247 2813 290 2855 Si
322 2814 581 2866 argumentis
613 2815 737 2854 certis
769 2813 950 2866 quidem,
981 2827 1067 2855 non
1098 2820 1243 2855 tamen
1274 2825 1443 2866 semper
1472 2818 1603 2861 tanta,
1635 2813 1688 2854 de
1715 2825 1798 2866 qua
1820 2813 1978 2853 dictum

248 2890 322 2935 est,
353 2884 563 2926 evidentia
594 2884 858 2937 fulgentibus,
890 2886 932 2926 in
963 2886 1141 2938 negotiis
1170 2886 1297 2927 etiam
1325 2885 1584 2938 gravissimis
1606 2884 1718 2925 vitae
1740 2883 1978 2925 communis

247 2957 342 2997 duci
373 2956 571 3004 solemus,
602 2966 738 3008 neque
770 2961 815 2996 ut
837 2955 957 2997 alteri
979 2956 1104 2997 fidem
1125 2956 1372 3005 habeamus,
1395 2955 1651 2997 evidentiam
1673 2955 1788 2995 illam
1809 2965 1980 3006 semper

246 3029 465 3080 exigimus,
489 3039 574 3077 cur,
605 3032 651 3068 ut
672 3027 919 3068 revelationi
941 3028 1170 3080 prudenter
1192 3028 1487 3076 assentiamur,
1518 3027 1601 3068 alia
1623 3026 1886 3078 exigeremus
1908 3035 1983 3065 ar-·
