2175 3382
856 125 952 160 circa
969 126 1141 160 veritates
1159 125 1348 160 revelatas.
1883 128 1966 170 501

349 245 392 287 3.
415 245 527 283 Unde
548 246 675 295 liquet-
696 259 876 285 assensus
897 247 1125 284 firmitatem
1146 260 1225 285 non
1247 259 1330 284 esse
1353 247 1456 284 actui
1481 247 1559 294 ipsi
1581 249 1781 284 externam
1803 249 1843 283 et
1864 258 1968 283 mere

228 305 460 351 affectivam,
483 318 505 342 a
526 306 606 342 solo
621 306 840 344 voluntatis
862 306 1026 343 arbitrio
1048 318 1249 343 assensum
1272 306 1427 343 firmum
1450 306 1678 354 imperante,
1701 308 1747 343 ut
1769 318 1856 343 cum
1878 305 1967 354 quis

229 365 406 415 opinioni
428 364 620 413 probabili
644 365 867 402 firmissime
890 367 930 402 et
952 365 1205 413 pertinaciter
1229 364 1423 409 inhaeret3
1457 365 1523 401 sed
1546 377 1627 402 esse
1650 365 1753 402 actui
1776 365 1967 402 internam

228 426 391 474 propter
411 423 548 461 motivi
570 423 810 470 firmitatem,
843 425 935 461 inde
961 425 1097 469 ortam,
1130 424 1232 471 quod
1255 424 1446 460 motivum
1469 423 1561 461 fidei
1584 436 1650 460 seu
1673 423 1886 461 auctoritas
1909 423 1967 460 di-

229 483 322 520 vina
344 483 498 520 sinatur
519 495 632 531 agere
655 483 872 520 secundum
895 495 1010 520 suum
1033 483 1187 532 pondus
1210 494 1252 519 ac
1272 482 1456 531 pretium.

347 538 391 582 4.
414 541 557 589 Liquet
572 541 676 579 hunc
690 554 890 579 assensum
907 554 990 579 esse
1006 542 1164 590 quidem
1188 542 1453 590 appretiat
1466 542 1511 577 iv
1524 553 1543 577 e
1567 541 1764 589 majorem,
1788 553 1865 577 non
1877 553 1968 578 vero

229 601 448 638 necessario
479 600 766 646 intensive,
799 601 945 638 nedum
976 601 1188 638 secundum
1220 613 1388 645 sensum,
1420 600 1605 648 majorem
1638 611 1801 636 assensu
1823 612 1865 636 ex
1889 599 1966 636 evi-

230 660 364 697 dentia
385 660 543 697 oborto:
567 672 694 707 neque
717 672 805 697 cum
827 660 964 709 majori
986 660 1076 697 fidei
1099 659 1335 697 certitudine
1357 671 1533 708 pugnare
1555 671 1754 696 assensum
1775 658 1969 695 intensive

230 719 419 767 majorem
450 718 612 756 veritati
644 719 816 756 naturali
847 719 1078 764 exhibitum,
1112 719 1213 756 sicut
1245 731 1333 755 cum
1356 731 1485 755 amore
1508 718 1576 755 Dei
1600 730 1718 766 super
1739 717 1868 754 omnia
1890 729 1969 754 non

230 780 384 827 pugnat
405 790 512 815 amor
534 780 733 815 creaturae
756 778 922 826 alicujus
946 778 1142 815 intensive
1164 778 1301 826 major.
1342 778 1424 815 lmo

349 835 390 878 5.
416 837 551 886 negari
572 837 713 884 nequit
736 837 941 874 scientiam
965 850 1042 875 non
1066 838 1191 874 solun]
1227 837 1477 873 claritate
1509 838 1547 873 et
1570 835 1766 872 evidentia
1788 834 1969 872 excedere

229 895 357 941 fidem,
391 895 455 933 sed
489 895 608 932 etiam
639 896 681 932 in
716 896 847 945 aliqua
878 897 1017 944 majori
1049 896 1352 933 exclusione
1382 895 1605 932 formidinis
1637 896 1676 931 et
1707 894 1827 931 dubii.
1869 894 1969 930 Nam

230 954 408 1003 quamvis
439 954 545 998 fides,
579 956 626 991 ut
657 957 768 992 notat
790 956 927 1005 Lugo
958 969 995 992 n.
1022 962 1086 1002 35,
1119 968 1232 993 omne
1256 946 1419 992 dubium
1444 957 1484 991 et
1504 954 1755 991 formidinem
1777 953 1968 990 actualem

229 1014 411 1051 excludat
432 1014 555 1063 magis
578 1027 696 1062 quam
719 1014 896 1060 scientia,
920 1017 966 1052 ut
987 1015 1128 1063 probat
1148 1028 1186 1052 n.
1204 1021 1268 1059 42,
1292 1026 1371 1050 non
1393 1018 1537 1050 tamem
1559 1013 1731 1050 excludit
1752 1012 1969 1061 potentiam

229 1073 432 1122 physicam
463 1073 756 1110 antecedentem
788 1073 835 1110 ad
859 1073 1120 1111 dubitandum
1149 1076 1188 1111 et
1210 1072 1520 1111 formidandum:
1555 1085 1671 1120 quam
1694 1072 1866 1109 excludit
1887 1071 1966 1108 evi-

232 1132 376 1177 dentia,
410 1144 508 1180 quae
532 1132 748 1181 exstinguit
768 1134 831 1170 vel
857 1133 967 1170 dubii
988 1133 1303 1182 possibilitatem.
1346 1132 1546 1169 Praeclare
1568 1132 1640 1168 hac
1662 1131 1707 1168 de
1729 1143 1771 1167 re
1794 1130 1970 1179 disputat

231 1203 259 1228 s.
282 1192 650 1229 Bonaventura
671 1192 711 1228 in
734 1192 822 1229 dist.
848 1198 899 1233 28
924 1206 956 1229 a.
991 1202 997 1230 1
1029 1205 1063 1240 q.
1087 1200 1109 1231 4
1134 1192 1238 1229 hunc
1259 1192 1300 1228 in
1323 1192 1500 1229 modum:
1526 1191 1625 1235 ,Est
1647 1190 1840 1227 certitudo
1863 1202 1968 1237 spe-

231 1250 519 1287 culationis
541 1253 579 1287 et
601 1253 660 1288 est
681 1251 874 1288 certitudo
896 1251 1236 1290 adhaesionis.
1266 1251 1315 1287 Et
1336 1250 1464 1299 prima
1486 1249 1644 1298 quidem
1667 1249 1828 1298 respicit
1852 1249 1969 1286 intel-

230 1310 386 1354 lectum,
412 1310 582 1347 secunda
602 1322 694 1347 vero
716 1310 875 1359 respicit
896 1311 1027 1359 ipsum
1049 1311 1243 1347 affectum.
1279 1309 1319 1346 Si
1341 1310 1550 1357 loquamur
1572 1309 1618 1346 de
1642 1309 1879 1346 certitudine
1901 1308 1968 1344 ad-

230 1368 438 1413 haesionis,
472 1368 527 1406 sic
561 1370 685 1418 major
715 1372 775 1407 est
806 1370 1001 1407 certitudo
1032 1369 1073 1406 in
1104 1369 1191 1418 ipsa
1211 1369 1298 1413 fide,
1332 1382 1449 1417 quam
1473 1369 1524 1405 sit
1546 1368 1586 1405 in
1610 1368 1749 1405 habitu
1771 1367 1967 1412 scientiae,

230 1440 300 1476 pro
332 1440 375 1465 eo
407 1428 512 1476 quod
542 1429 666 1478 magis
696 1429 790 1466 facit
820 1428 1027 1466 adhaerere
1057 1429 1186 1477 ipsum
1210 1428 1433 1466 credentem
1454 1427 1615 1465 veritati
1639 1427 1818 1472 creditae,
1851 1439 1968 1474 quam

230 1486 364 1535 aliqua
387 1487 550 1524 scientia
572 1487 690 1525 alicui
712 1487 771 1525 rei
794 1488 921 1527 scitae.
946 1488 1132 1525 Videmus
1154 1488 1256 1524 enim
1272 1500 1385 1524 veros
1410 1487 1540 1524 fideles
1558 1499 1629 1523 nec
1642 1500 1711 1535 per
1726 1488 1967 1535 argumenta,

229 1558 301 1583 nec
322 1558 392 1595 per
412 1546 681 1584 blandimenta
702 1547 884 1584 inclinari
904 1560 1029 1596 posse,
1052 1549 1098 1584 ut
1120 1547 1337 1590 veritatem,
1373 1559 1487 1594 quam
1512 1546 1688 1590 credunt,
1723 1546 1859 1582 saltem
1883 1557 1967 1582 ore—

229 1607 347 1642 tenus
378 1608 524 1654 negent
556 1604 643 1657 (hoc
666 1619 755 1643 vero
788 1606 915 1643 oritur
937 1619 981 1643 ex
1004 1606 1069 1654 pio
1092 1606 1337 1643 credulitatis
1361 1606 1512 1651 affectu,
1549 1618 1591 1641 ex
1617 1605 1819 1642 voluntate
1841 1605 1969 1653 gratia

230 1664 420 1710 roborata,
445 1677 545 1712 quae
567 1677 768 1702 assensum
792 1677 910 1713 supra
931 1666 1060 1702 omnia
1082 1666 1263 1717 imperat)
1281 1695 1287 1701 .
1305 1694 1335 1705 .,
1359 1665 1397 1701 Si
1421 1667 1553 1701 autem
1569 1665 1776 1712 loquamur
1790 1664 1836 1700 de
1851 1664 1968 1700 certi-

231 1723 370 1760 tudine
394 1724 686 1772 speculationis,
711 1737 820 1772 quae
852 1725 1010 1772 quidem
1035 1725 1196 1773 respicit
1218 1724 1344 1773 ipsum
1369 1724 1616 1761 intellectum
1639 1726 1678 1760 et
1699 1723 1843 1760 nudam
1866 1723 1969 1760 veri-

231 1784 366 1827 tatem,
391 1783 446 1819 sic
468 1783 623 1820 concedi
645 1785 784 1832 potest,
809 1784 911 1831 quod
934 1784 1059 1832 major
1081 1785 1138 1821 est
1161 1783 1354 1821 certitudo
1377 1784 1417 1820 in
1441 1783 1572 1831 aliqua
1591 1783 1765 1827 scientia,
1789 1795 1906 1830 quam
1927 1782 1969 1819 in

231 1841 318 1886 fide,
352 1854 421 1889 pro
454 1854 497 1879 eo
529 1842 632 1890 quod
665 1842 809 1890 aliquis
840 1844 971 1891 potest
1003 1842 1153 1891 aliquid
1173 1855 1243 1891 per
1265 1842 1466 1879 scientiam
1489 1841 1822 1879 certitudinaliter
1843 1853 1968 1886 nosse,

232 1900 337 1949 quod
360 1901 470 1938 nullo
493 1901 608 1938 modo
630 1903 761 1950 potest
783 1902 829 1938 de
853 1914 896 1938 ea
917 1902 1109 1947 dubitare,
1133 1913 1203 1938 nec
1225 1901 1355 1949 aliquo
1371 1901 1484 1938 modo
1499 1901 1696 1938 discedere
1710 1912 1779 1937 nec
1801 1900 1842 1936 in
1858 1900 1970 1937 corde

235 1972 306 1997 suo
328 1960 412 1996 ullo
434 1960 548 1997 modo
565 1961 838 2005 contradicere,
863 1961 966 1998 sicut
987 1963 1097 2010 patet
1118 1960 1160 1997 in
1186 1960 1408 2009 cognitione
1432 1960 1672 2009 dignitatum
1695 1962 1734 1997 et
1755 1959 1969 2008 primorum

231 2019 526 2067 principiorum.
539 2024 556 2042 «
600 2019 710 2064 Quod
742 2020 875 2068 paucis
907 2020 963 2057 ita
1002 2020 1193 2068 expressit
1235 2020 1379 2057 Thom
1393 2031 1442 2056 as
1477 2025 1512 2058 2,
1548 2026 1568 2059 2
1603 2032 1638 2067 q.
1676 2026 1699 2058 4
1732 2032 1763 2057 a.
1792 2025 1813 2059 8
1847 2019 1894 2055 ad
1924 2025 1968 2058 3:

234 2103 251 2122 ,
262 2078 453 2115 Perfectio
467 2078 696 2116 intellectus
711 2081 751 2115 et
765 2079 952 2116 scientiae
967 2079 1119 2116 excedit
1133 2079 1398 2128 cognitionem
1412 2078 1501 2115 fidei
1517 2082 1706 2127 quantum
1723 2078 1770 2114 ad
1786 2078 1970 2126 majorem

231 2137 601 2183 manifestationem,
625 2150 703 2175 non
725 2140 855 2175 tamen
878 2140 1072 2186 quantum
1090 2138 1137 2174 ad
1153 2139 1337 2186 majorem
1353 2138 1662 2177 adhaesionem«
1687 2137 1738 2174 Cf.
1755 2137 1872 2174 etiam
1887 2136 1928 2173 in
1949 2144 1963 2176 1

233 2196 324 2236 dist.
352 2201 402 2236 23
428 2209 463 2245 q.
490 2203 511 2236 2
536 2210 558 2234 a
592 2203 612 2236 2
639 2197 695 2234 sol
713 2203 734 2237 3
751 2197 799 2234 ad
824 2203 868 2241 3;
894 2198 1049 2235 Pesch
1071 2197 1194 2234 Lehre
1217 2197 1284 2234 des
1308 2198 1342 2234 h.
1359 2197 1524 2234 Thomas
1546 2196 1644 2233 fiber
1665 2197 1739 2233 den
1754 2196 1970 2233 Glaubens-

233 2257 304 2293 act.
338 2255 521 2292 Zeitschr.
544 2256 609 2292 fiir
639 2256 746 2294 kath.
778 2256 907 2294 Theol.
938 2256 1159 2293 lnnsbruck
1195 2262 1303 2297 1884
1336 2269 1421 2305 pag.
1447 2263 1497 2295 50
1532 2268 1578 2292 55.
1621 2255 1747 2299 Quare
1773 2255 1971 2304 utvomnia

233 2314 370 2363 paucis
403 2315 717 2362 complectamur,
752 2315 916 2352 scientia
947 2315 1105 2363 quidem
1132 2315 1332 2363 praecellit
1353 2315 1534 2351 claritate
1557 2317 1596 2352 et
1617 2315 1707 2351 hinc
1728 2315 1879 2361 ratione
1901 2314 1969 2351 in-

234 2373 686 2418 dubitabilitatis;
710 2374 777 2411 sed
798 2374 892 2411 fides
919 2375 1122 2423 praecellit
1142 2375 1294 2411 ratione
1329 2374 1663 2412 adhaesionis
1695 2373 1908 2416 scientiam,
1933 2376 1972 2411 et

233 2432 384 2469 ratione
406 2432 724 2469 infallibilit
737 2433 808 2469 ati
821 2445 850 2478 s,
873 2446 960 2470 nam
983 2433 1195 2470 auctoritas
1206 2433 1275 2469 Dei
1294 2434 1418 2481 majus
1441 2435 1500 2470 est
1513 2433 1651 2481 quovis
1664 2433 1808 2470 motivo
1829 2434 1969 2478 creato,

234 2491 434 2540 magisque
470 2504 559 2528 cum
591 2491 662 2528 illa
691 2494 886 2541 repugnat
919 2492 1044 2529 omnis
1078 2492 1239 2537 falsitas,
1279 2504 1395 2539 quam
1435 2504 1523 2529 cum
1554 2493 1701 2530 motivo
1737 2493 1875 2529 creato.
1919 2492 1971 2530 Cf.

233 2550 391 2587 Pesch
415 2551 507 2588 Vm
528 2563 637 2599 prop.
663 2556 727 2590 21.

352 2606 394 2650 6.
418 2609 594 2658 Denique
625 2610 727 2658 quod
760 2611 909 2658 spectat
936 2609 1042 2646 illam
1066 2610 1185 2647 animi
1208 2610 1502 2659 dispositionem
1524 2611 1695 2660 negandi
1716 2611 1849 2659 potius
1871 2611 1971 2648 veri-

235 2670 337 2705 tates
369 2669 580 2714 evidentes,
610 2681 726 2717 quam
757 2669 961 2712 revelatas,
994 2669 1118 2706 statui
1147 2670 1294 2717 poterit
1324 2682 1411 2707 cum
1443 2670 1489 2707 de
1511 2670 1619 2719 Lugo
1641 2671 1666 2708 l.
1691 2682 1719 2710 c,
1741 2684 1779 2707 n.
1806 2677 1852 2709 51
1880 2670 1972 2706 haec

235 2727 384 2776 regula,
408 2728 583 2765 sufficere
606 2728 685 2765 scil.
708 2730 755 2765 ut
776 2727 902 2764 fidelis
922 2729 1083 2776 paratus
1107 2728 1160 2765 sit
1182 2728 1229 2765 ad
1250 2729 1451 2778 negandas
1472 2728 1607 2777 potius
1631 2741 1764 2767 omnes
1787 2741 1849 2766 eas
1870 2728 1971 2765 veri-

236 2789 338 2823 tates
361 2786 572 2831 evidentes,
601 2799 697 2835 quas
720 2799 764 2823 ex
786 2786 1002 2824 voluntatis
1023 2787 1160 2823 saltem
1181 2787 1346 2835 imperio
1367 2800 1509 2837 negare
1530 2788 1695 2837 poterit3
1722 2800 1848 2836 neque
1871 2787 1972 2823 enim

235 2846 366 2894 potest
389 2857 470 2882 esse
492 2848 651 2894 paratus
672 2858 815 2895 negare
836 2845 1033 2891 veritates,
1058 2858 1153 2894 quas
1174 2847 1285 2883 nullo
1307 2847 1420 2884 modo
1441 2849 1573 2896 potest
1594 2860 1757 2896 negare3
1785 2859 1901 2894 quam
1924 2845 1972 2882 ob

236 2916 318 2940 rem
340 2903 430 2941 talis
452 2904 572 2941 animi
595 2904 865 2953 promptitudo
880 2917 1007 2952 neque
1029 2904 1222 2954 exigitur:
1247 2905 1350 2942 sicut
1371 2906 1419 2943 ad
1433 2919 1603 2943 amorem
1618 2906 1687 2942 Dei
1707 2918 1823 2954 super
1845 2903 1973 2942 omnia

236 2974 314 2999 non
346 2965 406 3000 est
427 2963 702 3009 necessarium,
733 2965 781 3000 ut
801 2963 984 3001 voluntas
1005 2966 1140 3012 parata
1166 2964 1218 3001 sit
1239 2964 1287 3001 ad
1308 2965 1660 3013 blasphemandum
1683 2965 1818 3008 Deum,
1850 2963 1883 3000 si
1904 2975 1975 3012 per

237 3021 488 3070 hypothesim
510 3022 582 3059 hoc
602 3022 774 3070 placeret
794 3022 885 3059 Deo.
927 3022 1131 3071 Ejusmodi
1160 3023 1265 3060 enim
1296 3024 1531 3073 hypotheses
1555 3026 1648 3061 sunt
1668 3024 1783 3072 plane
1806 3022 1973 3059 chimae-

239 3080 352 3125 ricae,
376 3080 467 3117 hinc
489 3081 705 3118 secundum
727 3093 861 3118 sanam
882 3081 1043 3118 ascesim
1066 3082 1223 3119 omnino
1245 3083 1449 3120 cavendae.
