2175 3382
93 2486 111 2557 ,Χ

114 2569 171 2802 l

223 157 305 195 5-3,-
671 149 788 182 Tract.
811 148 869 182 lv.
888 149 932 182 de
951 148 1031 185 fide.
1051 148 1104 182 De
1127 148 1297 183 doctrina
1315 148 1512 183 catholica.

224 273 320 309 Nam
343 272 388 308 ad
413 273 482 309 hoc
505 271 723 319 requiritur
744 283 821 308 non
845 271 972 308 solum
999 273 1105 308 certa
1126 270 1324 315 revelatio,
1359 271 1425 308 sed
1448 273 1488 309 et
1509 273 1652 309 certa
1674 272 1892 322 propositio
1914 286 1960 311 ex

223 336 330 380 parte
354 330 556 375 Ecclesiae,
589 343 688 378 quae
720 330 869 367 censeri
901 329 1039 378 nequit
1072 332 1186 374 certa,
1220 329 1253 366 si
1286 330 1459 380 theologi
1481 342 1571 368 vere
1602 343 1739 380 graves
1761 331 1961 381 probeque

221 390 398 426 catholici
420 390 466 427 de
489 403 531 426 ea
553 390 657 426 inter
679 401 718 426 se
742 388 992 426 dissentiant.

340 479 434 512 505.
459 470 745 513 Corollaria.
794 470 831 514 l.
856 473 950 509 Cum
983 472 1022 509 id
1053 484 1166 509 omne
1199 475 1348 521 spectet
1382 473 1430 510 ad
1452 472 1568 510 fidem
1591 473 1831 519 catholicam,
1854 473 1959 522 quod

219 532 410 569 divinitus
442 532 661 568 revelatum
693 534 753 569 est
784 535 823 569 et
846 532 894 568 ab
917 531 1088 569 Ecclesia
1109 531 1290 569 omnibus
1313 532 1548 569 credendum
1572 532 1818 581 proponitur,
1850 544 1959 570 oum-

219 604 294 639 que
316 590 488 628 Ecclesia
510 603 538 628 s.
563 590 805 639 Scripturam
827 592 1032 639 tamquam
1056 590 1124 627 Dei
1146 590 1310 628 verbum
1332 590 1517 628 omnibus
1541 592 1733 640 proponat
1753 591 1963 638 fidelibus;

219 650 410 698 sequitur,
443 650 586 698 absque
618 650 701 687 ulla
732 649 919 687 ulteriore
942 649 1133 687 Ecclesiae
1156 649 1419 687 declaratione
1441 650 1503 687 vel
1525 650 1848 700 interpretatione
1870 662 1958 700 per-

217 710 342 746 tinere
376 710 421 746 ad
454 709 567 745 fidem
600 709 826 746 catholicam
864 709 994 745 omnia
1015 709 1096 753 illa,
1129 720 1228 756 quae
1251 709 1292 746 in
1316 709 1458 747 divinis
1482 709 1608 747 literis
1631 710 1688 747 ita
1709 709 1810 747 clare
1831 709 1957 748 conti-

217 770 372 812 nentur,
396 770 442 805 ut
464 781 484 805 a
506 768 660 804 nemine
686 768 820 815 negari
847 767 1013 816 possint,
1046 767 1122 805 nisi
1144 768 1191 805 ab
1214 780 1268 812 eo,
1301 768 1370 816 qui
1392 769 1454 806 vel
1478 781 1506 806 s.
1530 768 1773 817 Scripturam
1796 768 1960 817 abjiciat

216 828 277 864 vel
299 827 490 864 rationem
513 828 641 866 exuat.
662 826 766 864 Haec
788 828 847 864 est
869 827 1085 864 communis
1099 826 1373 876 theologorum
1398 828 1607 872 sententia,
1633 841 1750 876 quam
1764 827 1820 866 ita
1834 840 1958 865 enun-

216 886 292 923 ciat
313 887 368 923 de
389 886 526 935 Lugo
550 885 584 922 d.
611 892 662 924 20
689 897 717 922 s.
745 892 765 924 2
790 898 827 922 n.
853 892 927 925 58:
952 885 1156 930 ,Ecclesia
1177 887 1280 924 clare
1303 888 1343 923 et
1365 886 1570 924 manifeste
1592 887 1778 936 proponit
1798 886 1958 925 creden-

215 945 302 982 dam
326 959 353 983 s.
377 945 618 993 Scripturam
641 947 680 982 et
702 944 834 982 omnia
856 947 895 982 et
917 945 1131 994 singularia
1153 957 1196 982 ea
1219 947 1412 983 contenta.
1457 945 1497 983 Si
1520 958 1612 996 ergo
1636 945 1843 987 manifeste
1865 958 1956 984 con—

215 1006 305 1047 stat,
337 1003 486 1052 aliquid
519 1004 561 1040 in
583 1017 609 1041 s.
634 1003 836 1052 Scriptura
858 1004 1059 1044 contineri.
1093 1017 1214 1052 aeque
1248 1005 1452 1042 manifeste
1487 1007 1662 1043 constare
1685 1005 1814 1053 debet,
1846 1005 1886 1043 id
1908 1005 1956 1043 ab

214 1063 383 1101 Ecclesia
405 1063 517 1100 nobis
539 1063 773 1100 credendum
797 1063 1002 1112 proponi.«
1046 1064 1142 1100 Prae
1164 1064 1288 1101 oculis
1311 1067 1443 1101 tamen
1466 1064 1698 1108 habeantur,
1722 1077 1821 1113 quae
1844 1064 1960 1103 docet

213 1135 241 1160 s.
265 1122 474 1159 Thomas
498 1122 539 1159 in
568 1122 696 1161 reor.
718 1130 760 1162 ll
795 1123 881 1159 lect.
899 1129 944 1161 4:
971 1123 1175 1166 „Pertinet
1196 1125 1327 1160 autem
1351 1123 1504 1172 aliquid
1525 1123 1571 1160 ad
1595 1123 1843 1172 disciplinam
1864 1123 1958 1161 fidei

213 1182 435 1230 dupliciter.
478 1181 561 1218 Uno
592 1181 706 1219 modo
736 1181 893 1227 directe,
927 1182 1029 1219 sicut
1051 1182 1208 1219 articuli
1229 1182 1332 1229 fidei,
1365 1182 1436 1231 qui
1457 1195 1527 1231 per
1549 1195 1588 1220 se
1611 1182 1793 1220 credendi
1815 1195 1955 1232 propo-

213 1244 374 1286 nuntur,
409 1241 513 1278 unde
545 1253 652 1277 error
684 1240 783 1278 circa
814 1253 878 1278 eos
903 1241 1117 1278 secundum
1147 1253 1186 1278 se
1208 1241 1301 1279 facit
1323 1242 1575 1287 haereticum,
1599 1242 1633 1279 si
1655 1241 1869 1290 pertinacia
1889 1241 1956 1279 ad-

213 1300 293 1338 sit.
317 1330 325 1336 .
350 1329 356 1336 .
390 1299 584 1344 Quaedam
617 1312 707 1337 vero
738 1300 930 1337 indirecte
962 1300 1165 1348 pertinent
1196 1301 1243 1338 ad
1275 1301 1364 1338 fidei
1396 1300 1658 1350 disciplinam,
1691 1301 1731 1338 in
1762 1302 1956 1349 quantum

213 1359 294 1396 scil.
310 1360 395 1409 ipsa
417 1371 495 1396 non
516 1361 792 1408 proponuntur
814 1362 859 1396 ut
881 1361 1042 1408 propter
1063 1372 1101 1396 se
1125 1360 1326 1403 credenda,
1352 1360 1419 1397 sed
1441 1373 1486 1396 ex
1508 1360 1718 1410 negatione
1739 1372 1872 1398 eorum
1896 1372 1955 1398 se-

212 1418 349 1466 quitur
379 1418 531 1466 aliquid
563 1418 802 1456 contrarium
838 1418 938 1457 fidei.
972 1419 1073 1456 sicut
1104 1420 1135 1456 si
1168 1421 1336 1469 negatur
1358 1419 1463 1456 Isaac
1494 1419 1614 1457 fuisse
1637 1419 1744 1456 filius
1766 1419 1954 1465 Abrahae,

213 1478 396 1525 sequitur
417 1477 568 1526 aliquid
591 1477 828 1515 contrarium
851 1477 940 1514 fidei
962 1478 1042 1515 scil.
1065 1490 1092 1515 s.
1116 1478 1358 1526 Scripturam
1381 1479 1579 1516 continere
1601 1478 1752 1527 aliquid
1773 1478 1872 1516 falsi.
1899 1478 1955 1515 Ex

210 1536 358 1574 talibus
389 1540 521 1574 autem
552 1549 631 1574 non
657 1536 862 1585 judicatur
893 1537 1036 1585 aliquis
1068 1537 1299 1584 haereticus,
1331 1537 1411 1574 nisi
1433 1537 1526 1575 adeo
1548 1537 1803 1587 pertinaciter
1823 1549 1954 1587 perse-

211 1599 330 1642 veret,
355 1596 459 1645 quod
483 1596 530 1633 ab
553 1609 682 1633 errore
705 1608 783 1633 non
804 1596 970 1641 recedat,
993 1596 1110 1633 etiam
1133 1598 1214 1634 viso
1238 1597 1334 1645 quid
1357 1609 1403 1633 ex
1426 1597 1497 1634 hoc
1520 1598 1750 1645 sequatur.“

328 1653 372 1695 2.
396 1655 499 1693 Fieri
520 1657 661 1703 potest,
684 1658 731 1692 ut
752 1655 840 1703 quis
864 1655 916 1692 sit
930 1668 1020 1692 vere
1042 1655 1263 1693 haereticus
1286 1655 1523 1693 formalis
1546 1659 1636 1693 ante
1659 1656 1870 1693 solemnem
1894 1655 1955 1693 sui

211 1715 352 1752 erroris
385 1714 759 1760 condemnationem,
793 1714 825 1751 si
858 1715 938 1751 scil.
962 1716 1079 1764 neget-
1100 1715 1308 1752 veritatem
1342 1715 1555 1752 revelatam
1586 1715 1680 1753 satis
1713 1715 1761 1752 ab
1783 1714 1956 1752 Ecclesia
2011 1765 2015 1768 ι

210 1774 436 1822 magisterio
460 1785 530 1810 suo
553 1773 782 1822 quotidiano
806 1774 1047 1810 credentium
1070 1773 1162 1811 fidei
1182 1774 1436 1823 propositam.
1474 1775 1611 1823 Neque
1633 1776 1839 1823 propterea
1860 1786 1953 1812 con-

210 1833 390 1870 ciliorum
425 1833 632 1870 celebratio
665 1833 928 1880 solemnisque
960 1833 1129 1870 haeresis
1161 1833 1429 1871 condemnatio
1460 1833 1649 1871 reddetur
1683 1833 1853 1878 inutilis,
1883 1832 1952 1870 sed

209 1893 283 1929 erit
314 1892 425 1929 utilis
457 1892 536 1929 sive
569 1892 615 1928 ad
647 1892 868 1929 uberiorem
899 1892 987 1929 fidei
1019 1893 1229 1930 catholicae
1251 1893 1571 1938 illustrationem,
1605 1891 1949 1938 confirmationem,

207 1951 524 1999 propositionem,
554 1951 634 1988 sive
657 1951 704 1988 ad
726 1951 912 1999 majorem
936 1951 1110 1988 fidelium
1135 1952 1337 1997 cautelam,
1370 1953 1452 1989 sive
1475 1953 1523 1989 ad
1546 1964 1693 1989 omnem
1716 1951 1950 1989 adversariis

209 2011 500 2048 excusationem
521 2010 851 2059 praecludendam
873 2007 928 2063 (n.
953 2008 1066 2061 430).
1110 2011 1162 2048 Cf.
1185 2012 1447 2061 Kleutgen
1468 2012 1487 2048 I
1509 2024 1545 2050 n.
1573 2018 1622 2052 57
1649 2023 1694 2051 ss.

327 2093 423 2134 506.
446 2090 510 2130 De
532 2090 719 2130 doctrina
744 2089 957 2132 catholica.
982 2116 1041 2121 —
1063 2089 1278 2131 Hactenus
1310 2090 1362 2132 de
1394 2090 1689 2146 dogmate1)
1726 2089 1952 2139 catholico,

210 2161 322 2213 quod
346 2173 371 2201 a
393 2160 584 2201 fidelihus
602 2160 681 2200 fide
704 2160 890 2200 divina
914 2165 955 2201 et
977 2160 1259 2201 catholica
1281 2165 1345 2202 est
1360 2160 1630 2203 credendum.
1653 2159 1830 2201 Praeter
1843 2159 1948 2211 dog-

208 2237 325 2271 mata
347 2236 488 2272 autem
511 2231 631 2283 plura
663 2231 746 2271 alia
777 2235 875 2271 sunt
904 2232 1091 2272 tenenda
1113 2243 1138 2272 a
1160 2231 1362 2280 fidelibus,
1398 2232 1654 2284 praesertim
1679 2243 1704 2272 a
1726 2230 1951 2282 theologis,

209 2315 318 2355 quae
342 2303 510 2355 quidem
532 2314 608 2354 per
629 2314 674 2343 se
696 2302 761 2343 vel
784 2302 1017 2344 formaliter
1031 2315 1118 2344 non
1133 2307 1230 2344 sunt
1243 2303 1442 2351 revelata,
1466 2303 1540 2344 sed
1554 2303 1703 2343 intimo
1718 2314 1830 2343 nexu
1851 2313 1949 2342 cum

210 2373 455 2414 veritatibus
478 2373 675 2414 revelatis
698 2374 940 2421 cohaerent,
965 2378 1006 2414 et
1025 2385 1135 2426 quae
1149 2379 1376 2426 propterea
1392 2386 1546 2425 magno
1561 2385 1774 2414 consensu
1788 2373 1950 2414 docen-

206 2445 338 2484 turin
359 2444 547 2485 Ecclesia
570 2450 611 2485 et
633 2445 889 2498 quandoque
922 2445 976 2486 ab
1008 2444 1197 2486 Ecclesia
1228 2446 1472 2486 authentico
1505 2448 1750 2486 statuuntur
1774 2443 1949 2496 judicio,

207 2514 365 2555 directe
387 2515 452 2555 vel
474 2516 676 2556 indirecte
699 2516 981 2568 pronunciata
1003 2528 1184 2557 censura
1216 2516 1259 2556 in
1292 2516 1514 2568 opiniones
1537 2515 1788 2556 contrarias.
1831 2513 1946 2565 Quo-

355 2638 378 2683 1)
398 2636 450 2670 De
469 2637 523 2670 do
536 2650 559 2681 g
573 2650 605 2670 in
618 2648 636 2670 a
649 2640 663 2670 t
677 2637 689 2670 i
702 2650 717 2669 s
745 2638 909 2678 notione,
936 2638 1161 2682 acceptione,
1190 2638 1433 2673 divisionibus
1450 2639 1491 2672 in
1510 2638 1686 2683 dogmata
1713 2637 1834 2681 quoad
1855 2646 1891 2670 se
1911 2637 1950 2670 et

206 2691 328 2734 quoad
348 2700 412 2723 nos
431 2701 493 2724 seu
510 2691 548 2724 in
568 2690 778 2724 materialia
809 2693 844 2724 et
871 2691 1052 2732 formalia,
1081 2691 1267 2726 declarata.
1285 2694 1323 2726 et
1340 2703 1414 2725 non
1433 2688 1622 2725 declarata
1643 2695 1689 2730 (n.
1711 2690 1821 2735 5014),
1852 2701 1947 2733 sym-

205 2743 327 2778 bolica
346 2746 382 2777 et
401 2754 475 2777 non
494 2743 709 2788 symbolica,
730 2744 935 2778 necessaria
953 2746 1173 2779 necessitate
1199 2745 1313 2779 medii
1340 2745 1397 2779 vel
1425 2744 1623 2789 praecepti,
1652 2742 1949 2777 fundamentalia

171 2803 181 2842 l,
206 2798 243 2830 et
260 2807 333 2831 nou
351 2797 645 2831 fundamentalia
665 2804 709 2837 (n.
730 2800 819 2837 295),
838 2799 1035 2842 imperata,
1063 2797 1190 2837 libera,
1217 2797 1375 2832 tolerata
1403 2801 1440 2832 et
1466 2798 1596 2837 vetita,
1626 2797 1670 2831 cf.
1702 2796 1946 2830 Scheeben

188 2849 228 2883 Ἰ1.
251 2852 267 2883 1
286 2851 302 2888 ἓ
321 2852 365 2884 29
383 2862 418 2885 n.
436 2852 506 2884 418
526 2862 590 2887 ss.;
619 2849 739 2884 Hein
752 2851 789 2883 ri
804 2852 857 2884 ch
876 2851 947 2885 KL.
966 2850 1028 2892 Ill,
1051 2853 1139 2885 1879
1159 2863 1203 2884 ss.
1240 2851 1292 2884 Ex
1321 2850 1505 2884 communi
1533 2852 1659 2884 autem
1687 2849 1945 2894 theologorum

198 2903 347 2949 ffilacito
364 2905 449 2948 post
469 2904 503 2937 d.
523 2904 550 2936 T
562 2904 617 2936 lio
630 2915 665 2936 n]
677 2914 698 2937 a
710 2915 745 2936 ni
765 2908 794 2938 2.
814 2906 834 2937 2
854 2916 886 2946 q.
912 2909 925 2938 l
943 2915 975 2938 a.
991 2908 1012 2940 6
1029 2905 1177 2938 nomine
1196 2905 1282 2949 dog
1295 2915 1330 2937 m
1342 2914 1363 2936 a
1376 2903 1443 2937 tis
1460 2902 1687 2949 intelligitur
1705 2911 1946 2946 quaecunque

210 2958 341 2994 'veritas
359 2968 381 2990 a
397 2956 473 2991 Deo
491 2958 680 3000 uteunque
697 2966 754 2989 rex
764 2957 862 2990 elata
892 2959 930 2991 et
958 2969 1023 3001 per
1040 2957 1242 2991 Ecclesiam
1272 2957 1484 3001 proposita:
1512 2957 1662 2990 nomine
1689 2966 1772 2990 vero
1801 2957 1947 2990 articuli

227 3010 338 3044 eritas
357 3010 441 3044 fidei
459 3011 653 3044 dumtaxat
668 3010 885 3054 principalis
900 3010 1071 3044 omnibus
1085 3011 1132 3044 ad
1147 3011 1318 3055 explicite
1335 3010 1556 3044 credendum
1575 3010 1765 3055 proposita
1791 3011 1828 3044 et
1851 3019 1945 3053 quae

235 3063 417 3097 'stinctam
436 3064 602 3098 continet
620 3063 898 3097 difficultatem:
919 3063 1123 3107 cujusmodi
1141 3065 1228 3098 sunt
1245 3063 1434 3108 dogmata,
1447 3075 1540 3107 quae
1553 3063 1783 3098 articulatim
1795 3064 1833 3096 in
1850 3074 1944 3106 sym-

235 3112 289 3172 tlo
309 3117 510 3162 apostolico
527 3117 735 3152 recitamus.
