2175 3382
98 940 124 993 A

744 151 901 185 clavium
920 152 1084 195 potestas
1102 149 1344 193 promittit-ur.
1831 155 1915 197 369

184 271 338 320 nificat,
361 276 402 312 et
424 271 593 324 quidem
616 270 785 323 plenam
807 270 850 310 in
873 281 968 310 eam
990 280 1092 317 rem,
1116 269 1236 320 qu'us
1254 269 1396 309 claves
1410 268 1584 310 dantur:
1607 271 1666 310 ita
1687 270 1917 312 victoribus

184 342 408 384 traduntur
429 341 569 382 claves
591 340 707 382 urbis
730 344 881 393 captae
906 341 949 380 in
971 339 1248 391 subjectionis
1262 339 1452 391 signum3
1476 343 1517 381 et
1539 340 1573 380 si
1595 345 1716 392 pater
1738 340 1916 382 familias

183 412 342 454 famulo
365 412 610 453 solemniter
630 411 818 452 traderet
839 411 991 451 domus
1023 410 1177 458 claves,
1208 421 1335 450 nemo
1368 409 1579 450 dubitaret
1601 421 1699 451 eum
1721 412 1919 452 constitui

184 484 337 525 domus
359 483 582 524 custodem
604 482 670 523 vel
691 483 752 523 rei
774 481 1035 522 domesticae
1060 480 1410 532 dispensatorem.
1454 480 1580 522 Petro
1604 492 1704 533 ergo

305 561 346 603 1.
370 559 626 613 promittitur
647 563 837 611 potestas
858 558 901 598 in
922 557 1166 607 Ecclesiam,
1198 561 1239 598 et
1271 557 1440 610 quidem
1465 557 1601 609 plena.
1643 557 1753 598 Nam
1776 573 1818 602 a.
1842 572 1919 611 po-

185 635 383 672 testatem
406 630 586 671 clavium
609 629 804 683 symbolo
826 628 1102 682 significatam
1136 628 1342 681 promittit
1372 628 1451 677 ille,
1484 629 1550 669 cui
1572 629 1673 670 data
1695 634 1759 670 est
1781 631 1918 671 omnis

186 706 375 754 potestas
396 702 440 742 in
461 702 581 742 coelo
604 705 646 742 et
666 701 710 741 in
730 705 857 749 terra,
880 700 952 753 qui
974 704 1103 752 caput
1125 703 1189 740 est
1210 698 1445 746 Ecclesiae3
1468 699 1592 752 idque
2043 705 2097 777 (γ’

303 773 348 816 b.
370 772 576 824 promittit
597 772 784 812 maxima
806 771 1088 821 solemnitate,
1123 771 1189 811 cui
1219 782 1306 811 non
1329 769 1480 811 satisfit
1501 782 1634 823 parvo
1657 771 1800 824 aliquo
1822 760 1917 812 ffiu-
1958 748 2038 776 ψ
2066 724 2175 823 W

186 843 375 892 nusculo,
400 848 441 884 et
462 842 668 894 promittit
688 842 756 891 illi,
779 853 904 895 quem
922 842 1012 894 Jam
1036 841 1333 893 designaverat
1355 845 1520 893 petram
1543 840 1778 890 Ecclesiae3
2157 869 2165 873 -

306 927 347 958 c.
371 914 576 966 promittit
599 913 741 954 claves
772 914 889 967 requi
912 913 1126 965 coelorum,
1159 924 1242 965 quo
1274 911 1447 953 nomine
1478 912 1546 952 hic
1578 912 1822 964 designatur
1842 913 1923 954 Ec·
2041 921 2140 992 5⁰
2162 902 2175 920 ²

187 986 318 1026 clesia
339 985 492 1027 Christi
514 986 700 1026 militans
722 985 765 1025 in
787 985 910 1026 terris
936 997 1019 1037 qua
1044 984 1128 1025 late
1150 988 1267 1036 patet
1291 983 1357 1039 (ct.
1380 997 1416 1027 v,
1444 984 1524 1040 18),
1557 983 1670 1036 quod
1692 988 1919 1037 propterea
1971 963 2017 996 ‘³
2082 995 2084 997 ·
2110 965 2175 1040 ,⁰12

188 1056 481 1108 complectitur
494 1057 717 1098 universos
731 1056 849 1109 regni
863 1055 1065 1097 dominici
1088 1056 1213 1101 cives,
1237 1054 1418 1107 ideoque
1440 1055 1646 1106 promittit
1667 1059 1922 1107 potestatem
1946 1068 1961 1099 -1
1978 1065 2123 1137 st*
2173 1055 2175 1060 '

188 1127 346 1178 regiam
369 1127 486 1183 (quia
507 1128 550 1168 in
571 1128 764 1183 regnum)
787 1127 912 1179 plane
934 1125 1241 1173 universalem;
1264 1126 1377 1179 quod
1960 1122 1971 1139 ²
1996 1168 1999 1170 q

2125 1052 2161 1078 t»-

2126 1101 2160 1132 ,J-

0 1238 14 1256 α
308 1199 353 1241 d.
378 1197 654 1274 confirmgtur
675 1197 980 1267 pluraliplavjes
1026 1201 1068 1238 et
1089 1195 1237 1267 verbisn
1253 1195 1549 1264 sequentibus:
1580 1195 1636 1236 Et
1657 1197 1924 1251 quodcunque
1964 1201 2027 1255 ”f
2069 1167 2119 1239 4.,
2151 1180 2157 1189 ²

0 1195 385 1339 &siveris
397 1283 521 1323 super
534 1231 1094 1323 tei-W‘b'r‘iffiijfftumsse't'th
1108 1252 1254 1309 coelis:
1265 1253 1308 1309 ἃ
1329 1238 1600 1323 ῥῖῗᾶἐῖιῧῑῇῗιῖ
1615 1247 1933 1322 sZZ‘zSWJs'uffl'r,
1954 1254 2175 1329 μόρων-(ΜΔ

194 1345 364 1390 terram,
379 1341 454 1380 erit
467 1339 643 1380 solutum
659 1345 694 1380 et
709 1341 754 1380 in
769 1340 899 1391 coelis,
915 1338 1066 1392 quibus
1081 1338 1341 1392 significatur
1362 1342 1554 1391 potestas
1576 1350 1777 1390 suprema
1799 1342 1840 1379 et
1860 1331 2175 1405 ῙΠ-λωῖζίῖ’

190 1409 433 1462 dependens
456 1423 481 1451 a
503 1411 690 1463 qualibet
711 1415 922 1463 potestate
947 1409 1117 1463 politica
1140 1414 1182 1451 et
1202 1410 1420 1468 humana„
1449 1460 1459 1468 .-
1477 1436 1525 1466 μ,
1899 1431 2027 1486 *T*
2064 1415 2175 1481 αὸγ

309 1493 502 1534 quaeque
533 1495 574 1525 e.
607 1483 778 1522 sitnon
804 1481 942 1522 solum
965 1458 1445 1522 extensive'ssei'fsohii
1464 1481 1654 1534 subjecti,
1690 1481 1765 1522 sed
1797 1480 1925 1521 etiam

192 1535 852 1613 integ-sivevfa‘fissfiefficti
885 1564 1059 1605 prorsus
1090 1552 1341 1593 universalis
1383 1556 1424 1592 et
1459 1552 1666 1593 illimitata
1699 1552 1922 1608 (quodcun-

193 1636 267 1676 que
289 1623 396 1679 etc).
438 1622 571 1664 Porro
594 1624 789 1664 homines
811 1623 963 1676 triplici
994 1623 1163 1664 vinculo
1194 1623 1314 1675 ligari
1345 1628 1387 1663 et
1418 1623 1471 1663 ab
1505 1635 1555 1664 eo
1588 1623 1695 1664 solvi
1727 1627 1924 1675 possunt:

193 1693 359 1734 vinculo
395 1693 552 1746 legis,
587 1695 824 1747 peccati,
858 1705 1084 1746 poenae.
1126 1693 1267 1744 Quare
1300 1694 1426 1746 plena
1456 1698 1646 1746 potestas
1670 1693 1927 1746 promittitur

190 1762 424 1815 legifera
447 1765 713 1821 (obligandi),
741 1765 1045 1817 judiciaria
1068 1765 1200 1820 (circa
1222 1765 1417 1820 peccata)
1451 1770 1492 1806 et
1523 1765 1782 1805 coactiva
1803 1763 1926 1820 (obli—

192 1835 317 1887 gandi
338 1836 392 1876 ad
415 1838 628 1891 poenam),
652 1837 782 1878 verbo
806 1841 996 1889 potestas
1014 1836 1332 1889 jurisdictionis.
1375 1835 1511 1877 Porro
1535 1837 1643 1877 haec
1665 1839 1854 1889 potestas

309 1919 352 1961 2.
376 1919 435 1959 ita
456 1920 724 1971 promittitur,
755 1924 800 1959 ut
830 1930 907 1972 per
931 1931 1026 1960 eam
1050 1918 1200 1959 Petrus
1223 1919 1412 1960 emineat
1431 1919 1541 1960 inter
1563 1919 1794 1971 apostolos,
1826 1931 1926 1960 nam

191 2001 234 2031 a.
250 1988 440 2030 Christus
453 1990 561 2031 haec
575 1990 706 2031 verba
728 1990 866 2042 dirigit
889 1989 942 2030 ad
964 2003 984 2030 s
998 2002 1022 2040 Q
1023 1990 1053 2045 ,1,
1058 2003 1139 2046 um
1162 1989 1348 2041 Betrum,
1372 1991 1605 2030 seorsim
1630 1990 1684 2031 ab
1707 1991 1927 2063 anisa&

191 2058 321 2107 stolis,
351 2060 452 2112 ipsis
483 2066 628 2102 tamen
650 2060 958 2114 praesentibus,
983 2061 1170 2118 maxima
1193 2072 1288 2100 cum
1314 2035 1529 2117 empffiff:
1567 2104 1592 2118 .-
1626 2047 1765 2102 ristus
1784 2049 1926 2103 autem

190 2141 278 2170 non
299 2136 486 2172 sectatur
500 2132 795 2173 caeremonias
812 2132 962 2172 inanes
987 2137 1029 2172 et
1051 2105 1658 2182 sigffificfftroiie*‘}iffieffiessi⁴ffl.
1683 2132 1743 2173 ita
1764 2137 1927 2185 spectat
2035 2171 2044 2177 ,
2063 2179 2076 2194 ‚.
2104 2120 2175 2176 ἐν(

191 2200 246 2240 ad
258 2199 431 2242 Petrum
453 2203 559 2243 haec
573 2203 811 2255 promissio,
836 2203 945 2243 sicut
966 2202 1228 2242 encomium:
1253 2201 1395 2242 beatus
1417 2216 1458 2242 es
1472 2201 1623 2242 Simon
1638 2206 1704 2244 etc
1737 2214 1813 2255 per
1833 2180 2048 2249 monii*
2116 2186 2175 2217 '9‘

191 2270 289 2312 dum
322 2272 407 2316 scil.
430 2273 719 2329 retributionis
750 2278 792 2314 et
822 2274 1014 2330 PLanlis
1046 2272 1226 2325 ideoque
1258 2272 1638 2324 singulariter.
1681 2272 1857 2314 Accedit
1887 2286 1926 2317 c.

190 2341 417 2383 verborum
438 2320 1130 2409 universalrtagi'p‘rffn‘i'i‘t'ffire‘nim
1153 2342 1344 2384 Christus
1377 2344 1518 2384 claves
1549 2344 1668 2396 regni
1699 2325 2101 2394 coelorum‚'”'·'”““‘

191 2412 246 2453 ad
267 2414 380 2466 quod
402 2414 591 2467 profecto
614 2416 693 2467 ipsi
715 2416 844 2456 etiam
867 2415 1050 2467 apostoli
1072 2419 1278 2467 spectant.
1314 2413 1432 2455 Sicut
1454 2426 1553 2466 ergo
1577 2415 1760 2468 apostoli
1781 2420 1926 2468 utpote

191 2483 414 2526 columnae
446 2485 660 2526 Ecclesiae
683 2497 811 2538 super
844 2485 1013 2526 Petrum
1048 2484 1351 2534 aedificandae,
1392 2498 1522 2538 supra
1554 2485 1727 2527 Petrum
1759 2498 1926 2540 quoque

189 2639 227 2670 in
243 2649 354 2671 manu
369 2639 464 2680 ejus:
481 2644 510 2672 et
524 2640 588 2672 erit
601 2640 704 2682 quasi
714 2643 821 2681 pater
834 2639 1072 2671 habitantibus
1085 2639 1282 2671 Jerusalem
1300 2644 1330 2671 et
1347 2640 1470 2685 domui
1481 2639 1589 2672 Juda.
1617 2639 1663 2673 E't
1687 2640 1776 2674 dabo
1798 2641 1923 2673 clavem

189 2691 312 2724 domus
328 2692 446 2725 David
463 2703 568 2735 super
585 2693 770 2725 humerum
788 2692 883 2733 ejus:
910 2696 941 2724 et
958 2694 1091 2734 aperiet
1110 2696 1141 2725 et
1156 2703 1225 2725 non
1244 2693 1310 2725 erit
1328 2693 1390 2735 qui
1406 2692 1547 2726 claudat
1558 2705 1570 2725 .·
1596 2698 1627 2726 et
1654 2694 1791 2727 claudet
1808 2699 1837 2727 et
1855 2705 1923 2727 non

189 2745 256 2777 erit
272 2745 334 2787 qui
349 2746 488 2788 aperiat
506 2745 549 2777 is.
564 2747 620 2783 22,
639 2746 679 2778 19
695 2757 740 2778 ss,
776 2744 822 2778 Cf
846 2744 960 2787 Apoc.
986 2749 1010 2783 1,
1033 2746 1093 2782 182
1113 2745 1144 2783 3,
1164 2746 1198 2778 7.
1234 2743 1284 2777 De
1311 2744 1583 2788 significatione
1602 2745 1744 2789 phrasis
1762 2747 1872 2789 Zijqare
1889 2748 1924 2780 et

189 2798 318 2831 solvere
335 2808 379 2831 ex
397 2809 464 2831 usu
482 2797 655 2841 loquendi
674 2796 828 2842 profano
856 2797 901 2830 cf.
930 2797 987 2830 Pa
1001 2809 1016 2829 s
1028 2809 1042 2830 s
1055 2797 1127 2841 agl
1140 2797 1185 2830 ia
1202 2797 1247 2836 I[,
1265 2800 1297 2838 8,
1326 2797 1389 2841 qui
1419 2797 1531 2842 plane
1549 2798 1655 2832 docte
1673 2798 1716 2832 de
1734 2799 1803 2832 hoc
1819 2799 1923 2833 textu

191 2849 308 2894 deque
326 2852 542 2896 argumento
561 2850 646 2884 inde
664 2851 783 2896 petito
803 2850 981 2894 disputat,
1000 2854 1036 2884 et
1054 2850 1081 2884 P
1093 2850 1134 2883 al
1149 2851 1206 2884 mi
1220 2851 1287 2884 eri
1309 2851 1361 2888 th,
1384 2854 1414 2892 1,
1441 2851 1503 2895 qui
1519 2862 1574 2886 ex,
1589 2864 1642 2896 gr.
1657 2855 1859 2896 provocant
1877 2852 1923 2886 ad

190 2903 392 2947 Josephum
410 2903 455 2937 Fl
467 2903 577 2937 aviu
591 2916 624 2937 m
645 2904 689 2937 de
708 2901 806 2937 bello
823 2902 970 2947 judaico
993 2903 1016 2940 1,
1037 2907 1067 2941 5,
1086 2902 1149 2936 ubi
1169 2902 1283 2937 refert
1297 2903 1340 2936 de
1354 2904 1484 2948 regina
1498 2903 1725 2938 Alexandra:
1746 2905 1922 2943 „Alexan-

192 2956 278 2990 drae
296 2956 384 2990 sein
401 2969 425 3001 p
437 2966 456 2989 o
469 2957 485 2989 t
496 2966 515 2989 e
526 2968 541 2990 s
552 2959 568 2990 t
580 2968 601 2990 a
612 2959 627 2989 t
638 2957 650 2990 i
663 2970 678 2990 s
703 2969 718 2990 s
729 2966 749 2989 ο
762 2956 803 2990 ci
816 2968 834 2989 e
846 2957 861 2989 ‘c
874 2967 894 2989 a
905 2958 920 2989 t
932 2967 950 2989 c
963 2968 997 2989 m
1017 2955 1225 3001 adjungunt
1235 2956 1418 3000 pharisaei
1432 2981 1441 2990 .
1456 2982 1482 2990 ..
1504 2956 1565 2990 Illi
1576 2959 1700 2991 autem
1714 2957 1752 2991 in
1764 2958 1923 2991 feminae

191 3009 369 3054 simplicis
387 3010 689 3043 consuetudinem
707 3009 889 3053 paulatim
911 3020 947 3043 se
967 3009 1198 3043 insinuantes
1217 3009 1346 3043 statim
1365 3020 1420 3043 res
1439 3020 1563 3044 omnes
1578 3010 1797 3054 gubern-ant,
1815 3010 1868 3044 ita
1881 3012 1922 3045 ut

191 3062 339 3106 quosvis
358 3074 422 3106 pro
440 3062 632 3096 voluntate
650 3063 689 3096 in
708 3062 874 3096 exsilium
896 3062 1039 3106 pellant
1057 3062 1102 3095 ab
1122 3073 1237 3106 eoque
1255 3063 1437 3103 revocent,
1465 3063 1611 3096 solvant
1630 3063 1820 3106 figentque
1837 3063 1923 3098 λύειν

190 3129 224 3150 τε
241 3117 297 3150 καὶ
314 3115 409 3150 δεῖν.εἰ
438 3114 489 3149 Cf.
502 3115 613 3148 etiam
630 3114 728 3149 infra,
744 3117 770 3150 t.
790 3115 840 3148 111
861 3127 895 3149 n.
914 3117 995 3148 439.

330 3187 489 3218 Hurtcr,
512 3187 658 3218 compend.
680 3186 832 3219 theologiae
853 3187 874 3211 Ι,
902 3185 941 3211 10.
965 3186 1008 3210 ed.
1667 3178 1711 3207 24
