2175 3382
210 79 291 117 l’t‘il
660 73 781 106 'l'ract.
804 72 844 105 [Ι.
863 71 916 106 Dc
935 72 1144 107 traditione.
1165 73 1345 108 Giintheri
1365 74 1490 118 opinio

204 195 345 230 ino-ius
370 194 616 243 intelligendi
640 198 698 231 est
720 195 1038 243 perfectissimus,
1073 196 1140 233 sed
1164 196 1388 244 proficiente
1412 196 1580 234 humano
1603 196 1808 235 intellectu
1828 211 1946 248 appa-

207 252 311 289 rebit
347 252 607 300 imperiectus,
644 255 684 290 et
711 254 791 302 jam
826 254 901 292 alia
935 254 1109 292 definitio
1143 254 1348 303 perfectior
1390 255 1466 292 erit
1506 255 1737 293 necessaria:
1780 256 1946 305 ideoque

206 311 404 348 Ecclesiae
427 310 670 349 definitiones
693 314 959 362 agnoscendae
982 315 1076 350 sunt
1098 315 1144 350 ut
1178 314 1280 362 aliq
1295 327 1354 351 ua
1384 314 1542 360 veritas,
1566 327 1643 352 non
1668 326 1757 353 vero
1780 317 1825 353 ut
1846 316 1946 353 veri·

203 379 269 406 tas
293 372 333 406 et
355 382 447 407 vcra
470 371 665 420 dogmatis
688 372 954 421 intelligentia
976 372 1063 409 sim
1078 372 1302 421 pliciter.
1345 373 1464 410 Porro
1496 373 1537 410 in
1560 373 1629 410 hac
1649 373 1800 411 theoria
1820 374 1947 412 multa

199 428 418 476 displicent.

326 499 423 536 Nam
451 497 488 540 l.
512 501 777 539 ministerium
800 503 994 540 divinitus
1017 503 1247 540 institutum
1272 502 1319 539 ad
1340 503 1643 540 conservandam
1659 504 1944 552 explicandam—

202 571 282 605 que
305 558 523 597 doctrinam
546 561 768 599 revelatam.
802 561 905 598 sicut
936 564 975 598 et
1007 561 1231 599 intellectus
1263 562 1474 599 catholicus
1498 561 1550 614 (n.
1580 560 1677 615 126)
1709 562 1789 600 fere
1819 563 1945 601 elimi-

204 621 365 661 nantur,
389 621 506 664 atque
530 619 570 656 in
594 620 678 667 ejus
715 620 841 657 locum
877 620 1179 657 substituuntur
1215 621 1347 669 aliquo
1380 621 1493 658 modo
1527 621 1711 658 scientiae
1743 621 1945 660 rationalis

201 676 397 713 cultores:
421 678 668 726 philosophia
683 684 719 715 et
737 679 964 727 disciplinae
988 679 1199 724 naturales,
1223 680 1368 728 quibus
1391 693 1537 717 munus
1561 683 1717 718 tantum
1741 680 1945 730 cujusdam

205 735 371 772 subsidii
393 737 591 785 competit,
615 740 874 775 assumuntur
895 741 941 775 ut·
963 750 1100 775 causae
1123 739 1320 788 principes
1341 739 1467 776 totius
1489 739 1772 787 explicationis.

321 807 432 851 Quod
465 805 505 847 ⁸2.
539 808 584 845 de
617 808 887 846 emendatione
921 809 1151 858 dogmatum
1184 809 1338 855 dicitur,
1373 822 1451 846 non
1485 810 1577 847 licet
1607 810 1780 859 accipere
1814 823 1943 855 sensu,

207 878 323 913 quem
346 867 526 915 reprobat
551 878 654 904 conc.
687 869 891 905 vatican
906 881 980 905 um
1011 880 1101 905 sess.
1128 874 1163 909 3.
1187 881 1265 917 cap.
1291 875 1315 908 4
1339 869 1385 905 de
1406 868 1481 906 fide
1503 872 1543 906 et
1564 869 1734 907 ratione:
1779 870 1945 918 ²,Neque

203 925 308 961 enim
331 925 418 962 fidei
443 926 633 969 doctrina,
657 939 773 974 quem
799 928 901 964 Deus
922 928 1121 972 revelavit,
1145 928 1256 964 velut
1277 927 1586 976 philosophicum
1610 928 1830 975 inventum,
1853 941 1945 978 pro-

200 984 333 1031 posita·
354 987 415 1021 est
437 984 618 1022 humanis
634 986 803 1036 ingeniis
817 986 1064 1035 perficienda,
1089 986 1155 1023 sed
1168 989 1371 1033 tamquam
1386 986 1608 1035 depositum
1624 987 1769 1024 Christi
1783 1000 1944 1037 sponsae

201 1042 351 1079 tradita
373 1043 540 1081 fideliter
563 1045 816 1082 custodienda
838 1048 877 1083 et
899 1045 1164 1082 infallibiliter
1199 1045 1440 1083 declaranda.
1484 1045 1584 1083 Hinc
1617 1052 1815 1084 sacrorum
1845 1058 1944 1096 quo-

201 1113 279 1149 que
302 1101 529 1151 dogmatum
556 1103 590 1140 is
613 1116 748 1141 sensus
781 1108 973 1153 perpetuo
1005 1107 1065 1141 est
1096 1105 1340 1149 retinendus,
1373 1117 1491 1152 quem
1524 1106 1644 1142 semel
1674 1105 1885 1144 declaravit
1914 1118 1943 1144 3.

204 1161 328 1198 Mater
350 1162 534 1204 Ecclesia,
559 1175 629 1200 neo
651 1176 825 1212 unquam
847 1164 896 1200 ab
918 1176 962 1201 eo
995 1176 1113 1201 sensu
1143 1163 1295 1201 altioris
1327 1163 1615 1213 intelligent-iae
1646 1164 1773 1213 specie
1803 1166 1844 1202 et
1873 1177 1943 1203 no-

204 1219 307 1256 mine
329 1220 631 1258 recedendum«
676 1222 723 1258 Et
746 1234 825 1262 can.
852 1230 895 1263 23:
932 1249 948 1266 »
961 1223 1000 1260 Si
1033 1223 1121 1272 quis
1153 1223 1307 1268 dixerit,
1341 1222 1425 1260 fieri
1455 1235 1581 1271 posse,
1616 1226 1660 1261 ut
1692 1223 1944 1273 dogmatibus

203 1279 250 1315 ab
273 1278 445 1317 Ecclesia
467 1280 677 1328 aliquando
713 1282 929 1319 secundum
959 1294 1209 1332 progressum
1242 1282 1426 1320 scientiae
1458 1294 1596 1320 sensus
1627 1282 1863 1321 tribuendus
1893 1283 1945 1321 sit

202 1337 304 1374 alius
328 1338 376 1375 ab
398 1350 454 1383 60,
479 1352 594 1387 quem
617 1340 815 1378 intellexit
836 1345 875 1378 et
896 1341 1083 1391 intelligit
1105 1341 1288 1389 Eec1esia,
1312 1342 1356 1380 A.
1381 1341 1444 1378 S.«

323 1395 363 1437 3.
386 1398 579 1447 Displicet
600 1400 705 1447 quod
727 1400 946 1437 affirmatur
967 1400 1014 1437 de
1037 1401 1308 1449 apostolis.
1350 1400 1483 1450 Longe
1505 1400 1609 1437 enim
1623 1401 1731 1438 aliud
1743 1403 1814 1445 est,
1837 1401 1943 1449 quod

204 1456 370 1504 apostoli
393 1457 578 1505 dogmata
598 1471 678 1495 non
698 1460 979 1507 proposuerint
1000 1460 1073 1496 sub
1097 1460 1280 1496 omnibus
1301 1459 1448 1503 formis,
1472 1459 1617 1507 quibus
1638 1460 1842 1497 enunciari
1854 1472 1943 1509 pos-

206 1515 287 1551 sint
309 1515 454 1553 directe
478 1517 660 1565 opposita
681 1518 971 1566 multiplicibus
993 1518 1206 1564 erroribus,
1239 1521 1279 1556 et
1300 1519 1405 1566 quod
1427 1518 1513 1556 ideo
1544 1531 1666 1556 novae
1695 1518 1943 1557 definitiones

205 1573 294 1610 aliis
316 1575 496 1612 terminis
520 1578 560 1613 et
581 1576 705 1614 modis
727 1577 913 1625 loquendi
936 1589 1138 1626 expressae
1160 1579 1199 1615 et
1220 1589 1341 1614 novae
1363 1577 1640 1626 explicationes
1655 1580 1767 1627 aptae
1781 1578 1828 1615 ad
1842 1580 1941 1615 tem·

205 1645 343 1680 ¹sorum
365 1634 593 1683 exigentias,
619 1635 807 1673 adhibitis
830 1637 947 1673 etiam
971 1636 1147 1686 analogis
1164 1636 1262 1673 ideis
1275 1636 1549 1682 rationalibus,
1573 1637 1823 1685 sequioribus
1838 1638 1942 1674 aeta-

204 1692 312 1729 tibus
335 1693 574 1731 necessariae
597 1694 760 1732 fuerint:
786 1697 822 1732 et
846 1695 955 1733 aliud
979 1697 1049 1741 est,
1075 1695 1180 1743 quod
1203 1695 1367 1744 apostoli
1389 1695 1467 1743 ipsi
1487 1695 1576 1732 fidei
1601 1696 1783 1745 dogmata
1804 1708 1942 1734 secun-

203 1751 300 1788 dum
314 1754 435 1789 totam
449 1753 639 1790 rationem
656 1754 853 1791 internam
868 1755 1032 1792 scientia
1045 1755 1177 1792 intusa
1191 1754 1321 1792 minus
1336 1754 1519 1792 distincte
1535 1756 1805 1804 cognoverint,
1829 1767 1948 1803 quam

203 1811 380 1848 doctores
403 1812 699 1860 subsequentes.
742 1814 851 1851 Licet
873 1813 975 1850 illud
997 1814 1108 1862 prius
1130 1814 1255 1862 possit
1286 1813 1456 1857 concedi,
1488 1814 1561 1851 hoc
1582 1815 1749 1852 alterum
1772 1814 1948 1864 theologi

204 1869 385 1907 catholici
408 1872 670 1909 communiter
692 1873 906 1921 reprobant-
927 1877 973 1910 ut
995 1873 1261 1913 temerarium.
1305 1873 1355 1910 Et
1376 1873 1529 1918 merito,
1554 1885 1643 1910 cum
1664 1873 1834 1922 apostoli
1854 1885 1948 1922 prae

202 1928 342 1965 ceteris
365 1929 558 1967 Ecclesiae
580 1931 775 1968 ministris
807 1944 983 1979 unquam
1015 1931 1221 1969 exstituris
1254 1931 1483 1980 plenissime
1514 1932 1735 1981 receperint
1758 1932 1949 1981 Spiritum

206 1991 398 2034 sanctum,
422 1989 490 2037 qui
513 2002 577 2027 eos
601 1990 759 2027 duceret
782 1992 823 2027 in
845 2003 1000 2028 omnem
1022 1991 1244 2035 veritatem,
1268 1991 1450 2028 redderet
1471 1991 1702 2028 infallibiles
1726 1995 1765 2029 et
1788 1991 1832 2029 in
1853 1992 1948 2029 scri-

204 2046 331 2084 bendo
354 2047 588 2096 inspiratos:
624 2062 715 2097 prae
738 2050 881 2087 ceteris
914 2050 1031 2087 etiam
1064 2049 1238 2098 perfecta
1267 2049 1499 2099 indigebant
1528 2050 1780 2087 revelationis
1812 2050 1945 2099 cogni-

203 2105 311 2142 tione
336 2106 385 2143 ad
408 2107 581 2155 primum
603 2108 880 2145 aedificandam
903 2108 1277 2158 propagandamque
1298 2108 1512 2146 Ecclesiam
1531 2106 1573 2161 l).

355 2233 375 2271 1)
396 2231 557 2267 Admitti
575 2233 690 2278 igitur
710 2242 769 2278 pot
779 2236 835 2268 est
852 2233 968 2268 relate
986 2234 1030 2267 ad
1051 2233 1237 2278 apostolos
1257 2235 1293 2269 1.
1310 2234 1498 2278 profectus
1526 2235 1601 2268 his
1614 2236 1660 2268 to
1672 2235 1740 2268 ric
1752 2246 1824 2276 us,
1850 2234 1949 2278 quod

207 2284 368 2328 apostoli
386 2285 492 2329 plura
510 2286 777 2331 ignoraverint,
798 2299 892 2332 quae
912 2288 957 2322 ad
975 2288 1187 2322 historicam
1215 2287 1501 2333 explicationem
1519 2290 1556 2322 et
1574 2288 1811 2322 diffusionem
1828 2288 1949 2322 Eccle-

205 2338 291 2371 siae.
314 2338 443 2372 seriem
462 2351 698 2375 romanorum
715 2342 931 2386 pontificum
948 2343 1014 2376 etc.
1031 2343 1220 2387 spectant:
1240 2343 1277 2378 2.
1294 2343 1485 2387 profectus
1502 2354 1539 2376 m
1550 2352 1570 2375 ο
1583 2342 1606 2376 d
1617 2353 1637 2375 a
1648 2341 1710 2376 lis
1729 2343 1807 2376 scil.
1825 2341 1949 2386 quoad

204 2393 360 2424 formam
380 2403 443 2425 scu
461 2393 610 2427 modum
630 2393 858 2434 distinctum,
877 2394 1126 2436 articulatum,
1147 2394 1390 2429 scientificum
1409 2394 1642 2439 proponendi
1658 2395 1832 2429 veritates
1849 2404 1948 2429 reve-

210 2443 324 2481 latam
342 2445 379 2480 3.
409 2456 430 2478 a
442 2457 465 2478 n
476 2448 491 2479 t
503 2445 541 2479 it
552 2446 577 2479 h
589 2457 607 2481 e
619 2448 655 2480 ti
670 2458 687 2481 c
699 2459 723 2481 u
735 2460 750 2481 s
762 2475 769 2488 ,
797 2448 885 2492 quia
902 2448 1026 2492 plures
1045 2458 1189 2493 semper
1206 2447 1357 2481 habitus
1376 2447 1633 2493 oppositionis,
1661 2458 1753 2491 quos
1781 2458 1949 2482 successu
1966 2449 1974 2455 '

204 2499 388 2543 temporis
407 2498 580 2543 dogmata
600 2500 760 2535 induunt
786 2502 901 2536 relate
928 2502 974 2536 ad
1001 2512 1140 2536 errores
1167 2502 1207 2535 in
1234 2501 1333 2535 diem
1358 2502 1640 2540 succrescentes,
1671 2500 1844 2535 distincte
1866 2511 1949 2546 cog-

207 2551 400 2587 noscimus,
437 2551 505 2586 Hic
524 2563 608 2587 vero
629 2553 893 2598 qualiscunque
911 2555 1098 2599 profectus
1116 2553 1220 2588 nullo
1239 2555 1347 2598 pacto
1366 2554 1524 2588 conferri
1542 2555 1667 2598 potest
1685 2565 1767 2587 cum
1786 2552 1948 2587 eminen-

209 2603 353 2637 tissima
369 2605 606 2640 revelationis
625 2607 848 2651 cognitione,
866 2619 940 2652 qua
956 2607 1149 2652 pollebant
1167 2606 1336 2651 apostoli,
1363 2607 1451 2650 quia
1471 2609 1656 2641 externam
1675 2608 1802 2651 potius
1827 2607 1866 2640 et
1891 2616 1948 2640 ac-

211 2657 434 2691 cidentalem
453 2659 488 2692 ta
496 2664 599 2693 ntum
620 2660 856 2695 revelationis
870 2662 1000 2695 faciem
1015 2664 1052 2695 et
1065 2661 1220 2695 formam
1236 2660 1402 2705 attingit,
1417 2661 1642 2704 modumque
1656 2660 1774 2705 magis
1786 2661 1949 2705 respicit,

207 2720 277 2753 quo
297 2711 473 2745 revelatio
492 2711 662 2746 fidelibus
677 2715 831 2757 proponi
847 2715 973 2759 possit,
988 2725 1099 2758 quam
1114 2714 1359 2757 subjectivam
1375 2723 1502 2748 eorum
1520 2716 1557 2747 et
1570 2714 1729 2747 infusam
1743 2713 1946 2748 scientiam.

206 2762 262 2796 Ita
280 2763 309 2796 si
330 2764 412 2807 quis
432 2765 705 2809 pulchrioribus
724 2769 761 2800 et
778 2767 1017 2802 nitidioribus
1036 2766 1155 2802 utitur
1172 2767 1212 2800 in
1229 2767 1418 2801 scribendo
1438 2767 1723 2806 characteribus,
1750 2776 1825 2800 non
1843 2777 1948 2811 prop-

207 2820 309 2850 terea
327 2818 442 2851 etiam
460 2827 536 2851 rem
557 2819 688 2853 melius
702 2818 895 2864 intelligit.
929 2820 982 2855 Cf.
1000 2819 1087 2854 Κ16
1098 2822 1183 2865 utg
1194 2831 1212 2854 e
1223 2820 1289 2854 nl.
1309 2831 1339 2854 c.
1357 2831 1392 2853 n.
1412 2822 1480 2855 585
1499 2831 1564 2858 33.;
1595 2819 1618 2854 S
1629 2830 1648 2853 c
1659 2819 1684 2853 h
1696 2823 1746 2854 tiz
1759 2820 1829 2854 ler
1845 2819 1948 2854 Neue

208 2869 543 2915 Untersuchungen
572 2872 661 2905 iiber
688 2872 752 2905 das
770 2871 914 2916 Dogma
939 2884 1011 2907 von
1040 2873 1103 2907 der
1120 2872 1246 2908 Gnade
1263 2884 1299 2917 p.
1320 2874 1386 2907 ‘296
1407 2884 1473 2912 ss:
1504 2873 1533 2906 H
1547 2873 1671 2907 einri
1683 2874 1733 2907 ch
1751 2875 1778 2907 t.
1795 2872 1865 2915 115
1881 2876 1946 2912 83;

205 2922 294 2956 Fra
305 2935 328 2956 n
339 2934 358 2956 z
370 2922 472 2957 elin
497 2923 551 2957 th.
571 2927 615 2959 ‘25
634 2935 661 2958 3.
675 2937 682 2963 ;
711 2924 732 2958 S
746 2935 763 2957 c
775 2925 798 2958 h
812 2935 830 2958 e
844 2935 862 2958 e
874 2926 896 2959 b
908 2936 928 2959 e
940 2938 962 2959 n
979 2927 1000 2971 ξ
1017 2929 1074 2967 36,
1092 2937 1181 2970 prae
1199 2925 1328 2970 primis
1345 2930 1362 2968 ξ
1381 2930 1437 2966 55,
1463 2925 1529 2960 ubi
1555 2925 1742 2970 profectus
1769 2927 1810 2960 in
1826 2936 1949 2960 rerum

207 2975 291 3008 fidei
315 2975 524 3020 cognitione
538 2976 905 3020 possibilitatem
923 2980 960 3012 et
981 2978 1303 3013 necessitatem
1329 2978 1475 3019 evmcit,
1502 2982 1662 3013 metam
1690 2981 1728 3013 et
1752 2980 1948 3013 fructum

208 3027 383 3073 assignat,
403 3039 420 3062 c
433 3040 453 3064 o
466 3040 491 3063 n
502 3029 522 3063 d
536 3029 630 3063 itio
642 3041 666 3063 11
679 3040 696 3063 6
708 3041 722 3063 3
743 3033 945 3072 enumerat,
965 3032 1129 3065 animum
1147 3032 1307 3067 advertit
1325 3032 1371 3066 ad
1390 3043 1406 3065 s
1418 3044 1436 3066 c
1449 3042 1469 3065 ο
1480 3044 1505 3077 p
1517 3044 1541 3066 u
1552 3032 1564 3066 1
1577 3043 1597 3066 0
1609 3044 1624 3066 3
1642 3031 1824 3074 vitandos,
1845 3042 1947 3076 prae-
