<?xml version="1.0" encoding="UTF-8"?>
<!DOCTYPE html PUBLIC "-//W3C//DTD XHTML 1.0 Transitional//EN"
    "http://www.w3.org/TR/xhtml1/DTD/xhtml1-transitional.dtd">
<html xmlns="http://www.w3.org/1999/xhtml" xml:lang="en" lang="en">
 <head>
  <title>
</title>
<meta http-equiv="Content-Type" content="text/html;charset=utf-8" />
  <meta name='ocr-system' content='tesseract 3.04.00' />
  <meta name='ocr-capabilities' content='ocr_page ocr_carea ocr_par ocr_line ocrx_word'/>
</head>
<body>
  <div class='ocr_page' id='page_1' title='image "./theologiaedogmat01hurt/theologiaedogmat01hurt_0402.png"; bbox 0 0 2175 3382; ppageno 0'>
   <div class='ocr_carea' id='block_1_1' title="bbox 211 130 1587 176">
    <p class='ocr_par' dir='ltr' id='par_1_1' title="bbox 211 130 1587 176">
     <span class='ocr_line' id='line_1_1' title="bbox 211 130 1587 176; baseline 0.002 -14"><span class='ocrx_word' id='word_1_1' title='bbox 211 135 296 176; x_wconf 73' lang='lat'>392</span> <span class='ocrx_word' id='word_1_2' title='bbox 552 130 671 167; x_wconf 60' lang='grc' dir='ltr'>Τνιιοῖι</span> <span class='ocrx_word' id='word_1_3' title='bbox 695 131 753 164; x_wconf 90' lang='lat' dir='ltr'>lll.</span> <span class='ocrx_word' id='word_1_4' title='bbox 773 130 818 163; x_wconf 88' lang='lat' dir='ltr'>de</span> <span class='ocrx_word' id='word_1_5' title='bbox 838 131 1014 176; x_wconf 85' lang='lat' dir='ltr'>primatu.</span> <span class='ocrx_word' id='word_1_6' title='bbox 1033 130 1162 164; x_wconf 85' lang='lat' dir='ltr'>Thesis</span> <span class='ocrx_word' id='word_1_7' title='bbox 1184 130 1359 165; x_wconf 83' lang='lat' dir='ltr'>LXXVII.</span> <span class='ocrx_word' id='word_1_8' title='bbox 1377 130 1422 164; x_wconf 90' lang='lat' dir='ltr'>de</span> <span class='ocrx_word' id='word_1_9' title='bbox 1439 141 1587 166; x_wconf 81' lang='lat' dir='ltr'>recursu</span> 
     </span>
    </p>
   </div>
   <div class='ocr_carea' id='block_1_2' title="bbox 211 251 1956 419">
    <p class='ocr_par' dir='ltr' id='par_1_2' title="bbox 211 251 1956 419">
     <span class='ocr_line' id='line_1_2' title="bbox 213 251 1956 304; baseline 0.003 -15"><span class='ocrx_word' id='word_1_10' title='bbox 213 251 497 289; x_wconf 74' lang='lat' dir='ltr'>ministratione</span> <span class='ocrx_word' id='word_1_11' title='bbox 532 252 688 301; x_wconf 85' lang='lat' dir='ltr'>privare</span> <span class='ocrx_word' id='word_1_12' title='bbox 719 265 810 290; x_wconf 86' lang='lat' dir='ltr'>suae</span> <span class='ocrx_word' id='word_1_13' title='bbox 844 253 1025 290; x_wconf 84' lang='lat' dir='ltr'>ecclesiae</span> <span class='ocrx_word' id='word_1_14' title='bbox 1060 253 1172 301; x_wconf 84' lang='lat' dir='ltr'>isque</span> <span class='ocrx_word' id='word_1_15' title='bbox 1205 253 1365 290; x_wconf 86' lang='lat' dir='ltr'>Romam</span> <span class='ocrx_word' id='word_1_16' title='bbox 1408 254 1647 300; x_wconf 73' lang='lat' dir='ltr'>recurrisset,</span> <span class='ocrx_word' id='word_1_17' title='bbox 1690 256 1956 304; x_wconf 86' lang='lat' dir='ltr'>pulcherrima</span> 
     </span>
     <span class='ocr_line' id='line_1_3' title="bbox 211 310 1954 363; baseline 0.003 -16"><span class='ocrx_word' id='word_1_18' title='bbox 211 311 325 359; x_wconf 83' lang='lat' dir='ltr'>plane</span> <span class='ocrx_word' id='word_1_19' title='bbox 348 311 516 359; x_wconf 81' lang='lat' dir='ltr'>epistola</span> <span class='ocrx_word' id='word_1_20' title='bbox 537 310 658 361; x_wconf 76' lang='lat' dir='ltr'>(·.‘‹i‘.))</span> <span class='ocrx_word' id='word_1_21' title='bbox 684 312 946 349; x_wconf 78' lang='lat' dir='ltr'>coelestinum</span> <span class='ocrx_word' id='word_1_22' title='bbox 969 312 1193 349; x_wconf 86' lang='lat' dir='ltr'>obtestatur</span> <span class='ocrx_word' id='word_1_23' title='bbox 1215 310 1267 362; x_wconf 89' lang='lat' dir='ltr'>(a.</span> <span class='ocrx_word' id='word_1_24' title='bbox 1294 310 1408 363; x_wconf 77' lang='lat'>423).</span> <span class='ocrx_word' id='word_1_25' title='bbox 1433 315 1479 350; x_wconf 92' lang='lat' dir='ltr'>ut</span> <span class='ocrx_word' id='word_1_26' title='bbox 1501 313 1709 352; x_wconf 88' lang='lat' dir='ltr'>subveniat</span> <span class='ocrx_word' id='word_1_27' title='bbox 1730 314 1954 353; x_wconf 89' lang='lat' dir='ltr'>hominibus</span> 
     </span>
     <span class='ocr_line' id='line_1_4' title="bbox 211 370 1479 419; baseline 0.002 -12"><span class='ocrx_word' id='word_1_28' title='bbox 211 371 296 417; x_wconf 89' lang='lat' dir='ltr'>ejus</span> <span class='ocrx_word' id='word_1_29' title='bbox 317 383 429 415; x_wconf 83' lang='lat' dir='ltr'>opem</span> <span class='ocrx_word' id='word_1_30' title='bbox 452 370 493 407; x_wconf 90' lang='lat' dir='ltr'>in</span> <span class='ocrx_word' id='word_1_31' title='bbox 516 370 661 408; x_wconf 78' lang='lat' dir='ltr'>Christi</span> <span class='ocrx_word' id='word_1_32' title='bbox 684 371 950 409; x_wconf 75' lang='lat' dir='ltr'>misericordia</span> <span class='ocrx_word' id='word_1_33' title='bbox 971 370 1196 408; x_wconf 47' lang='lat' dir='ltr'>avidissime</span> <span class='ocrx_word' id='word_1_34' title='bbox 1219 371 1479 419; x_wconf 85' lang='lat' dir='ltr'>poscentibus.</span> 
     </span>
    </p>
   </div>
   <div class='ocr_carea' id='block_1_3' title="bbox 202 453 1974 2443">
    <p class='ocr_par' dir='ltr' id='par_1_3' title="bbox 202 453 1974 2443">
     <span class='ocr_line' id='line_1_5' title="bbox 328 453 1956 504; baseline 0.002 -14"><span class='ocrx_word' id='word_1_35' title='bbox 328 454 351 491; x_wconf 84' lang='lat' dir='ltr'>J</span> <span class='ocrx_word' id='word_1_36' title='bbox 365 467 390 490; x_wconf 92' lang='lat' dir='ltr'>u</span> <span class='ocrx_word' id='word_1_37' title='bbox 403 467 426 490; x_wconf 89' lang='lat' dir='ltr'>v</span> <span class='ocrx_word' id='word_1_38' title='bbox 438 467 457 491; x_wconf 93' lang='lat' dir='ltr'>e</span> <span class='ocrx_word' id='word_1_39' title='bbox 469 467 493 491; x_wconf 92' lang='lat' dir='ltr'>n</span> <span class='ocrx_word' id='word_1_40' title='bbox 507 455 551 491; x_wconf 83' lang='lat' dir='ltr'>al</span> <span class='ocrx_word' id='word_1_41' title='bbox 564 454 574 491; x_wconf 90' lang='lat' dir='ltr'>i</span> <span class='ocrx_word' id='word_1_42' title='bbox 588 468 604 490; x_wconf 79' lang='lat' dir='ltr'>s</span> <span class='ocrx_word' id='word_1_43' title='bbox 628 454 808 491; x_wconf 77' lang='lat' dir='ltr'>hierosol.</span> <span class='ocrx_word' id='word_1_44' title='bbox 832 455 1036 502; x_wconf 88' lang='lat' dir='ltr'>episcopus</span> <span class='ocrx_word' id='word_1_45' title='bbox 1058 453 1323 503; x_wconf 73' lang='lat' dir='ltr'>principatum</span> <span class='ocrx_word' id='word_1_46' title='bbox 1338 454 1477 491; x_wconf 87' lang='lat' dir='ltr'>ambiit</span> <span class='ocrx_word' id='word_1_47' title='bbox 1491 454 1530 491; x_wconf 93' lang='lat' dir='ltr'>in</span> <span class='ocrx_word' id='word_1_48' title='bbox 1548 454 1698 504; x_wconf 85' lang='lat' dir='ltr'>synodo</span> <span class='ocrx_word' id='word_1_49' title='bbox 1714 455 1956 494; x_wconf 68' lang='lat' dir='ltr'>Palaestinae</span> 
     </span>
     <span class='ocr_line' id='line_1_6' title="bbox 208 510 1954 565; baseline 0.002 -15"><span class='ocrx_word' id='word_1_50' title='bbox 208 513 451 562; x_wconf 80' lang='lat' dir='ltr'>provinciali.</span> <span class='ocrx_word' id='word_1_51' title='bbox 493 513 605 550; x_wconf 85' lang='lat' dir='ltr'>Illico</span> <span class='ocrx_word' id='word_1_52' title='bbox 637 513 794 550; x_wconf 73' lang='lat' dir='ltr'>Rumam</span> <span class='ocrx_word' id='word_1_53' title='bbox 829 514 961 550; x_wconf 86' lang='lat' dir='ltr'>literas</span> <span class='ocrx_word' id='word_1_54' title='bbox 993 513 1104 550; x_wconf 90' lang='lat' dir='ltr'>misit</span> <span class='ocrx_word' id='word_1_55' title='bbox 1135 510 1184 565; x_wconf 83' lang='lat' dir='ltr'>(a.</span> <span class='ocrx_word' id='word_1_56' title='bbox 1210 510 1312 564; x_wconf 67' lang='lat'>4:31)</span> <span class='ocrx_word' id='word_1_57' title='bbox 1349 513 1584 562; x_wconf 88' lang='lat' dir='ltr'>Cyrillus</span> <span class='ocrx_word' id='word_1_58' title='bbox 1616 514 1664 550; x_wconf 86' lang='lat' dir='ltr'>al.</span> <span class='ocrx_word' id='word_1_59' title='bbox 1696 527 1766 563; x_wconf 88' lang='lat' dir='ltr'>per</span> <span class='ocrx_word' id='word_1_60' title='bbox 1786 514 1954 553; x_wconf 86' lang='lat' dir='ltr'>Leonem</span> 
     </span>
     <span class='ocr_line' id='line_1_7' title="bbox 208 572 1953 622; baseline 0.002 -13"><span class='ocrx_word' id='word_1_61' title='bbox 208 575 293 609; x_wconf 90' lang='lat' dir='ltr'>tum</span> <span class='ocrx_word' id='word_1_62' title='bbox 315 572 632 610; x_wconf 72' lang='lat' dir='ltr'>archidiaconum</span> <span class='ocrx_word' id='word_1_63' title='bbox 657 572 872 609; x_wconf 77' lang='lat' dir='ltr'>Coelestino</span> <span class='ocrx_word' id='word_1_64' title='bbox 904 572 1120 609; x_wconf 74' lang='lat' dir='ltr'>reddendas</span> <span class='ocrx_word' id='word_1_65' title='bbox 1156 572 1354 615; x_wconf 72' lang='lat' dir='ltr'>„sollicita</span> <span class='ocrx_word' id='word_1_66' title='bbox 1383 585 1497 621; x_wconf 85' lang='lat' dir='ltr'>prece</span> <span class='ocrx_word' id='word_1_67' title='bbox 1532 573 1703 610; x_wconf 89' lang='lat' dir='ltr'>multum</span> <span class='ocrx_word' id='word_1_68' title='bbox 1734 585 1953 622; x_wconf 83' lang='lat' dir='ltr'>exposcens,</span> 
     </span>
     <span class='ocr_line' id='line_1_8' title="bbox 210 627 1955 684; baseline 0.002 -16"><span class='ocrx_word' id='word_1_69' title='bbox 210 635 252 668; x_wconf 89' lang='lat' dir='ltr'>ut</span> <span class='ocrx_word' id='word_1_70' title='bbox 286 632 399 669; x_wconf 87' lang='lat' dir='ltr'>nulla</span> <span class='ocrx_word' id='word_1_71' title='bbox 431 631 584 668; x_wconf 77' lang='lat' dir='ltr'>illicitis</span> <span class='ocrx_word' id='word_1_72' title='bbox 615 631 819 668; x_wconf 89' lang='lat' dir='ltr'>conatibus</span> <span class='ocrx_word' id='word_1_73' title='bbox 842 627 1020 684; x_wconf 86' lang='lat' dir='ltr'>(Rornae)</span> <span class='ocrx_word' id='word_1_74' title='bbox 1042 631 1296 680; x_wconf 71' lang='lat' dir='ltr'>praeberetur</span> <span class='ocrx_word' id='word_1_75' title='bbox 1317 631 1531 675; x_wconf 77' lang='lat' dir='ltr'>assensio‚‘²</span> <span class='ocrx_word' id='word_1_76' title='bbox 1564 634 1610 669; x_wconf 89' lang='lat' dir='ltr'>ut</span> <span class='ocrx_word' id='word_1_77' title='bbox 1640 632 1725 681; x_wconf 88' lang='lat' dir='ltr'>ipse</span> <span class='ocrx_word' id='word_1_78' title='bbox 1747 645 1776 670; x_wconf 85' lang='lat' dir='ltr'>s.</span> <span class='ocrx_word' id='word_1_79' title='bbox 1799 633 1874 671; x_wconf 87' lang='lat' dir='ltr'>Leo</span> <span class='ocrx_word' id='word_1_80' title='bbox 1895 635 1955 672; x_wconf 83' lang='lat' dir='ltr'>te-</span> 
     </span>
     <span class='ocr_line' id='line_1_9' title="bbox 209 690 1956 740; baseline 0.002 -13"><span class='ocrx_word' id='word_1_81' title='bbox 209 692 339 728; x_wconf 86' lang='lat' dir='ltr'>statur</span> <span class='ocrx_word' id='word_1_82' title='bbox 353 703 410 740; x_wconf 84' lang='lat' dir='ltr'>ep.</span> <span class='ocrx_word' id='word_1_83' title='bbox 432 697 510 730; x_wconf 79' lang='lat'>190</span> <span class='ocrx_word' id='word_1_84' title='bbox 528 690 575 727; x_wconf 88' lang='lat' dir='ltr'>ad</span> <span class='ocrx_word' id='word_1_85' title='bbox 593 690 802 727; x_wconf 79' lang='lat' dir='ltr'>Maximum</span> <span class='ocrx_word' id='word_1_86' title='bbox 820 690 987 727; x_wconf 80' lang='lat' dir='ltr'>antioch.</span> <span class='ocrx_word' id='word_1_87' title='bbox 1002 703 1038 729; x_wconf 89' lang='lat' dir='ltr'>n.</span> <span class='ocrx_word' id='word_1_88' title='bbox 1058 697 1092 729; x_wconf 86' lang='lat'>4.</span> <span class='ocrx_word' id='word_1_89' title='bbox 1107 713 1161 717; x_wconf 94' lang='lat'>—</span> <span class='ocrx_word' id='word_1_90' title='bbox 1177 693 1203 726; x_wconf 77' lang='lat' dir='ltr'>A</span> <span class='ocrx_word' id='word_1_91' title='bbox 1219 690 1632 728; x_wconf 86' lang='lat' dir='ltr'>rchimandritae</span> <span class='ocrx_word' id='word_1_92' title='bbox 1653 694 1702 728; x_wconf 91' lang='lat' dir='ltr'>et</span> <span class='ocrx_word' id='word_1_93' title='bbox 1725 693 1956 730; x_wconf 86' lang='lat' dir='ltr'>monachi</span> 
     </span>
     <span class='ocr_line' id='line_1_10' title="bbox 208 748 1955 799; baseline 0.001 -12"><span class='ocrx_word' id='word_1_94' title='bbox 208 750 399 787; x_wconf 84' lang='lat' dir='ltr'>secundae</span> <span class='ocrx_word' id='word_1_95' title='bbox 423 749 559 799; x_wconf 84' lang='lat' dir='ltr'>Syriae</span> <span class='ocrx_word' id='word_1_96' title='bbox 591 749 638 786; x_wconf 83' lang='lat' dir='ltr'>ab</span> <span class='ocrx_word' id='word_1_97' title='bbox 670 749 915 797; x_wconf 73' lang='lat' dir='ltr'>eutychianis</span> <span class='ocrx_word' id='word_1_98' title='bbox 947 749 1116 797; x_wconf 80' lang='lat' dir='ltr'>pessime</span> <span class='ocrx_word' id='word_1_99' title='bbox 1149 748 1273 786; x_wconf 70' lang='lat' dir='ltr'>hahiti</span> <span class='ocrx_word' id='word_1_100' title='bbox 1298 750 1345 786; x_wconf 82' lang='lat' dir='ltr'>ad</span> <span class='ocrx_word' id='word_1_101' title='bbox 1370 749 1691 794; x_wconf 67' lang='lat' dir='ltr'>„sanctissimum</span> <span class='ocrx_word' id='word_1_102' title='bbox 1714 752 1754 787; x_wconf 89' lang='lat' dir='ltr'>et</span> <span class='ocrx_word' id='word_1_103' title='bbox 1774 750 1955 789; x_wconf 84' lang='lat' dir='ltr'>beatissi-</span> 
     </span>
     <span class='ocr_line' id='line_1_11' title="bbox 208 808 1954 859; baseline 0.001 -13"><span class='ocrx_word' id='word_1_104' title='bbox 208 822 314 846; x_wconf 89' lang='lat' dir='ltr'>mum</span> <span class='ocrx_word' id='word_1_105' title='bbox 338 809 544 846; x_wconf 77' lang='lat' dir='ltr'>universae</span> <span class='ocrx_word' id='word_1_106' title='bbox 567 809 672 845; x_wconf 89' lang='lat' dir='ltr'>orbis</span> <span class='ocrx_word' id='word_1_107' title='bbox 696 813 821 845; x_wconf 84' lang='lat' dir='ltr'>terrae</span> <span class='ocrx_word' id='word_1_108' title='bbox 843 808 1102 857; x_wconf 80' lang='lat' dir='ltr'>patriarcham</span> <span class='ocrx_word' id='word_1_109' title='bbox 1122 808 1378 853; x_wconf 80' lang='lat' dir='ltr'>Hormisdam‚</span> <span class='ocrx_word' id='word_1_110' title='bbox 1401 809 1669 847; x_wconf 85' lang='lat' dir='ltr'>continentem</span> <span class='ocrx_word' id='word_1_111' title='bbox 1694 809 1824 847; x_wconf 87' lang='lat' dir='ltr'>sedem</span> <span class='ocrx_word' id='word_1_112' title='bbox 1846 811 1954 859; x_wconf 83' lang='lat' dir='ltr'>prin—</span> 
     </span>
     <span class='ocr_line' id='line_1_12' title="bbox 207 865 1954 921; baseline 0.002 -16"><span class='ocrx_word' id='word_1_113' title='bbox 207 868 303 917; x_wconf 78' lang='lat' dir='ltr'>cipis</span> <span class='ocrx_word' id='word_1_114' title='bbox 326 868 620 917; x_wconf 48' lang='lat' dir='ltr'>apostolorum&lt;K</span> <span class='ocrx_word' id='word_1_115' title='bbox 655 867 890 916; x_wconf 84' lang='lat' dir='ltr'>confugiunt</span> <span class='ocrx_word' id='word_1_116' title='bbox 921 865 997 916; x_wconf 83' lang='lat' dir='ltr'>(ep.</span> <span class='ocrx_word' id='word_1_117' title='bbox 1038 874 1086 907; x_wconf 85' lang='grc'>19</span> <span class='ocrx_word' id='word_1_118' title='bbox 1120 867 1178 905; x_wconf 88' lang='lat' dir='ltr'>ed.</span> <span class='ocrx_word' id='word_1_119' title='bbox 1211 867 1240 904; x_wconf 92' lang='lat' dir='ltr'>T</span> <span class='ocrx_word' id='word_1_120' title='bbox 1255 867 1359 905; x_wconf 91' lang='lat' dir='ltr'>hiel</span> <span class='ocrx_word' id='word_1_121' title='bbox 1392 882 1423 905; x_wconf 89' lang='lat' dir='ltr'>a.</span> <span class='ocrx_word' id='word_1_122' title='bbox 1450 865 1563 921; x_wconf 75' lang='lat'>517),</span> <span class='ocrx_word' id='word_1_123' title='bbox 1597 881 1714 917; x_wconf 88' lang='lat' dir='ltr'>quem</span> <span class='ocrx_word' id='word_1_124' title='bbox 1746 869 1954 914; x_wconf 79' lang='lat' dir='ltr'>,Christus</span> 
     </span>
     <span class='ocr_line' id='line_1_13' title="bbox 207 927 1954 976; baseline 0.001 -11"><span class='ocrx_word' id='word_1_125' title='bbox 207 928 311 965; x_wconf 86' lang='lat' dir='ltr'>Deus</span> <span class='ocrx_word' id='word_1_126' title='bbox 335 929 467 964; x_wconf 21' lang='lat' dir='ltr'>notter</span> <span class='ocrx_word' id='word_1_127' title='bbox 489 927 702 976; x_wconf 79' lang='lat' dir='ltr'>principem</span> <span class='ocrx_word' id='word_1_128' title='bbox 727 929 923 975; x_wconf 81' lang='lat' dir='ltr'>pastorem</span> <span class='ocrx_word' id='word_1_129' title='bbox 939 929 978 964; x_wconf 93' lang='lat' dir='ltr'>et</span> <span class='ocrx_word' id='word_1_130' title='bbox 992 927 1187 964; x_wconf 84' lang='lat' dir='ltr'>doctorem</span> <span class='ocrx_word' id='word_1_131' title='bbox 1204 931 1243 963; x_wconf 85' lang='lat' dir='ltr'>et</span> <span class='ocrx_word' id='word_1_132' title='bbox 1256 927 1450 964; x_wconf 89' lang='lat' dir='ltr'>medicum</span> <span class='ocrx_word' id='word_1_133' title='bbox 1465 927 1686 965; x_wconf 88' lang='lat' dir='ltr'>animarum</span> <span class='ocrx_word' id='word_1_134' title='bbox 1701 929 1924 967; x_wconf 86' lang='lat' dir='ltr'>constituit.</span> <span class='ocrx_word' id='word_1_135' title='bbox 1935 933 1954 953; x_wconf 79' lang='lat'>‘</span> 
     </span>
     <span class='ocr_line' id='line_1_14' title="bbox 212 985 1955 1034; baseline 0.002 -11"><span class='ocrx_word' id='word_1_136' title='bbox 212 1009 253 1013; x_wconf 93' lang='lat'>—</span> <span class='ocrx_word' id='word_1_137' title='bbox 287 986 508 1023; x_wconf 84' lang='lat' dir='ltr'>Recurrunt</span> <span class='ocrx_word' id='word_1_138' title='bbox 530 986 591 1022; x_wconf 85' lang='lat' dir='ltr'>vel</span> <span class='ocrx_word' id='word_1_139' title='bbox 622 986 697 1034; x_wconf 90' lang='lat' dir='ltr'>ipsi</span> <span class='ocrx_word' id='word_1_140' title='bbox 729 986 900 1034; x_wconf 73' lang='lat' dir='ltr'>episcopi</span> <span class='ocrx_word' id='word_1_141' title='bbox 934 985 1174 1023; x_wconf 81' lang='lat' dir='ltr'>schismatici</span> <span class='ocrx_word' id='word_1_142' title='bbox 1207 988 1247 1022; x_wconf 86' lang='lat' dir='ltr'>et</span> <span class='ocrx_word' id='word_1_143' title='bbox 1269 986 1441 1023; x_wconf 88' lang='lat' dir='ltr'>Nestorii</span> <span class='ocrx_word' id='word_1_144' title='bbox 1471 987 1646 1024; x_wconf 84' lang='lat' dir='ltr'>fautores</span> <span class='ocrx_word' id='word_1_145' title='bbox 1668 986 1955 1026; x_wconf 75' lang='lat' dir='ltr'>Eutherius</span> 
     </span>
     <span class='ocr_line' id='line_1_15' title="bbox 206 1044 1954 1095; baseline 0.002 -13"><span class='ocrx_word' id='word_1_146' title='bbox 206 1046 439 1095; x_wconf 76' lang='lat' dir='ltr'>thyanensis</span> <span class='ocrx_word' id='word_1_147' title='bbox 455 1048 495 1082; x_wconf 87' lang='lat' dir='ltr'>et</span> <span class='ocrx_word' id='word_1_148' title='bbox 517 1045 550 1081; x_wconf 93' lang='lat' dir='ltr'>H</span> <span class='ocrx_word' id='word_1_149' title='bbox 564 1045 667 1081; x_wconf 86' lang='lat' dir='ltr'>ella</span> <span class='ocrx_word' id='word_1_150' title='bbox 680 1044 769 1082; x_wconf 90' lang='lat' dir='ltr'>diu</span> <span class='ocrx_word' id='word_1_151' title='bbox 781 1057 798 1081; x_wconf 95' lang='lat' dir='ltr'>s</span> <span class='ocrx_word' id='word_1_152' title='bbox 821 1045 1033 1082; x_wconf 82' lang='lat' dir='ltr'>tharsensis</span> <span class='ocrx_word' id='word_1_153' title='bbox 1050 1045 1209 1082; x_wconf 88' lang='lat' dir='ltr'>nomine</span> <span class='ocrx_word' id='word_1_154' title='bbox 1224 1045 1485 1094; x_wconf 89' lang='lat' dir='ltr'>plurimorum</span> <span class='ocrx_word' id='word_1_155' title='bbox 1502 1045 1770 1094; x_wconf 85' lang='lat' dir='ltr'>episcoporum</span> <span class='ocrx_word' id='word_1_156' title='bbox 1787 1059 1831 1083; x_wconf 85' lang='lat' dir='ltr'>ex</span> <span class='ocrx_word' id='word_1_157' title='bbox 1845 1049 1954 1085; x_wconf 85' lang='lat' dir='ltr'>utra-</span> 
     </span>
     <span class='ocr_line' id='line_1_16' title="bbox 207 1101 1954 1158; baseline 0.002 -16"><span class='ocrx_word' id='word_1_158' title='bbox 207 1117 283 1154; x_wconf 90' lang='lat' dir='ltr'>que</span> <span class='ocrx_word' id='word_1_159' title='bbox 306 1104 448 1148; x_wconf 90' lang='lat' dir='ltr'>Cilicia,</span> <span class='ocrx_word' id='word_1_160' title='bbox 472 1103 643 1141; x_wconf 73' lang='lat' dir='ltr'>secunda</span> <span class='ocrx_word' id='word_1_161' title='bbox 665 1103 886 1152; x_wconf 80' lang='lat' dir='ltr'>Capadocia.</span> <span class='ocrx_word' id='word_1_162' title='bbox 911 1105 1020 1152; x_wconf 61' lang='lat' dir='ltr'>Bith]¹</span> <span class='ocrx_word' id='word_1_163' title='bbox 1035 1104 1111 1149; x_wconf 88' lang='lat' dir='ltr'>nia,</span> <span class='ocrx_word' id='word_1_164' title='bbox 1128 1104 1327 1157; x_wconf 83' lang='lat' dir='ltr'>Thessalia</span> <span class='ocrx_word' id='word_1_165' title='bbox 1350 1106 1389 1142; x_wconf 92' lang='lat' dir='ltr'>et</span> <span class='ocrx_word' id='word_1_166' title='bbox 1404 1104 1564 1142; x_wconf 87' lang='lat' dir='ltr'>Thracia</span> <span class='ocrx_word' id='word_1_167' title='bbox 1584 1101 1615 1158; x_wconf 90' lang='lat'>1)</span> <span class='ocrx_word' id='word_1_168' title='bbox 1638 1104 1684 1142; x_wconf 90' lang='lat' dir='ltr'>ad</span> <span class='ocrx_word' id='word_1_169' title='bbox 1701 1105 1871 1154; x_wconf 81' lang='lat' dir='ltr'>Xystum</span> <span class='ocrx_word' id='word_1_170' title='bbox 1886 1106 1954 1146; x_wconf 93' lang='lat' dir='ltr'>III.</span> 
     </span>
     <span class='ocr_line' id='line_1_17' title="bbox 206 1161 1955 1215; baseline 0.001 -14"><span class='ocrx_word' id='word_1_171' title='bbox 206 1162 258 1215; x_wconf 87' lang='lat' dir='ltr'>(a.</span> <span class='ocrx_word' id='word_1_172' title='bbox 284 1170 336 1204; x_wconf 79' lang='lat'>43</span> <span class='ocrx_word' id='word_1_173' title='bbox 355 1161 398 1215; x_wconf 66' lang='lat' dir='ltr'>e),</span> <span class='ocrx_word' id='word_1_174' title='bbox 428 1168 474 1200; x_wconf 89' lang='lat' dir='ltr'>ut</span> <span class='ocrx_word' id='word_1_175' title='bbox 495 1163 580 1200; x_wconf 84' lang='lat' dir='ltr'>orbi</span> <span class='ocrx_word' id='word_1_176' title='bbox 610 1163 799 1200; x_wconf 87' lang='lat' dir='ltr'>adversus</span> <span class='ocrx_word' id='word_1_177' title='bbox 823 1163 1015 1212; x_wconf 87' lang='lat' dir='ltr'>Cyrillum</span> <span class='ocrx_word' id='word_1_178' title='bbox 1047 1164 1142 1200; x_wconf 79' lang='lat' dir='ltr'>alex.</span> <span class='ocrx_word' id='word_1_179' title='bbox 1166 1164 1397 1212; x_wconf 88' lang='lat' dir='ltr'>praesertim</span> <span class='ocrx_word' id='word_1_180' title='bbox 1419 1167 1633 1210; x_wconf 79' lang='lat' dir='ltr'>succurrat,</span> <span class='ocrx_word' id='word_1_181' title='bbox 1666 1176 1755 1201; x_wconf 89' lang='lat' dir='ltr'>cum</span> <span class='ocrx_word' id='word_1_182' title='bbox 1776 1164 1955 1214; x_wconf 91' lang='lat' dir='ltr'>ipsorum</span> 
     </span>
     <span class='ocr_line' id='line_1_18' title="bbox 206 1223 1974 1273; baseline 0.001 -13"><span class='ocrx_word' id='word_1_183' title='bbox 206 1223 267 1267; x_wconf 84' lang='lat' dir='ltr'>sit,</span> <span class='ocrx_word' id='word_1_184' title='bbox 301 1223 376 1267; x_wconf 71' lang='lat' dir='ltr'>»all</span> <span class='ocrx_word' id='word_1_185' title='bbox 409 1235 499 1259; x_wconf 91' lang='lat' dir='ltr'>eum</span> <span class='ocrx_word' id='word_1_186' title='bbox 531 1223 708 1268; x_wconf 83' lang='lat' dir='ltr'>clamare,</span> <span class='ocrx_word' id='word_1_187' title='bbox 741 1223 811 1271; x_wconf 89' lang='lat' dir='ltr'>qui</span> <span class='ocrx_word' id='word_1_188' title='bbox 841 1236 862 1259; x_wconf 90' lang='lat' dir='ltr'>a</span> <span class='ocrx_word' id='word_1_189' title='bbox 888 1223 963 1260; x_wconf 90' lang='lat' dir='ltr'>Deo</span> <span class='ocrx_word' id='word_1_190' title='bbox 996 1224 1214 1271; x_wconf 72' lang='lat' dir='ltr'>productus</span> <span class='ocrx_word' id='word_1_191' title='bbox 1245 1227 1305 1260; x_wconf 88' lang='lat' dir='ltr'>est</span> <span class='ocrx_word' id='word_1_192' title='bbox 1335 1223 1575 1273; x_wconf 85' lang='lat' dir='ltr'>gubernator</span> <span class='ocrx_word' id='word_1_193' title='bbox 1603 1252 1610 1259; x_wconf 94' lang='lat'>.</span> <span class='ocrx_word' id='word_1_194' title='bbox 1635 1251 1643 1259; x_wconf 92' lang='lat'><strong>.</strong></span> <span class='ocrx_word' id='word_1_195' title='bbox 1666 1252 1675 1260; x_wconf 90' lang='lat'><strong>.</strong></span> <span class='ocrx_word' id='word_1_196' title='bbox 1696 1225 1790 1261; x_wconf 84' lang='lat' dir='ltr'>tuae</span> <span class='ocrx_word' id='word_1_197' title='bbox 1821 1226 1974 1262; x_wconf 87' lang='lat' dir='ltr'>autem-</span> 
     </span>
     <span class='ocr_line' id='line_1_19' title="bbox 205 1282 1954 1332; baseline 0.001 -13"><span class='ocrx_word' id='word_1_198' title='bbox 205 1282 353 1332; x_wconf 85' lang='lat' dir='ltr'>gratiae</span> <span class='ocrx_word' id='word_1_199' title='bbox 386 1282 680 1330; x_wconf 82' lang='lat' dir='ltr'>sapientiaeque</span> <span class='ocrx_word' id='word_1_200' title='bbox 711 1283 771 1319; x_wconf 90' lang='lat' dir='ltr'>est</span> <span class='ocrx_word' id='word_1_201' title='bbox 801 1294 881 1319; x_wconf 92' lang='lat' dir='ltr'>non</span> <span class='ocrx_word' id='word_1_202' title='bbox 913 1282 1111 1330; x_wconf 88' lang='lat' dir='ltr'>despicere</span> <span class='ocrx_word' id='word_1_203' title='bbox 1143 1295 1271 1330; x_wconf 89' lang='lat' dir='ltr'>neque</span> <span class='ocrx_word' id='word_1_204' title='bbox 1295 1283 1418 1320; x_wconf 88' lang='lat' dir='ltr'>otiose</span> <span class='ocrx_word' id='word_1_205' title='bbox 1439 1284 1708 1320; x_wconf 74' lang='lat' dir='ltr'>transcurrere</span> <span class='ocrx_word' id='word_1_206' title='bbox 1730 1282 1954 1332; x_wconf 82' lang='lat' dir='ltr'>hujusmodi</span> 
     </span>
     <span class='ocr_line' id='line_1_20' title="bbox 206 1341 1953 1390; baseline 0.001 -12"><span class='ocrx_word' id='word_1_207' title='bbox 206 1341 492 1389; x_wconf 82' lang='lat' dir='ltr'>quaestionem:</span> <span class='ocrx_word' id='word_1_208' title='bbox 524 1341 590 1378; x_wconf 79' lang='lat' dir='ltr'>sed</span> <span class='ocrx_word' id='word_1_209' title='bbox 622 1370 630 1376; x_wconf 91' lang='lat'><em>.</em></span> <span class='ocrx_word' id='word_1_210' title='bbox 663 1369 670 1376; x_wconf 92' lang='lat'>.</span> <span class='ocrx_word' id='word_1_211' title='bbox 701 1371 709 1378; x_wconf 89' lang='lat'><strong>.</strong></span> <span class='ocrx_word' id='word_1_212' title='bbox 741 1341 1054 1378; x_wconf 71' lang='lat' dir='ltr'>emendationem</span> <span class='ocrx_word' id='word_1_213' title='bbox 1087 1341 1286 1390; x_wconf 86' lang='lat' dir='ltr'>imponere</span> <span class='ocrx_word' id='word_1_214' title='bbox 1319 1353 1408 1379; x_wconf 92' lang='lat' dir='ltr'>cum</span> <span class='ocrx_word' id='word_1_215' title='bbox 1439 1343 1523 1379; x_wconf 85' lang='lat' dir='ltr'>tota</span> <span class='ocrx_word' id='word_1_216' title='bbox 1553 1342 1774 1379; x_wconf 83' lang='lat' dir='ltr'>constantia</span> <span class='ocrx_word' id='word_1_217' title='bbox 1804 1344 1845 1379; x_wconf 93' lang='lat' dir='ltr'>et</span> <span class='ocrx_word' id='word_1_218' title='bbox 1875 1343 1953 1380; x_wconf 88' lang='lat' dir='ltr'>Deo</span> 
     </span>
     <span class='ocr_line' id='line_1_21' title="bbox 206 1400 1953 1451; baseline 0.003 -17"><span class='ocrx_word' id='word_1_219' title='bbox 206 1401 348 1438; x_wconf 79' lang='lat' dir='ltr'>dilecta</span> <span class='ocrx_word' id='word_1_220' title='bbox 372 1400 551 1437; x_wconf 68' lang='lat' dir='ltr'>fiducia«</span> <span class='ocrx_word' id='word_1_221' title='bbox 598 1400 821 1449; x_wconf 78' lang='lat' dir='ltr'>,Rogamus</span> <span class='ocrx_word' id='word_1_222' title='bbox 842 1412 945 1447; x_wconf 90' lang='lat' dir='ltr'>vero,</span> <span class='ocrx_word' id='word_1_223' title='bbox 979 1401 1159 1438; x_wconf 85' lang='lat' dir='ltr'>scribunt</span> <span class='ocrx_word' id='word_1_224' title='bbox 1184 1413 1221 1437; x_wconf 91' lang='lat' dir='ltr'>n.</span> <span class='ocrx_word' id='word_1_225' title='bbox 1251 1407 1313 1445; x_wconf 83' lang='grc'>12,</span> <span class='ocrx_word' id='word_1_226' title='bbox 1337 1405 1377 1438; x_wconf 88' lang='lat' dir='ltr'>et</span> <span class='ocrx_word' id='word_1_227' title='bbox 1399 1401 1544 1438; x_wconf 88' lang='lat' dir='ltr'>sanctis</span> <span class='ocrx_word' id='word_1_228' title='bbox 1566 1403 1658 1438; x_wconf 87' lang='lat' dir='ltr'>tuae</span> <span class='ocrx_word' id='word_1_229' title='bbox 1679 1401 1953 1451; x_wconf 80' lang='lat' dir='ltr'>religiositatis</span> 
     </span>
     <span class='ocr_line' id='line_1_22' title="bbox 204 1459 1953 1509; baseline 0.001 -13"><span class='ocrx_word' id='word_1_230' title='bbox 204 1460 370 1508; x_wconf 73' lang='lat' dir='ltr'>pedibus</span> <span class='ocrx_word' id='word_1_231' title='bbox 393 1459 672 1508; x_wconf 84' lang='lat' dir='ltr'>provolvimur,</span> <span class='ocrx_word' id='word_1_232' title='bbox 706 1461 753 1496; x_wconf 91' lang='lat' dir='ltr'>ut</span> <span class='ocrx_word' id='word_1_233' title='bbox 773 1472 932 1497; x_wconf 89' lang='lat' dir='ltr'>manum</span> <span class='ocrx_word' id='word_1_234' title='bbox 956 1460 1134 1509; x_wconf 75' lang='lat' dir='ltr'>porrigas</span> <span class='ocrx_word' id='word_1_235' title='bbox 1158 1460 1373 1497; x_wconf 71' lang='lat' dir='ltr'>salutarem</span> <span class='ocrx_word' id='word_1_236' title='bbox 1396 1463 1436 1497; x_wconf 86' lang='lat' dir='ltr'>et</span> <span class='ocrx_word' id='word_1_237' title='bbox 1456 1460 1610 1497; x_wconf 83' lang='lat' dir='ltr'>auferas</span> <span class='ocrx_word' id='word_1_238' title='bbox 1632 1460 1772 1498; x_wconf 90' lang='lat' dir='ltr'>mundi</span> <span class='ocrx_word' id='word_1_239' title='bbox 1793 1460 1953 1499; x_wconf 83' lang='lat' dir='ltr'>naufra—</span> 
     </span>
     <span class='ocr_line' id='line_1_23' title="bbox 204 1518 1953 1568; baseline 0.002 -13"><span class='ocrx_word' id='word_1_240' title='bbox 204 1519 325 1568; x_wconf 85' lang='lat' dir='ltr'>gium,</span> <span class='ocrx_word' id='word_1_241' title='bbox 358 1518 616 1566; x_wconf 87' lang='lat' dir='ltr'>omniumque</span> <span class='ocrx_word' id='word_1_242' title='bbox 650 1519 787 1556; x_wconf 87' lang='lat' dir='ltr'>horum</span> <span class='ocrx_word' id='word_1_243' title='bbox 819 1518 1118 1567; x_wconf 85' lang='lat' dir='ltr'>inquisitionem</span> <span class='ocrx_word' id='word_1_244' title='bbox 1145 1519 1285 1567; x_wconf 81' lang='lat' dir='ltr'>jubeas</span> <span class='ocrx_word' id='word_1_245' title='bbox 1318 1519 1405 1556; x_wconf 90' lang='lat' dir='ltr'>fieri</span> <span class='ocrx_word' id='word_1_246' title='bbox 1427 1521 1467 1556; x_wconf 91' lang='lat' dir='ltr'>et</span> <span class='ocrx_word' id='word_1_247' title='bbox 1488 1519 1547 1556; x_wconf 90' lang='lat' dir='ltr'>his</span> <span class='ocrx_word' id='word_1_248' title='bbox 1571 1519 1723 1557; x_wconf 86' lang='lat' dir='ltr'>illicitis</span> <span class='ocrx_word' id='word_1_249' title='bbox 1745 1520 1953 1558; x_wconf 89' lang='lat' dir='ltr'>coelestem</span> 
     </span>
     <span class='ocr_line' id='line_1_24' title="bbox 204 1578 1954 1627; baseline 0.001 -12"><span class='ocrx_word' id='word_1_250' title='bbox 204 1578 414 1627; x_wconf 71' lang='lat' dir='ltr'>superduci</span> <span class='ocrx_word' id='word_1_251' title='bbox 436 1578 728 1622; x_wconf 79' lang='lat' dir='ltr'>correctionem,</span> <span class='ocrx_word' id='word_1_252' title='bbox 752 1580 799 1615; x_wconf 92' lang='lat' dir='ltr'>ut</span> <span class='ocrx_word' id='word_1_253' title='bbox 819 1580 1055 1615; x_wconf 89' lang='lat' dir='ltr'>revocentur</span> <span class='ocrx_word' id='word_1_254' title='bbox 1078 1578 1238 1626; x_wconf 84' lang='lat' dir='ltr'>quidem</span> <span class='ocrx_word' id='word_1_255' title='bbox 1261 1579 1387 1616; x_wconf 88' lang='lat' dir='ltr'>sancti</span> <span class='ocrx_word' id='word_1_256' title='bbox 1407 1580 1584 1627; x_wconf 83' lang='lat' dir='ltr'>pastores</span> <span class='ocrx_word' id='word_1_257' title='bbox 1607 1581 1709 1616; x_wconf 60' lang='lat' dir='ltr'>eta«</span> <span class='ocrx_word' id='word_1_258' title='bbox 1753 1579 1835 1624; x_wconf 76' lang='lat' dir='ltr'>,Et</span> <span class='ocrx_word' id='word_1_259' title='bbox 1856 1578 1954 1617; x_wconf 88' lang='lat' dir='ltr'>olim</span> 
     </span>
     <span class='ocr_line' id='line_1_25' title="bbox 203 1636 1952 1687; baseline 0.001 -13"><span class='ocrx_word' id='word_1_260' title='bbox 203 1636 409 1685; x_wconf 73' lang='lat' dir='ltr'>siquidem,</span> <span class='ocrx_word' id='word_1_261' title='bbox 442 1637 633 1686; x_wconf 87' lang='lat' dir='ltr'>inquiunt</span> <span class='ocrx_word' id='word_1_262' title='bbox 663 1637 857 1674; x_wconf 87' lang='lat' dir='ltr'>rationem</span> <span class='ocrx_word' id='word_1_263' title='bbox 888 1637 1170 1686; x_wconf 84' lang='lat' dir='ltr'>postulationis</span> <span class='ocrx_word' id='word_1_264' title='bbox 1201 1637 1420 1682; x_wconf 75' lang='lat' dir='ltr'>reddentes,</span> <span class='ocrx_word' id='word_1_265' title='bbox 1454 1637 1665 1686; x_wconf 83' lang='lat' dir='ltr'>saepius</span> <span class='ocrx_word' id='word_1_266' title='bbox 1690 1638 1773 1687; x_wconf 89' lang='lat' dir='ltr'>jam</span> <span class='ocrx_word' id='word_1_267' title='bbox 1794 1651 1839 1676; x_wconf 83' lang='lat' dir='ltr'>ex</span> <span class='ocrx_word' id='word_1_268' title='bbox 1860 1638 1952 1676; x_wconf 91' lang='lat' dir='ltr'>Ale—</span> 
     </span>
     <span class='ocr_line' id='line_1_26' title="bbox 202 1696 1953 1747; baseline 0.001 -14"><span class='ocrx_word' id='word_1_269' title='bbox 202 1696 363 1733; x_wconf 80' lang='lat' dir='ltr'>xandria</span> <span class='ocrx_word' id='word_1_270' title='bbox 396 1696 622 1745; x_wconf 76' lang='lat' dir='ltr'>huju-modi</span> <span class='ocrx_word' id='word_1_271' title='bbox 658 1696 861 1734; x_wconf 86' lang='lat' dir='ltr'>haereticis</span> <span class='ocrx_word' id='word_1_272' title='bbox 892 1696 1047 1733; x_wconf 83' lang='lat' dir='ltr'>zizaniis</span> <span class='ocrx_word' id='word_1_273' title='bbox 1079 1696 1382 1746; x_wconf 85' lang='lat' dir='ltr'>insurgentibus</span> <span class='ocrx_word' id='word_1_274' title='bbox 1404 1696 1624 1734; x_wconf 84' lang='lat' dir='ltr'>suffecit</span> <span class='ocrx_word' id='word_1_275' title='bbox 1645 1700 1779 1735; x_wconf 88' lang='lat' dir='ltr'>vestra</span> <span class='ocrx_word' id='word_1_276' title='bbox 1799 1699 1953 1747; x_wconf 70' lang='lat' dir='ltr'>aposto-</span> 
     </span>
     <span class='ocr_line' id='line_1_27' title="bbox 203 1755 1952 1805; baseline 0.001 -13"><span class='ocrx_word' id='word_1_277' title='bbox 203 1755 279 1792; x_wconf 86' lang='lat' dir='ltr'>lica</span> <span class='ocrx_word' id='word_1_278' title='bbox 301 1755 412 1793; x_wconf 88' lang='lat' dir='ltr'>sedes</span> <span class='ocrx_word' id='word_1_279' title='bbox 434 1768 504 1804; x_wconf 92' lang='lat' dir='ltr'>per</span> <span class='ocrx_word' id='word_1_280' title='bbox 525 1755 758 1793; x_wconf 89' lang='lat' dir='ltr'>universum</span> <span class='ocrx_word' id='word_1_281' title='bbox 781 1758 938 1804; x_wconf 88' lang='lat' dir='ltr'>tempus</span> <span class='ocrx_word' id='word_1_282' title='bbox 972 1756 1073 1793; x_wconf 89' lang='lat' dir='ltr'>illud</span> <span class='ocrx_word' id='word_1_283' title='bbox 1095 1756 1143 1793; x_wconf 90' lang='lat' dir='ltr'>ad</span> <span class='ocrx_word' id='word_1_284' title='bbox 1165 1756 1414 1793; x_wconf 73' lang='lat' dir='ltr'>mendacium</span> <span class='ocrx_word' id='word_1_285' title='bbox 1436 1756 1747 1793; x_wconf 88' lang='lat' dir='ltr'>convincendum</span> <span class='ocrx_word' id='word_1_286' title='bbox 1770 1756 1952 1805; x_wconf 87' lang='lat' dir='ltr'>impieta-</span> 
     </span>
     <span class='ocr_line' id='line_1_28' title="bbox 202 1815 1957 1864; baseline 0.001 -12"><span class='ocrx_word' id='word_1_287' title='bbox 202 1817 362 1862; x_wconf 88' lang='lat' dir='ltr'>temque</span> <span class='ocrx_word' id='word_1_288' title='bbox 393 1815 693 1863; x_wconf 82' lang='lat' dir='ltr'>reprimendam,</span> <span class='ocrx_word' id='word_1_289' title='bbox 739 1816 779 1852; x_wconf 89' lang='lat' dir='ltr'>et</span> <span class='ocrx_word' id='word_1_290' title='bbox 810 1815 1040 1864; x_wconf 85' lang='lat' dir='ltr'>corrigenda</span> <span class='ocrx_word' id='word_1_291' title='bbox 1081 1828 1181 1864; x_wconf 84' lang='lat' dir='ltr'>quae</span> <span class='ocrx_word' id='word_1_292' title='bbox 1212 1815 1477 1853; x_wconf 84' lang='lat' dir='ltr'>necessarium</span> <span class='ocrx_word' id='word_1_293' title='bbox 1507 1815 1586 1853; x_wconf 89' lang='lat' dir='ltr'>fuit</span> <span class='ocrx_word' id='word_1_294' title='bbox 1616 1815 1957 1864; x_wconf 86' lang='lat' dir='ltr'>muniendumque</span> 
     </span>
     <span class='ocr_line' id='line_1_29' title="bbox 204 1874 1956 1924; baseline 0.001 -14"><span class='ocrx_word' id='word_1_295' title='bbox 204 1874 338 1911; x_wconf 86' lang='lat' dir='ltr'>orbem</span> <span class='ocrx_word' id='word_1_296' title='bbox 359 1876 555 1911; x_wconf 87' lang='lat' dir='ltr'>terrarum</span> <span class='ocrx_word' id='word_1_297' title='bbox 578 1874 624 1911; x_wconf 85' lang='lat' dir='ltr'>ad</span> <span class='ocrx_word' id='word_1_298' title='bbox 648 1874 812 1924; x_wconf 80' lang='lat' dir='ltr'>gloriam</span> <span class='ocrx_word' id='word_1_299' title='bbox 835 1874 979 1911; x_wconf 87' lang='lat' dir='ltr'>Christi</span> <span class='ocrx_word' id='word_1_300' title='bbox 999 1876 1080 1911; x_wconf 88' lang='lat' dir='ltr'>tam</span> <span class='ocrx_word' id='word_1_301' title='bbox 1104 1875 1177 1912; x_wconf 90' lang='lat' dir='ltr'>sub</span> <span class='ocrx_word' id='word_1_302' title='bbox 1199 1874 1269 1912; x_wconf 89' lang='lat' dir='ltr'>illo</span> <span class='ocrx_word' id='word_1_303' title='bbox 1292 1877 1355 1912; x_wconf 85' lang='lat' dir='ltr'>ter</span> <span class='ocrx_word' id='word_1_304' title='bbox 1376 1875 1492 1912; x_wconf 90' lang='lat' dir='ltr'>beato</span> <span class='ocrx_word' id='word_1_305' title='bbox 1515 1878 1555 1911; x_wconf 89' lang='lat' dir='ltr'>et</span> <span class='ocrx_word' id='word_1_306' title='bbox 1575 1874 1682 1912; x_wconf 89' lang='lat' dir='ltr'>inter</span> <span class='ocrx_word' id='word_1_307' title='bbox 1708 1877 1866 1913; x_wconf 90' lang='lat' dir='ltr'>sanctos</span> <span class='ocrx_word' id='word_1_308' title='bbox 1889 1875 1956 1912; x_wconf 87' lang='lat' dir='ltr'>ha-</span> 
     </span>
     <span class='ocr_line' id='line_1_30' title="bbox 204 1933 1955 1983; baseline 0 -13"><span class='ocrx_word' id='word_1_309' title='bbox 204 1933 331 1970; x_wconf 84' lang='lat' dir='ltr'>bendo</span> <span class='ocrx_word' id='word_1_310' title='bbox 354 1933 533 1982; x_wconf 88' lang='lat' dir='ltr'>episcopo</span> <span class='ocrx_word' id='word_1_311' title='bbox 549 1934 726 1976; x_wconf 70' lang='lat' dir='ltr'>Dama=o‚</span> <span class='ocrx_word' id='word_1_312' title='bbox 749 1945 866 1982; x_wconf 86' lang='lat' dir='ltr'>quarn</span> <span class='ocrx_word' id='word_1_313' title='bbox 891 1933 964 1971; x_wconf 90' lang='lat' dir='ltr'>sub</span> <span class='ocrx_word' id='word_1_314' title='bbox 979 1933 1162 1982; x_wconf 87' lang='lat' dir='ltr'>pluribus</span> <span class='ocrx_word' id='word_1_315' title='bbox 1178 1934 1266 1971; x_wconf 87' lang='lat' dir='ltr'>aliis</span> <span class='ocrx_word' id='word_1_316' title='bbox 1281 1933 1461 1983; x_wconf 87' lang='lat' dir='ltr'>gloriosis</span> <span class='ocrx_word' id='word_1_317' title='bbox 1477 1937 1596 1982; x_wconf 86' lang='lat' dir='ltr'>atque</span> <span class='ocrx_word' id='word_1_318' title='bbox 1612 1933 1955 1972; x_wconf 80' lang='lat' dir='ltr'>admirabilibus.‹</span> 
     </span>
     <span class='ocr_line' id='line_1_31' title="bbox 205 1991 1958 2042; baseline 0.001 -13"><span class='ocrx_word' id='word_1_319' title='bbox 205 1991 289 2036; x_wconf 82' lang='lat' dir='ltr'>Qua</span> <span class='ocrx_word' id='word_1_320' title='bbox 311 1992 513 2030; x_wconf 78' lang='lat' dir='ltr'>occasione</span> <span class='ocrx_word' id='word_1_321' title='bbox 536 1993 674 2030; x_wconf 87' lang='lat' dir='ltr'>scribit</span> <span class='ocrx_word' id='word_1_322' title='bbox 689 1993 1034 2030; x_wconf 80' lang='lat' dir='ltr'>Constantius</span> <span class='ocrx_word' id='word_1_323' title='bbox 1057 1993 1098 2029; x_wconf 89' lang='lat' dir='ltr'>in</span> <span class='ocrx_word' id='word_1_324' title='bbox 1121 1995 1278 2031; x_wconf 71' lang='lat' dir='ltr'>annot:</span> <span class='ocrx_word' id='word_1_325' title='bbox 1305 1993 1406 2037; x_wconf 73' lang='lat' dir='ltr'>„Hic</span> <span class='ocrx_word' id='word_1_326' title='bbox 1428 1994 1570 2030; x_wconf 89' lang='lat' dir='ltr'>notatu</span> <span class='ocrx_word' id='word_1_327' title='bbox 1591 1992 1712 2042; x_wconf 86' lang='lat' dir='ltr'>digna</span> <span class='ocrx_word' id='word_1_328' title='bbox 1732 1993 1894 2031; x_wconf 85' lang='lat' dir='ltr'>videtur</span> <span class='ocrx_word' id='word_1_329' title='bbox 1913 2006 1958 2031; x_wconf 85' lang='lat' dir='ltr'>ea</span> 
     </span>
     <span class='ocr_line' id='line_1_32' title="bbox 204 2051 1956 2101; baseline 0.001 -13"><span class='ocrx_word' id='word_1_330' title='bbox 204 2051 245 2088; x_wconf 89' lang='lat' dir='ltr'>in</span> <span class='ocrx_word' id='word_1_331' title='bbox 275 2053 360 2088; x_wconf 88' lang='lat' dir='ltr'>tota</span> <span class='ocrx_word' id='word_1_332' title='bbox 383 2051 555 2088; x_wconf 86' lang='lat' dir='ltr'>Nestorii</span> <span class='ocrx_word' id='word_1_333' title='bbox 587 2064 705 2089; x_wconf 83' lang='lat' dir='ltr'>causa</span> <span class='ocrx_word' id='word_1_334' title='bbox 735 2052 948 2097; x_wconf 86' lang='lat' dir='ltr'>festinatio,</span> <span class='ocrx_word' id='word_1_335' title='bbox 982 2065 1060 2100; x_wconf 89' lang='lat' dir='ltr'>qua</span> <span class='ocrx_word' id='word_1_336' title='bbox 1091 2052 1122 2088; x_wconf 90' lang='lat' dir='ltr'>N</span> <span class='ocrx_word' id='word_1_337' title='bbox 1139 2052 1373 2090; x_wconf 88' lang='lat' dir='ltr'>estorius</span> <span class='ocrx_word' id='word_1_338' title='bbox 1404 2052 1500 2100; x_wconf 87' lang='lat' dir='ltr'>ipse,</span> <span class='ocrx_word' id='word_1_339' title='bbox 1524 2052 1785 2101; x_wconf 87' lang='lat' dir='ltr'>Cyrillus‚</span> <span class='ocrx_word' id='word_1_340' title='bbox 1808 2052 1956 2090; x_wconf 84' lang='lat' dir='ltr'>Joan-</span> 
     </span>
     <span class='ocr_line' id='line_1_33' title="bbox 204 2108 1956 2162; baseline 0.001 -14"><span class='ocrx_word' id='word_1_341' title='bbox 204 2122 291 2148; x_wconf 87' lang='lat' dir='ltr'>nes</span> <span class='ocrx_word' id='word_1_342' title='bbox 324 2108 617 2162; x_wconf 87' lang='lat' dir='ltr'>(antiochenus)</span> <span class='ocrx_word' id='word_1_343' title='bbox 640 2123 683 2148; x_wconf 89' lang='lat' dir='ltr'>ac</span> <span class='ocrx_word' id='word_1_344' title='bbox 716 2111 823 2156; x_wconf 84' lang='lat' dir='ltr'>socii,</span> <span class='ocrx_word' id='word_1_345' title='bbox 856 2111 1020 2148; x_wconf 88' lang='lat' dir='ltr'>Euthe</span> <span class='ocrx_word' id='word_1_346' title='bbox 1034 2110 1146 2148; x_wconf 89' lang='lat' dir='ltr'>rius</span> <span class='ocrx_word' id='word_1_347' title='bbox 1177 2123 1222 2149; x_wconf 87' lang='lat' dir='ltr'>ac</span> <span class='ocrx_word' id='word_1_348' title='bbox 1243 2110 1391 2159; x_wconf 87' lang='lat' dir='ltr'>reliqui</span> <span class='ocrx_word' id='word_1_349' title='bbox 1413 2111 1588 2160; x_wconf 89' lang='lat' dir='ltr'>episcopi</span> <span class='ocrx_word' id='word_1_350' title='bbox 1611 2123 1700 2148; x_wconf 91' lang='lat' dir='ltr'>cum</span> <span class='ocrx_word' id='word_1_351' title='bbox 1721 2111 1773 2148; x_wconf 90' lang='lat' dir='ltr'>iis</span> <span class='ocrx_word' id='word_1_352' title='bbox 1795 2123 1956 2149; x_wconf 90' lang='lat' dir='ltr'>consen-</span> 
     </span>
     <span class='ocr_line' id='line_1_34' title="bbox 204 2169 1958 2215; baseline 0.001 -9"><span class='ocrx_word' id='word_1_353' title='bbox 204 2170 348 2207; x_wconf 82' lang='lat' dir='ltr'>tientes</span> <span class='ocrx_word' id='word_1_354' title='bbox 380 2170 415 2207; x_wconf 94' lang='lat' dir='ltr'>h.</span> <span class='ocrx_word' id='word_1_355' title='bbox 439 2182 469 2207; x_wconf 92' lang='lat' dir='ltr'>e.</span> <span class='ocrx_word' id='word_1_356' title='bbox 495 2170 693 2215; x_wconf 86' lang='lat' dir='ltr'>haeretici,</span> <span class='ocrx_word' id='word_1_357' title='bbox 726 2170 918 2213; x_wconf 86' lang='lat' dir='ltr'>catholici,</span> <span class='ocrx_word' id='word_1_358' title='bbox 952 2169 1195 2208; x_wconf 80' lang='lat' dir='ltr'>schismatici</span> <span class='ocrx_word' id='word_1_359' title='bbox 1227 2182 1296 2208; x_wconf 89' lang='lat' dir='ltr'>seu</span> <span class='ocrx_word' id='word_1_360' title='bbox 1329 2184 1349 2207; x_wconf 89' lang='lat' dir='ltr'>a</span> <span class='ocrx_word' id='word_1_361' title='bbox 1381 2170 1589 2207; x_wconf 88' lang='lat' dir='ltr'>schismate</span> <span class='ocrx_word' id='word_1_362' title='bbox 1621 2170 1867 2208; x_wconf 86' lang='lat' dir='ltr'>discedentes</span> <span class='ocrx_word' id='word_1_363' title='bbox 1887 2183 1958 2208; x_wconf 89' lang='lat' dir='ltr'>seu</span> 
     </span>
     <span class='ocr_line' id='line_1_35' title="bbox 206 2228 1955 2278; baseline 0.001 -13"><span class='ocrx_word' id='word_1_364' title='bbox 206 2228 249 2265; x_wconf 90' lang='lat' dir='ltr'>in</span> <span class='ocrx_word' id='word_1_365' title='bbox 270 2229 404 2266; x_wconf 88' lang='lat' dir='ltr'>eodem</span> <span class='ocrx_word' id='word_1_366' title='bbox 437 2229 668 2277; x_wconf 85' lang='lat' dir='ltr'>pertinaces,</span> <span class='ocrx_word' id='word_1_367' title='bbox 700 2229 936 2278; x_wconf 87' lang='lat' dir='ltr'>apostolicae</span> <span class='ocrx_word' id='word_1_368' title='bbox 959 2229 1064 2266; x_wconf 87' lang='lat' dir='ltr'>sedis</span> <span class='ocrx_word' id='word_1_369' title='bbox 1087 2229 1309 2278; x_wconf 86' lang='lat' dir='ltr'>praesulem</span> <span class='ocrx_word' id='word_1_370' title='bbox 1333 2229 1560 2267; x_wconf 87' lang='lat' dir='ltr'>antevenire</span> <span class='ocrx_word' id='word_1_371' title='bbox 1582 2241 1625 2266; x_wconf 90' lang='lat' dir='ltr'>ac</span> <span class='ocrx_word' id='word_1_372' title='bbox 1647 2229 1722 2266; x_wconf 90' lang='lat' dir='ltr'>sibi</span> <span class='ocrx_word' id='word_1_373' title='bbox 1744 2229 1955 2267; x_wconf 87' lang='lat' dir='ltr'>conciliare</span> 
     </span>
     <span class='ocr_line' id='line_1_36' title="bbox 205 2287 1956 2338; baseline 0.001 -14"><span class='ocrx_word' id='word_1_374' title='bbox 205 2287 503 2329; x_wconf 81' lang='lat' dir='ltr'>contenderunt.</span> <span class='ocrx_word' id='word_1_375' title='bbox 548 2288 683 2326; x_wconf 91' lang='lat' dir='ltr'>Simile</span> <span class='ocrx_word' id='word_1_376' title='bbox 716 2288 922 2337; x_wconf 87' lang='lat' dir='ltr'>quidpiam</span> <span class='ocrx_word' id='word_1_377' title='bbox 953 2288 995 2325; x_wconf 89' lang='lat' dir='ltr'>in</span> <span class='ocrx_word' id='word_1_378' title='bbox 1016 2288 1183 2326; x_wconf 79' lang='lat' dir='ltr'>Joannis</span> <span class='ocrx_word' id='word_1_379' title='bbox 1206 2288 1566 2338; x_wconf 72' lang='lat' dir='ltr'>chrysostomi</span> <span class='ocrx_word' id='word_1_380' title='bbox 1597 2300 1712 2326; x_wconf 88' lang='lat' dir='ltr'>causa.</span> <span class='ocrx_word' id='word_1_381' title='bbox 1742 2288 1956 2337; x_wconf 85' lang='lat' dir='ltr'>contigisse</span> 
     </span>
     <span class='ocr_line' id='line_1_37' title="bbox 204 2347 1954 2397; baseline 0.001 -14"><span class='ocrx_word' id='word_1_382' title='bbox 204 2359 249 2384; x_wconf 83' lang='lat' dir='ltr'>ex</span> <span class='ocrx_word' id='word_1_383' title='bbox 272 2347 331 2389; x_wconf 73' lang='lat' dir='ltr'>iis,</span> <span class='ocrx_word' id='word_1_384' title='bbox 359 2359 458 2395; x_wconf 87' lang='lat' dir='ltr'>quae</span> <span class='ocrx_word' id='word_1_385' title='bbox 481 2347 524 2384; x_wconf 90' lang='lat' dir='ltr'>in</span> <span class='ocrx_word' id='word_1_386' title='bbox 543 2348 687 2385; x_wconf 88' lang='lat' dir='ltr'>notitia</span> <span class='ocrx_word' id='word_1_387' title='bbox 708 2347 964 2396; x_wconf 81' lang='lat' dir='ltr'>epistolarum</span> <span class='ocrx_word' id='word_1_388' title='bbox 985 2358 1066 2384; x_wconf 91' lang='lat' dir='ltr'>non</span> <span class='ocrx_word' id='word_1_389' title='bbox 1087 2347 1332 2385; x_wconf 85' lang='lat' dir='ltr'>exstantium</span> <span class='ocrx_word' id='word_1_390' title='bbox 1354 2347 1578 2385; x_wconf 88' lang='lat' dir='ltr'>Innocentii</span> <span class='ocrx_word' id='word_1_391' title='bbox 1600 2347 1839 2397; x_wconf 85' lang='lat' dir='ltr'>collegimus,</span> <span class='ocrx_word' id='word_1_392' title='bbox 1862 2360 1954 2396; x_wconf 89' lang='lat' dir='ltr'>pro—</span> 
     </span>
     <span class='ocr_line' id='line_1_38' title="bbox 205 2405 361 2443; baseline -0.006 0"><span class='ocrx_word' id='word_1_393' title='bbox 205 2405 361 2443; x_wconf 60' lang='lat' dir='ltr'>battua«</span> 
     </span>
    </p>
   </div>
   <div class='ocr_carea' id='block_1_4' title="bbox 206 2483 1956 2679">
    <p class='ocr_par' dir='ltr' id='par_1_4' title="bbox 206 2483 1956 2679">
     <span class='ocr_line' id='line_1_39' title="bbox 324 2483 1956 2541; baseline -0.002 -12"><span class='ocrx_word' id='word_1_394' title='bbox 324 2487 421 2529; x_wconf 81' lang='lat'><strong>375.</strong></span> <span class='ocrx_word' id='word_1_395' title='bbox 456 2486 499 2528; x_wconf 83' lang='lat'>3.</span> <span class='ocrx_word' id='word_1_396' title='bbox 534 2485 606 2525; x_wconf 81' lang='lat' dir='ltr'>Ad</span> <span class='ocrx_word' id='word_1_397' title='bbox 635 2484 743 2526; x_wconf 78' lang='lat' dir='ltr'>hanc</span> <span class='ocrx_word' id='word_1_398' title='bbox 775 2485 922 2536; x_wconf 81' lang='lat' dir='ltr'>sedem,</span> <span class='ocrx_word' id='word_1_399' title='bbox 956 2485 1027 2533; x_wconf 84' lang='lat' dir='ltr'>„in</span> <span class='ocrx_word' id='word_1_400' title='bbox 1059 2496 1145 2537; x_wconf 87' lang='lat' dir='ltr'>qua</span> <span class='ocrx_word' id='word_1_401' title='bbox 1171 2496 1344 2537; x_wconf 85' lang='lat' dir='ltr'>semper</span> <span class='ocrx_word' id='word_1_402' title='bbox 1364 2483 1584 2525; x_wconf 85' lang='lat' dir='ltr'>catholicis</span> <span class='ocrx_word' id='word_1_403' title='bbox 1616 2484 1866 2526; x_wconf 87' lang='lat' dir='ltr'>subvenitur</span> <span class='ocrx_word' id='word_1_404' title='bbox 1880 2485 1956 2541; x_wconf 85' lang='lat'>2)“,</span> 
     </span>
     <span class='ocr_line' id='line_1_40' title="bbox 206 2554 1956 2611; baseline 0 -15"><span class='ocrx_word' id='word_1_405' title='bbox 206 2561 494 2608; x_wconf 84' lang='lat' dir='ltr'>provocarunt</span> <span class='ocrx_word' id='word_1_406' title='bbox 517 2560 559 2597; x_wconf 85' lang='lat' dir='ltr'>et</span> <span class='ocrx_word' id='word_1_407' title='bbox 580 2555 851 2610; x_wconf 69' lang='lat' dir='ltr'>appellarunt</span> <span class='ocrx_word' id='word_1_408' title='bbox 868 2557 1048 2611; x_wconf 77' lang='lat' dir='ltr'>episcopi</span> <span class='ocrx_word' id='word_1_409' title='bbox 1063 2556 1245 2596; x_wconf 78' lang='lat' dir='ltr'>Orientis</span> <span class='ocrx_word' id='word_1_410' title='bbox 1263 2555 1570 2611; x_wconf 76' lang='lat' dir='ltr'>Occidentisque</span> <span class='ocrx_word' id='word_1_411' title='bbox 1591 2554 1750 2605; x_wconf 77' lang='lat' dir='ltr'>afflicti,</span> <span class='ocrx_word' id='word_1_412' title='bbox 1774 2555 1956 2609; x_wconf 87' lang='lat' dir='ltr'>depositi</span> 
     </span>
     <span class='ocr_line' id='line_1_41' title="bbox 206 2626 1956 2679; baseline 0 -12"><span class='ocrx_word' id='word_1_413' title='bbox 206 2626 271 2667; x_wconf 90' lang='lat' dir='ltr'>vel</span> <span class='ocrx_word' id='word_1_414' title='bbox 294 2626 394 2667; x_wconf 89' lang='lat' dir='ltr'>sede</span> <span class='ocrx_word' id='word_1_415' title='bbox 416 2639 495 2667; x_wconf 89' lang='lat' dir='ltr'>sua</span> <span class='ocrx_word' id='word_1_416' title='bbox 516 2627 636 2679; x_wconf 83' lang='lat' dir='ltr'>pulsi,</span> <span class='ocrx_word' id='word_1_417' title='bbox 661 2631 705 2667; x_wconf 87' lang='lat' dir='ltr'>ut</span> <span class='ocrx_word' id='word_1_418' title='bbox 725 2626 900 2668; x_wconf 86' lang='lat' dir='ltr'>Basili</span> <span class='ocrx_word' id='word_1_419' title='bbox 914 2627 1008 2668; x_wconf 90' lang='lat' dir='ltr'>des</span> <span class='ocrx_word' id='word_1_420' title='bbox 1031 2631 1073 2668; x_wconf 87' lang='lat' dir='ltr'>et</span> <span class='ocrx_word' id='word_1_421' title='bbox 1097 2626 1176 2668; x_wconf 88' lang='lat' dir='ltr'>Ma</span> <span class='ocrx_word' id='word_1_422' title='bbox 1190 2627 1379 2668; x_wconf 85' lang='lat' dir='ltr'>rtialis</span> <span class='ocrx_word' id='word_1_423' title='bbox 1400 2626 1595 2679; x_wconf 83' lang='lat' dir='ltr'>Legionis</span> <span class='ocrx_word' id='word_1_424' title='bbox 1609 2631 1650 2667; x_wconf 89' lang='lat' dir='ltr'>et</span> <span class='ocrx_word' id='word_1_425' title='bbox 1663 2627 1891 2669; x_wconf 85' lang='lat' dir='ltr'>Asturicae</span> <span class='ocrx_word' id='word_1_426' title='bbox 1912 2626 1956 2667; x_wconf 92' lang='lat' dir='ltr'>in</span> 
     </span>
    </p>
   </div>
   <div class='ocr_carea' id='block_1_5' title="bbox 205 2778 1954 3143">
    <p class='ocr_par' dir='ltr' id='par_1_5' title="bbox 205 2778 1954 3025">
     <span class='ocr_line' id='line_1_42' title="bbox 352 2778 1954 2824; baseline -0.001 -11"><span class='ocrx_word' id='word_1_427' title='bbox 352 2782 375 2821; x_wconf 88' lang='lat'>¹)</span> <span class='ocrx_word' id='word_1_428' title='bbox 395 2779 461 2824; x_wconf 89' lang='lat' dir='ltr'>Ep.</span> <span class='ocrx_word' id='word_1_429' title='bbox 479 2783 502 2814; x_wconf 85' lang='lat'>4</span> <span class='ocrx_word' id='word_1_430' title='bbox 519 2778 616 2812; x_wconf 84' lang='lat' dir='ltr'>inter</span> <span class='ocrx_word' id='word_1_431' title='bbox 634 2791 691 2824; x_wconf 79' lang='lat' dir='ltr'>ep.</span> <span class='ocrx_word' id='word_1_432' title='bbox 711 2780 829 2824; x_wconf 71' lang='lat' dir='ltr'>xysti.</span> <span class='ocrx_word' id='word_1_433' title='bbox 848 2780 1041 2815; x_wconf 86' lang='lat' dir='ltr'>Favebant</span> <span class='ocrx_word' id='word_1_434' title='bbox 1054 2780 1118 2814; x_wconf 86' lang='lat' dir='ltr'>isti</span> <span class='ocrx_word' id='word_1_435' title='bbox 1133 2781 1222 2815; x_wconf 87' lang='lat' dir='ltr'>Nest</span> <span class='ocrx_word' id='word_1_436' title='bbox 1231 2781 1309 2815; x_wconf 89' lang='lat' dir='ltr'>orio</span> <span class='ocrx_word' id='word_1_437' title='bbox 1324 2782 1361 2815; x_wconf 87' lang='lat' dir='ltr'>et</span> <span class='ocrx_word' id='word_1_438' title='bbox 1373 2780 1636 2815; x_wconf 85' lang='lat' dir='ltr'>aversabantur</span> <span class='ocrx_word' id='word_1_439' title='bbox 1650 2779 1831 2824; x_wconf 82' lang='lat' dir='ltr'>synodum</span> <span class='ocrx_word' id='word_1_440' title='bbox 1845 2778 1954 2823; x_wconf 88' lang='lat' dir='ltr'>ephe-</span> 
     </span>
     <span class='ocr_line' id='line_1_43' title="bbox 206 2832 1952 2877; baseline 0.001 -13"><span class='ocrx_word' id='word_1_441' title='bbox 206 2832 334 2864; x_wconf 86' lang='lat' dir='ltr'>sinam.</span> <span class='ocrx_word' id='word_1_442' title='bbox 369 2832 539 2865; x_wconf 75' lang='lat' dir='ltr'>Graviter</span> <span class='ocrx_word' id='word_1_443' title='bbox 556 2832 679 2866; x_wconf 79' lang='lat' dir='ltr'>auteui</span> <span class='ocrx_word' id='word_1_444' title='bbox 700 2834 1039 2872; x_wconf 79' lang='lat' dir='ltr'>commovebantur,</span> <span class='ocrx_word' id='word_1_445' title='bbox 1058 2832 1158 2877; x_wconf 90' lang='lat' dir='ltr'>quod</span> <span class='ocrx_word' id='word_1_446' title='bbox 1177 2844 1303 2868; x_wconf 85' lang='lat' dir='ltr'>eorum</span> <span class='ocrx_word' id='word_1_447' title='bbox 1322 2833 1424 2868; x_wconf 89' lang='lat' dir='ltr'>velut</span> <span class='ocrx_word' id='word_1_448' title='bbox 1441 2832 1513 2866; x_wconf 87' lang='lat' dir='ltr'>dux</span> <span class='ocrx_word' id='word_1_449' title='bbox 1532 2833 1571 2867; x_wconf 88' lang='lat' dir='ltr'>et</span> <span class='ocrx_word' id='word_1_450' title='bbox 1589 2834 1704 2877; x_wconf 88' lang='lat' dir='ltr'>caput</span> <span class='ocrx_word' id='word_1_451' title='bbox 1716 2832 1878 2867; x_wconf 79' lang='lat' dir='ltr'>Joannes</span> <span class='ocrx_word' id='word_1_452' title='bbox 1891 2841 1952 2865; x_wconf 82' lang='lat' dir='ltr'>an-</span> 
     </span>
     <span class='ocr_line' id='line_1_44' title="bbox 205 2884 1952 2931; baseline -0.001 -13"><span class='ocrx_word' id='word_1_453' title='bbox 205 2884 399 2918; x_wconf 89' lang='lat' dir='ltr'>tiochenus</span> <span class='ocrx_word' id='word_1_454' title='bbox 417 2894 545 2928; x_wconf 84' lang='lat' dir='ltr'>pacem</span> <span class='ocrx_word' id='word_1_455' title='bbox 571 2884 718 2918; x_wconf 84' lang='lat' dir='ltr'>iniisset</span> <span class='ocrx_word' id='word_1_456' title='bbox 744 2896 826 2919; x_wconf 82' lang='lat' dir='ltr'>cum</span> <span class='ocrx_word' id='word_1_457' title='bbox 845 2885 983 2930; x_wconf 84' lang='lat' dir='ltr'>Cyrillo</span> <span class='ocrx_word' id='word_1_458' title='bbox 1011 2887 1104 2920; x_wconf 85' lang='lat' dir='ltr'>alex.</span> <span class='ocrx_word' id='word_1_459' title='bbox 1133 2898 1176 2921; x_wconf 87' lang='lat' dir='ltr'>ac</span> <span class='ocrx_word' id='word_1_460' title='bbox 1202 2887 1309 2931; x_wconf 83' lang='lat' dir='ltr'>proin</span> <span class='ocrx_word' id='word_1_461' title='bbox 1337 2897 1421 2920; x_wconf 90' lang='lat' dir='ltr'>cum</span> <span class='ocrx_word' id='word_1_462' title='bbox 1441 2886 1603 2920; x_wconf 83' lang='lat' dir='ltr'>Ecclesia</span> <span class='ocrx_word' id='word_1_463' title='bbox 1632 2885 1827 2926; x_wconf 84' lang='lat' dir='ltr'>catholica,</span> <span class='ocrx_word' id='word_1_464' title='bbox 1849 2884 1952 2928; x_wconf 83' lang='lat' dir='ltr'>cujus</span> 
     </span>
     <span class='ocr_line' id='line_1_45' title="bbox 205 2937 1952 2984; baseline 0.001 -13"><span class='ocrx_word' id='word_1_465' title='bbox 205 2938 266 2971; x_wconf 88' lang='lat' dir='ltr'>hic</span> <span class='ocrx_word' id='word_1_466' title='bbox 283 2948 430 2971; x_wconf 85' lang='lat' dir='ltr'>causam</span> <span class='ocrx_word' id='word_1_467' title='bbox 449 2937 635 2971; x_wconf 84' lang='lat' dir='ltr'>tuebatur.</span> <span class='ocrx_word' id='word_1_468' title='bbox 669 2937 850 2982; x_wconf 72' lang='lat' dir='ltr'>Cyrillum</span> <span class='ocrx_word' id='word_1_469' title='bbox 870 2940 995 2973; x_wconf 87' lang='lat' dir='ltr'>autem</span> <span class='ocrx_word' id='word_1_470' title='bbox 1012 2940 1229 2984; x_wconf 84' lang='lat' dir='ltr'>respiciunt,</span> <span class='ocrx_word' id='word_1_471' title='bbox 1256 2951 1338 2974; x_wconf 87' lang='lat' dir='ltr'>cum</span> <span class='ocrx_word' id='word_1_472' title='bbox 1355 2940 1558 2984; x_wconf 88' lang='lat' dir='ltr'>loquuntur</span> <span class='ocrx_word' id='word_1_473' title='bbox 1571 2939 1616 2973; x_wconf 90' lang='lat' dir='ltr'>de</span> <span class='ocrx_word' id='word_1_474' title='bbox 1630 2938 1784 2973; x_wconf 87' lang='lat' dir='ltr'>zizaniis</span> <span class='ocrx_word' id='word_1_475' title='bbox 1797 2938 1952 2972; x_wconf 83' lang='lat' dir='ltr'>haereti-</span> 
     </span>
     <span class='ocr_line' id='line_1_46' title="bbox 206 2990 689 3025; baseline -0.002 0"><span class='ocrx_word' id='word_1_476' title='bbox 206 2991 257 3025; x_wconf 81' lang='lat' dir='ltr'>cis</span> <span class='ocrx_word' id='word_1_477' title='bbox 274 2990 520 3025; x_wconf 80' lang='lat' dir='ltr'>Alexandriae</span> <span class='ocrx_word' id='word_1_478' title='bbox 539 2990 689 3024; x_wconf 87' lang='lat' dir='ltr'>obortis.</span> 
     </span>
    </p>

    <p class='ocr_par' dir='ltr' id='par_1_6' title="bbox 205 3043 1950 3143">
     <span class='ocr_line' id='line_1_47' title="bbox 349 3043 1950 3091; baseline -0.001 -12"><span class='ocrx_word' id='word_1_479' title='bbox 349 3048 375 3087; x_wconf 69' lang='grc'>9)</span> <span class='ocrx_word' id='word_1_480' title='bbox 403 3043 461 3079; x_wconf 90' lang='lat' dir='ltr'>Co</span> <span class='ocrx_word' id='word_1_481' title='bbox 473 3044 574 3078; x_wconf 86' lang='lat' dir='ltr'>eles</span> <span class='ocrx_word' id='word_1_482' title='bbox 586 3044 720 3078; x_wconf 85' lang='lat' dir='ltr'>tinus</span> <span class='ocrx_word' id='word_1_483' title='bbox 748 3055 804 3088; x_wconf 85' lang='lat' dir='ltr'>ep,</span> <span class='ocrx_word' id='word_1_484' title='bbox 823 3047 865 3079; x_wconf 86' lang='lat'>14</span> <span class='ocrx_word' id='word_1_485' title='bbox 879 3045 926 3079; x_wconf 86' lang='lat' dir='ltr'>ad</span> <span class='ocrx_word' id='word_1_486' title='bbox 940 3046 1075 3080; x_wconf 87' lang='lat' dir='ltr'>clerum</span> <span class='ocrx_word' id='word_1_487' title='bbox 1092 3049 1129 3080; x_wconf 88' lang='lat' dir='ltr'>et</span> <span class='ocrx_word' id='word_1_488' title='bbox 1141 3046 1324 3091; x_wconf 85' lang='lat' dir='ltr'>populum</span> <span class='ocrx_word' id='word_1_489' title='bbox 1340 3046 1521 3080; x_wconf 84' lang='lat' dir='ltr'>constant.</span> <span class='ocrx_word' id='word_1_490' title='bbox 1535 3057 1571 3079; x_wconf 92' lang='lat' dir='ltr'>n.</span> <span class='ocrx_word' id='word_1_491' title='bbox 1585 3046 1618 3082; x_wconf 83' lang='lat'>7.</span> <span class='ocrx_word' id='word_1_492' title='bbox 1638 3045 1691 3079; x_wconf 87' lang='lat' dir='ltr'>Cf.</span> <span class='ocrx_word' id='word_1_493' title='bbox 1709 3045 1800 3079; x_wconf 90' lang='lat' dir='ltr'>Alb</span> <span class='ocrx_word' id='word_1_494' title='bbox 1813 3045 1886 3079; x_wconf 88' lang='lat' dir='ltr'>ert</span> <span class='ocrx_word' id='word_1_495' title='bbox 1898 3056 1950 3078; x_wconf 81' lang='lat' dir='ltr'>us</span> 
     </span>
     <span class='ocr_line' id='line_1_48' title="bbox 205 3097 706 3143; baseline 0.002 -12"><span class='ocrx_word' id='word_1_496' title='bbox 205 3099 262 3131; x_wconf 83' lang='lat' dir='ltr'>ab.</span> <span class='ocrx_word' id='word_1_497' title='bbox 282 3108 337 3142; x_wconf 89' lang='lat' dir='ltr'>ep.</span> <span class='ocrx_word' id='word_1_498' title='bbox 360 3101 401 3132; x_wconf 81' lang='lat'>13</span> <span class='ocrx_word' id='word_1_499' title='bbox 419 3097 507 3143; x_wconf 81' lang='lat' dir='ltr'>Mig.</span> <span class='ocrx_word' id='word_1_500' title='bbox 530 3099 606 3138; x_wconf 90' lang='lat'>136,</span> <span class='ocrx_word' id='word_1_501' title='bbox 624 3099 706 3132; x_wconf 82' lang='lat'><strong>439.</strong></span> 
     </span>
    </p>
   </div>
  </div>
 </body>
</html>
