2175 3382
267 153 347 192 134
698 146 817 182 Tract.
838 146 880 182 Il.
900 146 952 181 Dc
970 147 1182 181 traditione.
1217 147 1367 181 Patrum
1387 145 1555 180 doctrina

262 269 500 318 presbyteris
524 268 552 321 ¹)
575 269 762 307 obaudire
784 272 952 317 oportet.
977 270 1036 307 his
1061 270 1129 317 qui
1152 269 1434 307 successionem
1457 269 1602 306 habent
1616 269 1664 305 ab
1678 269 1874 318 apostolis,
1897 268 2001 307 sicut

261 328 517 370 ostendimus,
542 329 610 377 qui
633 341 720 366 cum
743 329 988 377 episcopatus
1012 329 1253 366 successione
1277 328 1468 365 charisma
1490 328 1671 365 veritatis
1693 331 1844 365 certum
1860 339 1998 365 secun-

182 396 187 403 *
244 387 353 429 ¹dum
378 387 563 435 placitum
589 388 713 424 Patris
736 391 991 436 acceperunt:
1015 388 1189 436 reliquos
1213 399 1315 432 vero,
1339 388 1407 435 qui
1431 386 1629 424 absistunt
1652 387 1894 436 aprincipali
1909 398 1997 424 suc-

193 480 204 485 -
235 476 238 479 A
260 447 431 483 cessione
449 451 489 483 et
511 459 746 495 quocunque
768 447 852 484 loc.»
875 447 1078 496 colligunt,
1104 450 1308 494 suspectos
1332 446 1473 483 habere
1496 446 1557 483 vel
1580 446 1692 494 quasi
1720 445 1936 483 haereticos
1958 449 1999 483 et

260 506 382 542 malae
405 506 635 551 sententiae,
658 506 716 543 vel
743 506 852 553 quasi
875 506 1095 542 scindentes
1117 505 1310 542 unitatem
1337 535 1343 541 .
1367 537 1374 544 .
1399 505 1504 551 slUbi
1527 505 1652 554 igitur
1675 505 1906 542 charismata
1922 461 2165 595 Dossf

260 564 355 601 mini
379 564 505 612 posita
527 570 631 609 sunt,
664 564 720 602 ibi
743 565 889 601 discere
911 566 1065 613 oportet
1086 564 1304 610 veritatem,
1339 564 1442 612 apud
1466 576 1562 612 quos
1585 570 1643 601 est
1665 577 1720 609 ea,
1745 576 1845 612 quae
1867 566 1929 601 est
1948 563 2013 609 abt

259 623 445 672 apostolis
466 624 659 661 Ecclesiae
682 623 884 667 successio,
918 628 957 660 et.
987 623 1026 660 id
1057 623 1162 671 quod
1194 627 1255 660 est
1285 636 1422 660 sanum
1454 626 1493 660 et
1525 623 1805 672 irreprobabile
1835 635 1997 660 conver·
2003 606 2070 682 11)*

260 682 423 720 sationis
444 686 483 720 et
506 682 816 720 inadulteratum
839 686 878 719 et-
900 682 1201 731 incorruptibile
1225 682 1416 719 sermonis
1438 682 1697 744 constatqffli
1719 682 1826 719 enim
1848 683 1888 719 et
1901 684 1999 726 eain,
2022 666 2175 805 VJ!

260 753 358 789 quae
380 744 439 779 est
468 742 508 778 in
541 754 663 778 unum
688 742 823 785 Deum,
857 742 925 789 qui
957 742 1086 778 omnia
1118 741 1222 786 fecit,
1257 741 1372 778 fidem
1404 745 1577 778 nostram
1610 741 1843 778 custodiunt
1865 771 1873 778 .
1897 771 1905 779 .
1929 770 1936 777 .
1959 743 1998 778 et

260 800 482 849 Scripturas
505 801 586 837 sine
611 800 783 849 periculo
805 800 919 838 nobis
942 808 1155 849 exponunt.
1169 806 1186 822 «

379 881 423 922 2.
447 879 550 920 Cum
575 891 674 931 ergo
698 878 752 920 ab
776 879 1066 931 apostolorum
1082 878 1401 920 successoribus
1415 878 1518 920 fides
1541 880 1593 920 sit
1615 879 1867 927 haurienda,
1891 880 2001 921 iuter

259 962 408 991 omnes
431 955 572 990 autem
597 961 867 991 successores
890 961 1058 1002 semper
1082 950 1335 991 eminuerint
1357 962 1627 991 successores
1661 964 1692 994 s.
1716 950 1831 991 Petri
1854 951 1897 991 in
1920 949 1997 991 Ec-

258 1021 386 1062 clesia
409 1033 602 1068 romana,
625 1021 779 1061 horum
801 1021 844 1061 in
867 1021 1011 1073 primis
1033 1020 1139 1061 fides
1163 1025 1226 1062 est
1248 1020 1521 1062 consulenda.

226 1132 232 1148 ,
377 1107 464 1151 „Ad
488 1107 584 1144 hanc
606 1106 828 1151 Ecclesiam,
861 1106 980 1143 infert
1002 1107 1247 1143 Irenaeus
1269 1107 1338 1149 ΙΙΙ,
1364 1112 1385 1147 3
1410 1119 1447 1143 11.
1474 1112 1509 1151 2,
1542 1109 1702 1155 propter
1732 1106 1995 1156 potentiorem

224 1149 230 1214 i
258 1165 591 1214 principalitatem
613 1177 765 1203 necesse
787 1170 847 1202 est
869 1176 1024 1202 omnem
1046 1165 1253 1202 convenire
1274 1165 1484 1203 Ecclesiam
1508 1166 1544 1203 11.
1567 1178 1599 1206 e.
1614 1178 1689 1211 eos,
1713 1165 1784 1214 qui
1806 1168 1901 1203 sunt
1922 1177 1996 1203 un-

229 1222 387 1274 ldique,
410 1225 557 1269 fideles,
580 1225 622 1261 in
644 1238 720 1273 qua
743 1237 895 1273 semper
915 1225 964 1261 ab
986 1224 1058 1270 his,
1083 1225 1152 1273 qui
1174 1227 1268 1262 sunt
1290 1224 1467 1273 undique
1489 1227 1716 1262 conservata
1739 1227 1800 1262 est
1814 1237 1871 1270 ea,
1895 1237 1995 1273 quae

170 1287 174 1291 ’
257 1287 315 1322 est
336 1285 383 1321 ab
406 1284 591 1332 apostolis
611 1284 813 1321 traditio.«
857 1284 907 1321 Et
929 1285 1119 1321 recensita
1140 1294 1390 1321 romanorum
1426 1284 1697 1332 episcoporum
1729 1284 1772 1321 in
1792 1283 1902 1322 Petri
1934 1295 1996 1321 ca-

256 1344 395 1381 thedra
417 1343 663 1381 successione
685 1343 733 1380 ad
756 1355 866 1380 suam
888 1355 1016 1392 usque
1036 1346 1218 1389 aetatem,
1242 1343 1299 1380 ita
1321 1344 1598 1392 prosequitur:
1618 1337 1735 1400 ssHac
1749 1343 1997 1381 ordinatione

0 1396 167 1467 κάκῇ-1
227 1399 230 1402 ’
257 1405 297 1439 et
319 1402 563 1440 successione
585 1415 639 1447 ea,
672 1415 771 1451 quae
793 1404 851 1440 est
873 1402 921 1439 ab
943 1402 1128 1451 apostolis
1163 1403 1204 1439 in
1227 1401 1400 1439 Ecclesia
1423 1403 1586 1440 traditio
1608 1406 1648 1439 et
1669 1402 1852 1440 veritatis
1883 1414 1994 1451 prae-

48 1483 61 1508 1,
166 1464 213 1487 0³
257 1462 422 1505 con-atio,
454 1462 633 1510 pervenit
663 1474 787 1510 usque
818 1461 865 1498 ad
899 1467 1013 1536 nosss
1026 1462 1075 1499 Et
1107 1465 1166 1499 est
1196 1461 1425 1510 plenissima
1457 1462 1549 1499 haec
1584 1462 1764 1506 ostensio,
1803 1474 1923 1498 unam
1956 1463 1997 1498 et

179 1536 182 1541 ·
207 1535 224 1544 -·
239 1501 415 1558 ¹eandem
438 1520 705 1558 vivicatricem
725 1521 839 1558 fidem
862 1533 955 1565 esse,
989 1533 1088 1568 quae
1119 1521 1161 1557 in
1182 1520 1354 1557 Ecclesia
1387 1521 1434 1557 ab
1457 1520 1644 1569 apostolis
1666 1533 1791 1569 usque
1813 1532 1919 1558 nunc
1940 1520 1994 1557 sit

254 1584 478 1617 conservata
501 1583 541 1616 et
561 1580 709 1617 tradita
729 1581 770 1617 in
793 1580 996 1618 veritate«
1039 1580 1141 1617 Hinc
1175 1584 1306 1628 patres
1329 1579 1423 1617 adeo
1448 1579 1611 1617 solliciti
1641 1580 1751 1617 fuere
1768 1577 1811 1632 2),
1845 1579 1995 1628 episco-

252 1652 394 1688 porum
424 1651 671 1676 romanorum
702 1639 744 1676 in
775 1639 1050 1677 controversiis
1072 1651 1161 1676 cum
1183 1639 1386 1676 haereticis
1421 1651 1648 1676 enumerare
1683 1639 1834 1677 seriem.
1876 1638 1995 1687 Cujus

254 1698 535 1736 sollicitudinis
558 1698 749 1736 rationem
782 1698 913 1735 reddit
935 1698 1262 1747 Epiphanius
1284 1698 1386 1735 haer.
1414 1704 1463 1738 2?
1488 1711 1525 1738 n.
1552 1705 1595 1738 6:
1630 1698 1782 1743 „Nemo
1812 1697 1993 1743 miretur,

253 1757 358 1805 quod
381 1757 537 1807 singula
557 1760 639 1794 tam
662 1758 873 1807 diligenter
895 1758 1175 1806 percurrerim:
1209 1769 1279 1806 per
1309 1757 1401 1794 11300
1433 1758 1537 1794 0111111
1560 1760 1750 1806 perpetuo
1773 1759 1907 1806 aperta
1929 1769 1994 1794 ve-

252 1817 349 1854 ritas
372 1817 711 1854 demonstratura«

10 1532 109 1582 “1¹

374 1896 415 1939 3.
444 1895 559 1936 Haec
581 1908 878 1937 successorum
900 1908 1009 1948 quae
1042 1895 1096 1936 ab
1129 1896 1334 1948 apostolis
1355 1896 1500 1948 incipit
1522 1897 1652 1937 series
1676 1895 1835 1936 canalis
1857 1896 1992 1936 instar

253 1971 327 2015 est,
349 1978 424 2018 per
447 1979 575 2019 quem
599 1966 651 2006 ad
674 1972 868 2018 posteras
891 1967 1188 2018 generationes
1211 1978 1318 2018 pura
1341 1966 1526 2007 decurrit
1548 1966 1745 2007 doctrina
1767 1964 1934 2011 Christi.

375 2051 482 2095 Quod
514 2053 570 2089 ita
602 2052 797 2102 significat
818 2053 1140 2109 AthQsius
1172 2065 1230 2101 ep.
1263 2052 1311 2089 ad
1345 2052 1476 2101 Serap.
1505 2065 1542 2090 11.
1569 2058 1643 2093 28:
1676 2052 1821 2096 „Haud
1851 2052 1920 2089 abs
1951 2064 1994 2089 re

254 2111 374 2148 fuerit
394 2114 568 2149 veterem
589 2112 751 2161 insuper
770 2112 1025 2149 traditionem
1047 2112 1342 2160 doctrinamque
1376 2124 1418 2148 ac
1448 2111 1565 2148 fidem
1588 2111 1651 2159 (de
1675 2110 1826 2160 Spiritu
1850 2108 1898 2158 S.)
1930 2123 1993 2148 ca-

222 2185 226 2226 ,
253 2170 419 2208 tholicae
431 2171 626 2208 Ecclesiae
640 2171 886 2221 investigare.
909 2184 1028 2220 (1113111
1050 2171 1132 2208 scil.
1148 2171 1338 2208 Dominus
1352 2170 1530 2216 tradidit,
1543 2170 1708 2219 apostoli
1721 2159 1993 2218 praedicavere

221 2231 227 2262 l
253 2232 292 2266 et
314 2234 443 2278 patres
465 2242 680 2267 servavere.
723 2231 769 2267 In
792 2242 835 2267 ea
857 2230 964 2267 enim
985 2230 1157 2267 Ecclesia
1191 2229 1357 2267 fundata
1378 2233 1450 2274 est,
1482 2242 1504 2266 a
1525 2242 1602 2278 qua
1625 2230 1659 2267 si
1679 2229 1769 2278 quis
1791 2228 1992 2275 exciderit,

224 2264 287 2345 iis
310 2301 381 2326 nec
403 2301 496 2333 esse,
529 2302 600 2327 1100
621 2290 790 2338 amplius
812 2289 889 2326 dici
911 2289 1150 2326 christianus
1172 2289 1255 2326 nlla
1288 2289 1440 2326 ratione
1475 2289 1659 2337 poterit«
1682 2310 1740 2315 -—
1761 2288 1991 2334 Basilius

2 2374 21 2398 ¹.
132 2364 136 2371 2
252 2347 353 2384 hom.
379 2354 431 2387 ‘24
455 2360 488 2386 0.
511 2349 745 2386 sabellianos
767 2351 838 2389 etc.
861 2361 899 2385 n.
925 2355 970 2388 6:
990 2340 1090 2392 §At
1110 2361 1158 2385 ne
1183 2360 1337 2395 separes
1360 2361 1381 2385 a
1403 2348 1518 2385 Patre
1550 2351 1590 2385 et
1610 2347 1712 2384 Filio
1735 2347 1927 2396 Spiritum
1949 2359 1990 2392 s.‚
2016 2356 2065 2398 χ]

0 2409 33 2425 ·’“
62 2382 133 2421 im*
157 2412 180 2418 ““
251 2406 467 2444 absterreat
488 2410 527 2445 te
549 2408 746 2457 traditio&
765 2408 826 2445 Sic
851 2408 1039 2445 Dominus
1061 2408 1207 2453 docuit,
1240 2407 1514 2455 praedicavere
1537 2407 1716 2456 apostoli,
1747 2411 1877 2455 patres
1899 2418 1990 2443 con-

252 2477 462 2511 servavere,
497 2466 771 2504 confirmavere
793 2469 1027 2521 martyress(
1039 2466 1142 2504 Satis
1165 2466 1305 2504 habeas
1339 2466 1449 2514 loqui
1469 2466 1525 2503 ita
1555 2467 1602 2503 ut
1633 2466 1795 2503 edoctus
1826 2477 1880 2504 es.
1891 2470 1990 2519 J—

251 2524 549 2573 Epiphania
563 2538 579 2562 s
602 2526 705 2563 haer.
732 2532 781 2566 75
806 2538 843 2565 n.
870 2533 891 2565 7
914 2526 1100 2563 adversus
1115 2526 1277 2562 Aerium
1292 2525 1519 2573 disputans:
1546 2525 1663 2569 „Jam
1685 2536 1775 2562 vero
1796 2523 1881 2562 utri
1902 2527 1989 2561 1311-

254 2583 340 2620 dem
362 2584 522 2622 illorum
544 2585 752 2633 peritiores
774 2586 894 2621 sunt?
916 2586 978 2622 An
1000 2597 1128 2622 errore
1151 2585 1339 2632 deceptus
1361 2584 1581 2622 homuncio.
1615 2584 1683 2632 (1111
1705 2595 1812 2621 1111110
1831 2583 1991 2620 tandem

397 2743 423 2781 1)
441 2739 468 2772 P
481 2751 499 2772 r
512 2750 530 2773 e
542 2751 557 2772 s
568 2739 591 2773 b
603 2743 651 2783 ς’(
664 2750 711 2773 er
722 2750 742 2773 0
754 2751 772 2772 r
783 2751 806 2773 u
818 2751 854 2772 m
879 2738 1028 2773 nomine
1047 2739 1244 2773 manifesto
1263 2738 1447 2784 intelligit
1465 2738 1665 2783 episcopos,
1693 2740 1734 2772 ut
1752 2739 1857 2782 patet
1875 2748 1919 2772 ex
1936 2748 1988 2772 se·

253 2791 460 2835 quenlibus.
496 2792 677 2826 Dicuntur
694 2795 819 2826 31110111
846 2792 1008 2836 episcopi
1037 2792 1083 2826 ab
1101 2792 1253 2826 irenaeo
1280 2791 1545 2835 nonnullisque
1572 2790 1654 2824 aliis
1683 2790 1890 2835 presbyteri
1906 2794 1988 2824 tum

251 2846 338 2888 quia
352 2845 428 2890 jam
449 2847 568 2879 aetate
585 2845 749 2890 provecti
767 2846 1081 2890 promovebant-ur
1099 2845 1145 2879 ad
1163 2847 1310 2879 tantam
1324 2845 1558 2889 dignitatem,
1577 2846 1657 2878 tum
1672 2844 1758 2887 quia
1777 2843 1988 2888 prudentia,

252 2909 393 2932 morum
422 2900 605 2943 gravitate
631 2902 668 2932 et
695 2899 862 2943 exemplo
890 2899 1064 2933 excellere
1091 2899 1336 2942 omnibusque
1362 2897 1592 2931 venerationi
1610 2908 1686 2931 esse
1714 2897 1861 2939 debent,
1891 2907 1986 2941 quae

251 2951 355 2986 dotes
374 2951 578 2985 senioribus
595 2952 635 2985 in
652 2952 780 2996 primis
799 2952 970 2996 propriae
988 2961 1064 2986 esse
1083 2951 1214 2985 solent.

395 3007 424 3050 2)
443 3005 493 3039 Cf.
514 3005 542 3040 Ο
554 3006 698 3049 ptatu
710 3017 742 3038 m
769 3006 1027 3040 milevit-anum
1054 3006 1098 3039 de
1116 3005 1260 3039 schism.
1287 3005 1559 3039 donat-istarum
1576 3003 1621 3044 Π,
1641 3007 1662 3038 3
1680 3016 1706 3037 s.
1726 3005 1864 3048 (opusc.
1882 3007 1909 3037 t.
1927 3003 1985 3046 X),

254 3059 583 3102 Augustinum
610 3068 666 3102 ep.
696 3061 740 3093 53
768 3071 801 3092 11.
821 3062 841 3092 2
869 3062 906 3093 et
932 3058 1264 3104 Hegesippum
1292 3059 1390 3103 apud
1414 3056 1687 3097 EusebiumH⁴>
1702 3056 1741 3091 E.
1762 3057 1822 3095 IV,
1840 3060 1895 3090 22.
1931 3055 1983 3092 Cf.

252 3113 407 3156 praefat.
427 3122 549 3156 opusc.
568 3114 594 3145 t.
612 3111 655 3144 X.
674 3122 709 3145 n.
730 3114 784 3146 14.
