2175 3382
241 78 320 117 1ῖο
678 71 795 107 'fruct
820 71 858 104 ll.
881 71 931 105 De
950 71 1162 106 traditione.
1198 71 1291 114 Quid
1313 73 1513 107 tenendum

237 196 274 231 in
298 195 342 232 N.
359 195 397 234 Τ,
414 193 605 242 implicite
628 194 880 231 continentur
903 195 942 230 in
967 194 1197 231 veritatibus
1214 194 1296 241 jain
1321 195 1358 232 in
1382 195 1424 232 V.
1443 196 1480 233 T.
1505 197 1688 235 revelatis
1709 200 1907 247 tamquam
1930 199 1971 236 in

236 253 469 301 quibusdam
501 253 639 302 primis
663 253 915 290 credibilibus
947 265 1013 290 seu
1038 253 1271 290 veritatibus
1293 253 1589 303 principalibus.
1633 256 1817 306 Magnum
1839 262 1972 295 tamen

234 315 292 349 est
314 312 523 349 discrimen
545 312 649 349 inter
671 312 842 354 moduni,
879 325 955 360 quo
982 318 1138 349 nostrae
1171 313 1259 349 fidei
1284 313 1471 351 veritates
1494 315 1745 353 continentur
1766 316 1806 353 in
1831 318 1971 354 verita-

234 372 342 408 tibus
365 371 548 408 revelatis
569 370 612 409 V.
637 371 675 408 T.
700 376 737 408 et
759 372 930 415 modum,
954 383 1032 419 quo
1055 371 1170 408 etiam
1195 372 1232 408 iii
1249 372 1295 408 N.
1310 372 1350 408 T.
1367 373 1557 420 quaedam
1576 375 1759 412 veritates
1781 374 1970 424 implicite

234 430 432 467 continere
455 429 642 467 dicuntur
665 430 705 467 in
727 431 814 467 aliis
838 430 927 467 fidei
951 431 1141 467 articulis.
1174 430 1368 468 Veritates
1392 432 1494 468 enim
1518 432 1607 470 fidei
1630 434 1838 482 pleraeque
1861 434 1906 472 N.
1930 434 1969 472 T.

233 490 288 527 ita
309 489 570 527 includuntur
592 490 633 526 in
656 489 890 526 veritatibus
914 489 1000 527 fidei
1018 489 1058 527 V.
1075 489 1126 535 T„
1151 492 1197 526 ut
1221 489 1367 538 absque
1390 503 1490 528 nova
1511 492 1750 530 revelatione
1774 493 1863 530 inde
1885 493 1971 531 elici

234 549 463 586 nullatenus
486 548 708 597 potuerint:
742 551 877 585 contra
899 560 989 585 vero
1012 548 1119 585 varia
1142 549 1321 597 dogmata
1346 549 1445 595 fidei,
1470 563 1568 599 quae
1591 551 1630 587 in
1653 551 1699 590 N.
1723 551 1763 590 T.
1785 552 1973 601 temporis

233 621 349 645 cursu
380 607 560 656 explicite
593 607 820 653 creduntur,
854 607 911 644 ita
933 608 972 643 in
997 607 1174 644 articulis
1203 607 1291 645 fidei
1314 621 1335 644 a
1357 608 1510 645 Christo
1532 612 1572 647 et
1593 623 1614 647 a
1637 610 1789 659 Spiritu
1811 622 1840 648 s.
1862 623 1970 649 reve-

233 667 322 704 latis
344 667 607 711 continentur,
631 668 677 703 ut
700 667 846 715 absque
868 677 968 703 nova
989 667 1228 704 revelat-ione
1250 666 1362 704 facile
1384 667 1475 705 inde
1497 660 1713 707 eliciantur.
1737 669 1791 707 Cf.
1806 682 1835 709 s.
1851 669 1880 706 T
1894 670 1975 708 ho-'

231 738 330 763 mas
356 731 390 765 2.
415 732 437 765 2
461 738 496 773 q.
526 734 538 765 l
569 738 599 762 a.
628 734 645 765 τ
673 728 712 762 et
732 726 772 762 in
798 732 832 765 3.
857 725 945 762 dist.
971 731 1020 765 25
1047 738 1082 774 q.
1109 732 1129 765 2
1155 739 1186 766 a.
1213 732 1233 765 2
1259 727 1354 774 qcla.
1382 734 1414 767 1.

351 806 392 849 3.
416 805 690 845 Revelationis
711 806 928 860 explicatio
952 806 995 845 in
1019 805 1068 848 N.
1100 804 1141 848 T.
1175 804 1379 856 Quamvis
1401 807 1562 847 nullum
1585 807 1751 849 admitti
1773 809 1906 861 possit
1928 810 1970 849 in

232 875 278 918 N.
315 876 359 918 T.
396 875 766 916 revelationis
808 875 1115 916 incrementum
1157 887 1233 916 seu
1268 875 1482 928 profectus
1517 876 1751 930 obJectivus
1784 879 1893 920 sicut
1927 880 1969 920 in

231 946 278 989 V.
304 947 362 993 T..
398 946 574 988 concedi
608 950 752 987 tamen
787 949 927 998 potest
958 950 1000 986 et
1031 945 1157 987 debet
1188 946 1402 998 profectus
1429 947 1687 1000 subjectivus
1720 949 1966 1002 explica-

232 1019 403 1059 tionis
436 1023 476 1058 et
508 1017 820 1069 intelligentiae,
855 1029 938 1069 quo
971 1017 1036 1057 vel
1058 1016 1247 1058 Ecclesia
1278 1017 1356 1058 sub
1389 1018 1622 1060 directione
1648 1033 1678 1061 s.
1703 1018 1883 1073 Spiritus
1905 1021 1970 1062 vel

232 1089 373 1130 fideles
389 1089 660 1130 revelationis
675 1088 914 1140 depositum
938 1088 1093 1129 clarius
1115 1089 1385 1141 perspiciunt,
1410 1089 1533 1130 altius
1556 1095 1792 1143 penetrant,
1814 1092 1971 1133 articu-

230 1161 357 1201 latius
389 1161 611 1213 attingunt,
643 1171 718 1201 seu
750 1164 794 1200 ut
828 1160 1014 1212 loquitur
1044 1159 1305 1201 Albertus
1337 1160 1386 1200 M.
1419 1161 1461 1201 in
1494 1164 1530 1205 3.
1554 1161 1645 1202 dist.
1670 1164 1726 1206 25
1749 1174 1784 1204 a.
1812 1167 1832 1207 1
1858 1163 1911 1204 ad
1936 1166 1972 1214 1,

241 1232 405 1284 ,potius
429 1230 642 1284 profectus
666 1230 797 1272 fidelis
831 1231 872 1271 in
904 1230 996 1280 fide,
1028 1243 1154 1283 quam
1184 1230 1279 1272 fidei
1301 1231 1343 1272 in
1366 1231 1509 1273 fideli.“
1559 1231 1778 1274 Profectus
1809 1233 1876 1274 hic
1907 1234 1971 1275 in-

231 1302 491 1354 telligentiae
514 1302 674 1343 fructus
698 1306 762 1343 est
785 1307 911 1354 atque
934 1313 1098 1342 merces
1121 1301 1229 1359 fidei,
1257 1306 1299 1343 ut
1323 1306 1466 1354 patres
1489 1302 1703 1343 inculcant
1725 1303 1856 1344 innixi
1878 1315 1971 1345 ver-

235 1372 299 1413 bis
332 1372 397 1429 (ls.
432 1377 467 1422 7,
501 1377 526 1417 9
559 1384 641 1414 sec.
666 1372 816 1428 LXNJ:
852 1371 947 1412 Nisi
981 1373 1251 1425 credideritis,
1285 1386 1365 1412 non
1399 1372 1639 1427 intelliyetis‚
1683 1373 1789 1415 Hinc
1821 1386 1969 1416 eorum

232 1443 411 1483 dictum:
450 1442 623 1495 „Credo,
656 1449 702 1484 ut
732 1443 1003 1494 intelligam&
1046 1442 1166 1483 Hunc
1199 1444 1432 1495 profectum
1459 1445 1643 1485 maxime
1666 1446 1829 1497 aspirat
1850 1446 1971 1487 theo-

234 1515 345 1567 logia
369 1515 624 1556 scholastica
647 1526 721 1555 seu
744 1515 1017 1567 speculativa.

274 1649 277 1651 q
350 1603 487 1651 Neque
510 1603 718 1647 immerito,
753 1602 914 1640 sienim
936 1613 979 1642 a.
1004 1603 1202 1651 quaelibet
1235 1603 1402 1640 scientia
1433 1603 1536 1640 inter
1568 1603 1743 1641 homines
1773 1604 1969 1652 profectus

231 1666 291 1700 est
313 1674 439 1710 capax,
464 1662 662 1710 profectus
687 1675 804 1711 capax
827 1662 901 1699 erit
926 1664 965 1699 et
988 1661 1153 1699 scientia
1175 1661 1264 1698 fidei
1288 1661 1311 1701 i.
1327 1674 1358 1698 e.
1379 1662 1588 1711 theologia.
1611 1663 1669 1699 Ad
1694 1663 1784 1700 haec
1808 1660 1854 1703 b.
1870 1663 1969 1700 veri-

230 1724 332 1759 tates
365 1722 559 1759 revelatae
590 1722 680 1759 hinc
710 1721 869 1770 quidem
901 1733 978 1758 non
1009 1721 1197 1769 lapidum,
1232 1720 1298 1758 sed
1332 1720 1525 1758 seminum
1547 1721 1671 1758 instar
1693 1724 1798 1765 sunt,
1831 1724 1872 1760 et
1892 1735 1969 1770 quo

231 1782 403 1824 altiores,
441 1793 484 1818 eo
520 1780 763 1818 fecundiores
798 1780 1173 1828 conclusionumque
1216 1780 1438 1824 feraciores;
1481 1780 1571 1817 inde
1613 1793 1704 1818 vero
1744 1781 1969 1819 intellectus

229 1842 424 1877 humanus
446 1852 524 1876 non
546 1852 585 1877 se
607 1840 725 1877 habet>
745 1840 787 1876 in
809 1839 1067 1888 percipiendis
1090 1839 1193 1876 hisce
1217 1839 1452 1876 veritatibus
1475 1852 1580 1876 mere
1602 1840 1766 1888 passive,
1799 1840 1866 1877 sed
1887 1840 1971 1890 agri

230 1900 353 1937 instar
374 1899 464 1947 plus
486 1898 665 1936 minusve
689 1899 830 1936 fertilis
853 1899 900 1935 ad
923 1899 1070 1936 semina
1091 1900 1247 1947 recepta
1269 1899 1477 1936 excolenda
1497 1900 1536 1935 et
1551 1899 1775 1945 evolvenda,
1797 1911 1970 1949 praeser-

229 1959 303 1995 tim
326 1958 358 1995 si
380 1958 586 1995 accesserit
616 1958 811 1995 industria
842 1959 881 1994 et
911 1958 978 1994 lux
1011 1960 1128 2006 atque
1160 1958 1264 1995 calor
1294 1958 1387 1995 solis
1420 1958 1734 2006 supernaturalis
1755 1970 1825 1996 seu
1846 1959 1972 2008 gratia

230 2016 509 2054 illustrationis
541 2030 567 2054 s.
603 2017 793 2066 Spiritus:
836 2030 915 2065 qua
954 2016 1000 2054 de
1031 2029 1073 2053 re
1112 2017 1228 2065 plane
1260 2018 1415 2066 egregie
1448 2017 1626 2065 disputat
1655 2017 1970 2055 Vincentius

230 2076 346 2122 lirin„
371 2076 439 2124 qui
461 2076 566 2113 inter
588 2076 663 2113 alia
686 2076 742 2113 ita
764 2076 921 2113 disserit
944 2088 973 2113 c.
1000 2082 1074 2116 23:
1111 2102 1128 2120 »
1141 2075 1215 2112 Sed
1248 2076 1412 2113 forsitan
1444 2075 1540 2113 dicit
1571 2076 1733 2124 aliquis:
1775 2077 1972 2115 Nullusne

230 2148 322 2185 ergo
354 2135 395 2171 in
425 2135 599 2172 Ecclesia
627 2135 770 2172 Christi
803 2135 1000 2184 profectus
1034 2134 1243 2172 habebitur
1276 2135 1506 2184 religionis?
1548 2131 1760 2173 Habeatur‘
1781 2136 1898 2184 plane
1931 2138 1971 2173 et

231 2195 435 2232 maximus.
460 2195 559 2231 Nam
582 2194 670 2242 quis
693 2195 760 2231 ille
783 2196 845 2231 est
865 2196 947 2231 tam
968 2194 1127 2231 invidus
1150 2194 1385 2239 hominibus,
1408 2196 1489 2231 tam
1512 2205 1651 2231 exosus
1667 2195 1755 2240 Deo,
1779 2194 1849 2243 qui
1864 2194 1971 2232 istud

230 2253 439 2302 prohibere
455 2255 644 2290 conetur?
668 2253 741 2290 Sed
756 2253 812 2290 ita
824 2255 967 2299 tamen,
983 2254 1030 2290 ut
1043 2266 1133 2291 vere
1147 2253 1345 2302 profectus
1361 2253 1412 2290 sit
1426 2253 1493 2289 ille
1508 2252 1608 2297 fidei,
1631 2265 1708 2290 non
1723 2253 1971 2302 permutatio.

231 2312 429 2360 Siquidem
454 2312 500 2349 ad
522 2312 742 2360 profectum
763 2312 946 2361 pertinet,
979 2315 1025 2349 ut
1046 2313 1088 2349 in
1111 2312 1364 2361 semetipsum
1396 2324 1654 2360 unaquaeque
1675 2324 1737 2350 res
1760 2313 1970 2361 amplifice-

228 2373 315 2410 tur:
341 2371 387 2408 ad
408 2372 740 2420 permutationem
762 2383 865 2417 vero,
891 2374 938 2409 ut
960 2372 1107 2420 aliquid
1131 2384 1176 2408 ex
1198 2372 1273 2409 alio
1294 2371 1335 2408 in
1357 2371 1465 2408 aliud
1486 2374 1788 2409 transvertatur.
1818 2372 1972 2410 Crescat

229 2430 354 2480 igitur
394 2432 550 2478 oportet
583 2433 623 2468 et
656 2431 828 2468 multum
863 2431 1194 2479 vehementerque
1227 2430 1404 2479 proficiat
1444 2432 1527 2467 tam
1569 2431 1817 2480 singulorum
1850 2444 1968 2480 quam

229 2489 415 2533 omnium,
438 2491 517 2526 tam
542 2489 659 2527 unius
681 2490 852 2527 hominis
875 2502 993 2538 quam
1015 2490 1139 2528 totius
1161 2490 1366 2535 Ecclesiae,
1391 2491 1566 2527 aetatum
1582 2502 1625 2527 ac
1639 2490 1858 2527 seculorum
1881 2502 1968 2539 gra-

229 2548 346 2585 dibus
368 2548 643 2597 intelligentia,
668 2549 837 2594 scientia,
861 2549 1063 2598 sapientia.
1097 2549 1164 2586 sed
1196 2548 1238 2586 in
1270 2561 1340 2586 suo
1370 2549 1574 2585 dumtaxat
1603 2561 1744 2598 genere
1768 2549 1811 2586 in
1832 2549 1967 2586 eodem

230 2607 312 2644 scil.
335 2607 528 2656 dogmate,
561 2607 694 2644 eodem
728 2620 846 2645 sensu
878 2608 1090 2656 cademque
1121 2608 1326 2645 sententia.
1368 2607 1553 2644 Imitetur
1583 2608 1801 2644 animarum
1831 2607 1969 2657 religio

229 2666 420 2703 rationem
443 2678 659 2714 corporum,
684 2679 783 2715 quae
805 2667 897 2704 licet
919 2679 1110 2704 annorum
1132 2679 1316 2716 processu
1337 2678 1520 2704 numeros
1542 2679 1631 2703 suos
1654 2667 1838 2704 evolvant
1851 2669 1890 2703 et
1903 2679 1969 2704 ex-

229 2725 387 2773 plicent,
411 2725 545 2761 eadem
568 2727 698 2762 tamen
722 2738 821 2774 quae
844 2729 956 2763 erant
977 2728 1218 2775 permanent.
1232 2732 1248 2748 <4
1292 2726 1407 2763 Hunc
1438 2725 1654 2774 profectum
1679 2735 1721 2766 (3.
1744 2725 1968 2774 promisisse

229 2783 388 2821 videtur
410 2784 589 2821 Christus
611 2784 688 2821 illis
710 2785 858 2822 verbis:
893 2785 984 2822 Cum
1010 2779 1136 2822 autem
1158 2786 1297 2822 venerit
1327 2785 1388 2822 ille
1410 2784 1582 2833 Spiritus
1614 2786 1795 2830 veritatis,
1827 2784 1968 2822 docebit

231 2855 292 2880 cos
314 2855 459 2880 omnem
481 2844 678 2880 veritatem
700 2843 760 2882 Jo.
782 2851 843 2889 16,
866 2850 927 2884 13.
950 2844 1049 2881 Eum
1073 2845 1313 2892 pollicentur
1326 2841 1373 2884 (1.
1389 2845 1429 2881 et
1442 2847 1585 2892 patres.
1609 2842 1662 2880 Cf.
1677 2843 1781 2881 infra
1793 2856 1831 2884 n,
1848 2843 1967 2883 4965.

346 2913 450 2950 Huic
470 2912 665 2962 profectui
688 2914 927 2950 occasionem
957 2915 1148 2962 praebent
1170 2926 1212 2955 a.
1236 2915 1413 2952 haereses
1444 2914 1583 2959 variae,
1616 2927 1716 2962 quae
1746 2916 1969 2963 temporum

230 2984 346 3009 cursu
368 2974 621 3009 succrescunt
644 2969 708 3024 (cf.
732 2984 861 3021 opusc.
885 2972 948 3018 IX,
975 2979 1056 3013 220
1080 2971 1151 3024 a.);
1182 2974 1296 3011 illum
1329 2971 1377 3014 b.
1409 2975 1642 3021 promovent
1672 2973 1776 3010 haud
1806 2973 1969 3022 paulum

230 3033 269 3067 et
289 3031 441 3080 ingenii
463 3030 667 3068 subtilitas
691 3032 730 3068 et
752 3033 879 3068 status
911 3043 1043 3069 earum
1076 3032 1376 3082 disciplinarum,
1408 3044 1508 3080 quae
1539 3032 1757 3082 theologiae
1793 3031 1968 3069 ancillari
