2175 3382
186 104 271 144 344
574 99 693 131 '1¹1·act.
715 97 775 133 [ΙΙ.
793 98 837 131 de
856 98 1029 141 primatu.
1049 97 1177 132 'rhesis
1198 98 1319 132 hxvl.
1340 97 1385 132 de
1407 99 1526 132 medio

185 221 436 258 confirmatur
458 229 498 260 c.
523 220 721 257 uberrime
742 221 1059 270 protestantismi
1084 221 1272 258 historia:
1294 234 1384 258 nam
1407 221 1500 258 licet
1522 222 1554 259 is
1576 222 1711 260 doceat
1725 223 1925 261 sufficien-

183 279 382 316 tissimum
406 279 572 316 unitatis
595 279 860 317 ecclesiaticae
883 279 1121 328 principium
1145 281 1275 328 ipsum
1299 292 1380 317 esse
1396 280 1585 328 Spiritum
1603 293 1645 325 s.‚
1669 282 1780 319 nulla
1791 284 1925 319 tamen

182 338 257 375 alia
278 338 467 375 fruuntur
488 340 752 387 protestantes
776 339 930 375 unitate
953 338 1029 375 nisi
1061 339 1263 387 negativa;
1295 339 1400 388 quod
1432 340 1464 376 si
1496 340 1634 389 majori
1665 340 1851 390 gaudent,
1882 340 1923 378 id

182 397 326 434 debent
348 398 407 434 vel
441 397 522 435 suis
555 398 798 435 consistoriis
830 398 892 435 vel
923 398 1129 446 praecipue
1161 398 1384 447 principum
1417 399 1654 445 auctoritati,
1686 399 1711 436 i.
1734 412 1764 437 e.
1796 399 1924 437 medio

183 455 300 493 alicui
322 459 494 495 externo.
537 456 715 494 Ceterum
739 455 785 497 d.
810 458 903 494 haec
926 458 1090 494 assertio
1112 457 1315 495 evidenter
1336 457 1384 494 iis
1398 458 1683 506 comprobatur,
1710 471 1810 507 quae
1824 458 1923 496 dixi-

182 527 270 552 mus
302 515 384 553 sive
417 516 464 552 de
497 528 642 565 organo
677 516 868 553 divinitus
902 515 1089 553 instituto
1125 517 1171 554 ad
1207 517 1497 566 propagandam
1530 517 1674 555 Christi
1707 517 1924 555 doctrinam

180 574 237 611 th.
263 580 328 620 23,
365 574 447 612 sive
470 575 516 612 de
539 575 793 612 institutione
816 577 934 622 atque
957 576 1190 613 necessitate
1212 575 1428 612 ministerii
1461 576 1714 614 ecclesiastici
1737 577 1793 617 th.
1818 582 1871 617 48
1894 589 1923 614 s.

301 664 396 705 330.
420 662 589 704 ThesiS
615 661 784 704 LXVI·
814 676 1058 718 Ejusmodi
1084 685 1192 709 vero
1217 677 1537 710 authenticum
1562 679 1804 710 eaeternum
1829 685 1924 710 me-

183 735 311 769 dium
353 735 416 768 ad
451 736 817 768 conservandam
852 735 1126 768 catholicam
1162 735 1475 776 visibilemque
1511 735 1742 769 Ecclesiae
1766 736 1925 769 unita-

181 796 268 827 tem
299 802 445 836 neque
472 796 536 827 est
563 792 601 826 1.
620 802 655 826 s,
684 793 958 836 Scriptum-Q
984 803 1129 836 neque
1155 795 1197 827 2.
1224 796 1484 828 auctoritas
1506 796 1780 837 principum
1802 796 1925 836 poli-

181 853 376 885 ticorum
393 862 409 893 ,·
435 860 580 894 neque
606 852 651 885 3.
679 853 775 894 ipse
797 853 1009 893 fidelium
1040 855 1220 894 coet1‹s;
1245 862 1391 895 neque
1410 853 1451 886 4.
1479 855 1630 896 quivis
1656 855 1925 897 episcopus,-

181 920 326 954 neque
352 912 549 952 denique
576 911 616 943 5.
643 913 995 946 aristocratia-us
1019 915 1262 953 pastorum
1293 915 1457 946 coetus.

299 991 662 1035 Dcnlonstratio
684 1006 732 1048 p.
757 994 781 1035 Ι
805 997 847 1034 et
868 994 935 1037 ΙΙ.
982 992 1245 1046 Scripturam
1280 1006 1367 1034 non
1399 1006 1493 1035 esse
1516 994 1702 1035 medium
1725 995 1924 1037 divinitus

180 1062 383 1103 selectum
400 1062 454 1102 ad
469 1063 809 1104 conservandam
826 1065 1081 1105 catholicam
1098 1065 1304 1105 unitatem
1321 1064 1428 1106 adeo
1447 1070 1511 1106 est
1533 1065 1705 1106 evidens
1727 1077 1778 1107 ex
1801 1065 1923 1107 dictis

180 1146 218 1174 n.
246 1135 328 1177 118
352 1139 393 1174 et
421 1137 514 1183 183,
545 1138 591 1174 ut
622 1146 676 1175 ne
708 1134 930 1176 verbulum
954 1136 1124 1188 quidem
1148 1136 1306 1177 addere
1329 1140 1536 1188 oporteat.
1579 1135 1720 1187 Quare
1743 1137 1922 1178 alteram

174 1204 265 1256 jam
288 1204 419 1245 thesis
443 1217 482 1256 p.
506 1204 748 1256 probemus.
781 1204 928 1246 Unitas
949 1206 1238 1247 ecclesiastica
1260 1207 1506 1247 conservari
1527 1207 1674 1260 nequit
1694 1219 1745 1249 eo
1769 1207 1922 1257 medio,

181 1275 294 1328 quod
329 1274 574 1316 destitutum
612 1281 676 1316 est
703 1276 799 1328 jure
834 1277 1142 1330 interpretandi
1177 1275 1429 1330 Scripturas,
1472 1277 1682 1319 condendi
1715 1278 1922 1331 symbola,

182 1346 384 1386 haereses
413 1351 455 1386 et
476 1346 708 1387 schismata
732 1347 976 1388 authentice
999 1348 1244 1396 damnandi,
1276 1353 1487 1400 potestate
1511 1349 1922 1393 excommunicandi.

181 1415 306 1469 Atqui
330 1417 438 1457 haec
455 1417 553 1469 Jura
575 1417 836 1470 principibus
858 1430 997 1471 neque
1025 1419 1121 1472 jure
1154 1423 1347 1467 naturae,
1379 1431 1517 1472 neque
1535 1420 1631 1472 jure
1653 1421 1834 1472 positivo
1857 1421 1921 1462 di-

178 1487 290 1537 vino,
312 1499 450 1540 neque
467 1487 563 1540 jure
587 1488 875 1531 ecclesiastico
900 1494 1156 1542 competunt.

295 1573 406 1618 Quod
428 1573 746 1612 luculentissime
770 1575 1000 1613 confirmant
1031 1580 1163 1624 patres
1195 1577 1382 1626 suffragio
1415 1590 1494 1614 suo.
1539 1577 1730 1622 „Quando
1762 1577 1920 1624 audisti,

177 1632 315 1670 scribit
337 1632 638 1671 Ambrosius
672 1647 729 1682 ep.
756 1640 806 1674 20
841 1648 878 1671 n.
904 1642 926 1674 4
951 1635 998 1672 ad
1022 1635 1344 1673 Valentinianum
1370 1636 1584 1684 juniorem,
1617 1637 1921 1674 clementissime

177 1692 400 1741 imperator,
435 1692 477 1728 in
499 1704 616 1730 causa
637 1693 728 1730 fidei
751 1694 867 1731 laicos
890 1694 937 1731 de
960 1694 1153 1743 episcopis
1171 1695 1399 1744 judicasse?
1436 1696 1497 1732 Ita.
1519 1707 1611 1745 ergo
1633 1695 1801 1744 quadam
1822 1696 1919 1734 adu-

176 1751 323 1788 latione
346 1763 566 1797 curvamur,
589 1754 637 1790 ut
659 1753 911 1790 sacerdotalis
927 1754 1031 1801 juris
1054 1753 1178 1791 simus
1201 1754 1458 1799 immemores,
1486 1756 1525 1791 et
1547 1754 1651 1803 quod
1675 1755 1779 1793 Deus
1799 1755 1919 1793 dona-

175 1810 234 1847 vit
256 1811 364 1855 mihi,
400 1810 488 1847 aliis
510 1814 647 1859 putem
669 1824 752 1849 esse
774 1812 1019 1850 cedendum?
1052 1813 1092 1850 Si
1115 1813 1313 1851 docendus
1335 1816 1394 1851 est
1416 1814 1620 1863 episcopus
1642 1827 1664 1851 a
1684 1814 1793 1860 laico,
1825 1814 1921 1863 quid

177 1871 393 1917 sequetur?
427 1869 566 1907 Laicus
589 1883 682 1920 ergo
705 1871 881 1920 disputet
903 1874 942 1909 et
964 1872 1173 1920 episcopus
1196 1872 1353 1910 audiat:
1389 1873 1592 1922 episcopus
1613 1872 1736 1910 discat
1757 1886 1780 1911 a
1800 1873 1918 1911 laico!

175 1929 229 1965 At
250 1931 355 1966 certe
378 1929 413 1966 si
435 1930 498 1967 vel
521 1929 742 1967 divinarum
758 1930 1054 1979 Scripturarum
1069 1932 1208 1968 seriem
1230 1932 1291 1969 vel
1313 1933 1445 1969 vetera
1457 1935 1636 1981 tempora
1648 1934 1919 1979 retractemus,

176 1987 265 2035 quis
288 1990 348 2025 est
370 1988 439 2036 qui
462 1988 610 2025 abnuat
631 1989 671 2026 in
694 2001 812 2027 causa
834 1989 937 2036 fidei,
960 1990 1002 2027 in
1024 2002 1151 2037 causa,
1182 1991 1355 2039 inquam,
1389 1991 1479 2029 fidei
1502 1991 1704 2040 episcopos
1727 1992 1851 2030 solere
1872 1991 1920 2029 de

174 2045 479 2095 imperatoribus
501 2047 740 2093 christianis,
769 2061 849 2086 non
871 2048 1127 2097 imperatores
1159 2050 1206 2087 de
1228 2050 1421 2099 episcopis
1453 2050 1682 2098 judicare?‘
1714 2051 1767 2090 Of.
1799 2050 1931 2096 etiam,

175 2118 212 2144 n.
242 2112 302 2146 15.
345 2106 391 2143 In
414 2119 472 2155 ep.
497 2119 587 2144 vero
613 2113 664 2148 33
702 2108 750 2144 ad
773 2120 945 2145 sororem
968 2120 1077 2146 suam
1100 2121 1138 2147 n.
1167 2116 1214 2148 19
1239 2109 1359 2146 refert
1382 2121 1420 2146 se
1442 2109 1720 2147 Valentiniano
1752 2110 1918 2147 dixisse:

178 2164 296 2208 ‚Noli
318 2166 358 2202 te
380 2178 554 2215 gravare,
579 2167 803 2215 imperator,
827 2169 874 2204 ut
894 2169 1010 2216 putes
1031 2170 1071 2204 te
1093 2168 1134 2205 in
1156 2181 1210 2212 ea,
1244 2181 1344 2216 quae
1367 2168 1503 2206 divina
1525 2171 1630 2214 sunt,
1663 2169 1824 2217 aliquod
1845 2169 1919 2206 im-

173 2224 321 2272 periale
337 2225 405 2273 jus
430 2225 584 2262 habere.
627 2225 882 2263 Publicorum
903 2226 979 2263 tibi
1001 2227 1202 2264 moenium
1218 2227 1285 2276 jus
1307 2229 1369 2264 est
1389 2227 1654 2273 commissum,
1689 2239 1770 2265 non
1791 2240 1918 2266 sacro-

174 2287 303 2320 111111(Κ
346 2283 393 2320 111
415 2296 529 2321 serm.
552 2296 582 2321 c.
604 2285 850 2322 Auxentium
871 2298 908 2322 n.
934 2292 985 2325 36
1010 2287 1267 2334 pronunciat:
1301 2287 1545 2335 „Imperator
1566 2287 1671 2324 intra
1691 2287 1918 2334 Ecclesiam,

174 2354 254 2379 non
276 2354 393 2390 supra-
413 2343 627 2380 Ecclesiam
650 2347 751 2381 est<<
775 2366 829 2371 —
855 2345 1028 2382 Consone
1050 2345 1164 2394 plane
1188 2358 1215 2383 s.
1238 2345 1499 2383 Martinus
1521 2346 1690 2385 Maximo
1712 2347 1805 2396 imp.
1820 2346 1919 2384 dixit

176 2397 299 2453 (apud
323 2401 429 2450 Sulp.
453 2402 694 2440 Severum
716 2403 807 2443 hist.
831 2415 961 2441 sacrae
984 2404 1008 2444 1.
1026 2410 1048 2444 2
1073 2417 1110 2441 11.
1128 2401 1219 2457 50);
1246 2405 1431 2449 „Novum
1452 2417 1534 2442 esse
1554 2405 1782 2443 inauditum
1796 2405 1917 2452 nefas,

174 2462 222 2496 ut
242 2472 398 2497 causam
421 2460 614 2498 Ecclesiae
632 2462 753 2509 judex
776 2462 900 2500 seculi
910 2463 1148 2512 judicaret.‘
1182 2464 1294 2509 Nam,
1318 2466 1365 2501 ut
1386 2463 1557 2502 inculcat
1581 2477 1610 2502 s.
1634 2464 1917 2514 Gregorius

174 2531 256 2556 naz.
279 2531 332 2556 or.
360 2525 408 2558 16
433 2532 470 2556 n.
496 2526 540 2559 8:
566 2520 670 2565 „Vos
692 2533 850 2570 quoque
873 2519 1088 2573 (principes
1110 2524 1151 2560 et
1172 2520 1404 2575 praefectos)
1427 2523 1591 2572 imperio
1613 2536 1699 2561 meo
1722 2526 1762 2561 et
1774 2523 1917 2561 throno

174 2578 236 2614 lex
259 2577 403 2615 Christi
427 2578 598 2627 subjicit.
641 2580 858 2628 Imperium
880 2581 985 2618 enim
1008 2594 1077 2619 nos
1099 2594 1255 2630 quoque
1287 2582 1479 2632 gerimus;
1511 2582 1621 2627 addo,
1655 2582 1774 2620 etiam
1805 2595 1917 2631 prae-

175 2637 345 2674 stantius
367 2649 410 2674 ac
431 2637 668 2686 perfectius:
691 2639 770 2676 nisi
793 2652 885 2678 vero
909 2653 1078 2688 aequum
1101 2641 1163 2684 sit,
1187 2641 1372 2689 spiritum
1393 2641 1501 2678 carni
1527 2643 1567 2678 et
1588 2642 1772 2679 coelestia
1791 2644 1916 2680 terre-

173 2695 236 2733 nis
258 2695 432 2735 cedere.‘
455 2718 512 2723 -—
536 2696 625 2734 Non
646 2697 789 2735 minori
804 2699 988 2736 libertate
1003 2699 1216 2749 apostolica
1237 2700 1397 2738 Hosiu
1410 2712 1427 2737 s
1450 2700 1675 2738 Constantio
1689 2700 1918 2750 imperatori

175 2754 345 2792 declarat
368 2753 488 2805 (apud
510 2756 848 2794 Athanasium
871 2758 913 2794 in
935 2759 1026 2796 hist.
1041 2759 1265 2796 arianorum
1281 2772 1318 2796 n.
1336 2756 1429 2811 44):
1454 2759 1542 2804 „Ne
1563 2761 1603 2797 te
1624 2759 1741 2797 rebus
1754 2759 1917 2798 misceas

175 2814 459 2860 ecclesiasticis,
493 2827 564 2851 nec
585 2815 697 2852 nobis
727 2819 932 2865 praecepta
962 2818 1132 2864 mandes,
1168 2818 1236 2855 sed
1267 2818 1360 2855 haec
1391 2818 1525 2866 potius
1556 2831 1579 2855 a
1608 2818 1721 2856 nobis
1757 2818 1916 2857 ediscas.

175 2872 263 2910 Tibi
288 2873 392 2910 Deus
414 2873 624 2922 imperium
646 2874 822 2920 tradidit,
858 2876 974 2913 nobis
1007 2876 1271 2915 ecclesiastica
1300 2877 1560 2914 concredidit:
1591 2890 1634 2914 ac
1665 2878 1916 2926 quemadmo-

174 2931 268 2969 dum
292 2931 361 2980 qui
380 2931 456 2969 tibi
477 2932 688 2981 imperium
712 2934 890 2982 surripit,
916 2935 986 2972 Dei
1007 2935 1246 2973 ordinationi
1265 2938 1482 2985 repugnat:
1504 2936 1561 2973 ita
1581 2938 1725 2983 metue,
1747 2949 1796 2974 ne
1818 2936 1852 2974 si
1866 2936 1916 2974 ad

174 2993 218 3028 te
248 2991 509 3028 ecclesiastica
538 2992 698 3041 negotia
727 2993 946 3041 pertrahas,
979 2995 1111 3044 magni
1141 2995 1316 3032 criminis
1347 3007 1438 3032 reus
1471 2995 1579 3036 fias}
1603 3017 1659 3022 --
1682 2995 1717 3033 S.
1744 2995 1915 3033 Joannes

177 3050 518 3087 Damascenus
541 3063 595 3087 or.
622 3056 644 3090 2
669 3051 716 3088 de
737 3051 854 3101 imag.
877 3064 914 3089 n.
943 3058 1016 3092 12:
1041 3054 1194 3097 ²>Penes
1217 3054 1473 3102 imperatores
1494 3056 1668 3102 potestas
1681 3066 1761 3092 non
1773 3055 1846 3100 est,
1868 3057 1915 3092 ut

2167 1180 2175 1237 ..a—
2166 1057 2175 1165 --.-.
