2175 3382
167 140 250 180 245
490 132 610 166 'Pi-act.
630 131 691 165 ΠΙ.
711 132 763 165 Dc
784 130 955 167 Ecclesia.
974 130 1102 164 Thesis
1120 129 1229 164 XLH.
1251 130 1362 163 Extra
1378 129 1577 163 Ecclesiam

165 254 207 294 in
230 265 304 294 eos
326 252 449 301 dicto,
473 251 586 304 quod
609 251 761 292 durum
784 254 895 291 esset
917 254 959 291 et
981 249 1199 302 injustum,
1231 248 1317 289 imo
1342 252 1493 290 contra
1515 248 1750 297 caritatem,
1783 248 1818 289 si
1848 247 1907 289 illi

166 325 207 364 in
230 327 343 366 statu
364 326 638 364 versarentur
660 321 829 369 salutis;
862 320 887 361 d
901 320 1057 367 olore
1086 324 1127 361 et
1149 319 1318 360 tristitia
1342 318 1394 360 de
1417 317 1621 359 membris
1643 317 1697 359 ab
1718 317 1907 360 Ecclesia

164 394 385 446 separatis,
409 391 768 434 orationibus
791 404 866 444 pro
891 403 1038 432 eorum
1063 390 1343 431 conversione
1367 394 1444 433 ete.

283 479 397 517 Fides
428 492 520 517 vero
552 479 767 517 theoretica
803 478 1006 527 colligitur
1036 490 1080 514 ex
1104 480 1261 525 patrum
1285 475 1451 524 scriptis,
1487 475 1592 513 inter
1613 487 1712 524 quos
1735 476 1909 513 eminent

164 541 197 578 A
209 552 236 576 u
246 551 339 590 ggs
332 542 369 588 ,t
380 539 392 576 i
395 551 430 589 ,13
442 552 468 576 u
481 551 498 576 s
521 540 561 576 et
585 538 611 576 C
620 551 645 587 y
659 551 682 587 p
695 551 714 575 r
725 538 736 575 i
749 550 843 574 anu
855 550 891 582 s,
915 537 984 585 qui
1006 536 1106 573 hanc
1119 536 1328 574 veritatem
1342 545 1384 576 a.
1400 534 1560 572 disertis
1581 534 1908 584 gravissimisque

163 599 367 640 inculcant
388 587 531 636 verbis.
573 598 703 646 Hujus
735 596 835 634 liber
866 608 1008 633 aureus
1041 595 1087 633 de
1122 595 1276 632 unitate
1298 594 1495 631 Ecclesiae
1516 595 1626 631 totus
1648 594 1724 632 huc
1746 595 1907 648 spectat,

164 657 235 695 ubi
258 658 362 695 inter
385 657 461 694 alia
483 657 539 694 ita
560 657 678 694 habet
700 669 737 692 n.
763 662 784 695 6
802 669 808 692 :
835 634 1057 703 &Quisquis
1079 654 1127 691 ab
1149 653 1322 692 Ecclesia
1344 654 1574 703 segregatus
1596 652 1798 719 adulte—rie
1818 653 1908 717 {gn-

164 717 285 767 gitur,
319 730 340 753 a
361 716 567 765 promissis
590 715 785 752 Ecclesiae
815 716 1039 763 separatur:
1072 726 1143 751 nec
1165 712 1369 762 perveniet
1390 711 1437 749 ad
1461 701 1810 760 Christffiaemm
1842 724 1911 761 qui

164 775 359 824 relinquit
390 775 603 812 Ecclesiam
636 774 792 812 Christi.
835 773 1000 810 Alienus
1031 775 1102 817 est,
1135 772 1323 821 profanus
1355 774 1424 817 est,
1461 771 1584 808 hostis
1615 773 1674 808 est
1696 800 1705 808 .
1728 801 1735 808 .
1760 800 1768 808 .
1801 770 1911 808 Hanc

162 835 360 872 unitatem
383 835 451 883 qui
473 847 553 871 non
573 836 696 879 tenet,
729 833 800 871 Dei
822 833 950 882 legem
972 844 1049 869 non
1072 833 1193 876 tenet,
1222 843 1299 868 non
1326 833 1436 868 tenet
1456 830 1586 868 Patris
1609 832 1649 867 et
1669 829 1761 867 Filii
1781 829 1909 875 fidem,

164 894 287 931 vitam
319 906 397 931 non
428 895 538 931 tenet
570 895 609 930 et
640 893 818 932 salutem.
893 891 1230 943 Augustinus
1262 902 1354 927 vero
1385 902 1468 927 eam
1499 890 1693 927 instanter
1724 889 1912 926 adversus

0 953 381 1016 leonatiStas
402 954 550 990 tuetur.
593 952 653 989 Ita
676 964 732 989 ex.
756 964 813 1001 gr.
837 950 996 988 disserit
1017 950 1058 986 in
1084 960 1261 987 sermone
1283 949 1416 986 habito
1440 948 1487 986 ad
1511 948 1766 986 caesariensis
1788 948 1909 985 eccle-

166 1012 244 1049 siae
276 1012 440 1060 plebem,
474 1011 648 1049 Emerito
681 1011 857 1059 episcopo
889 1009 1088 1047 donatista
1119 1010 1336 1058 praesente,
1370 1013 1491 1047 11.,6·.
1516 995 1669 1052 §Extra
1700 1006 1912 1045 Ecclesiam

55 1094 72 1101 -
166 1071 394 1108 catholicam
428 1072 557 1108 totum
589 1072 722 1120 potest
753 1066 912 1122 (habere
943 1065 1158 1121 Emeritus)
1190 1069 1346 1117 praeter
1377 1064 1579 1104 salutern-5³
1600 1067 1737 1104 Potest
1769 1065 1911 1103 habere

164 1131 362 1176 honorem,
394 1132 526 1179 potest
556 1130 698 1167 habere
731 1130 1030 1173 sacramentum,
1064 1129 1192 1176 potest
1220 1128 1375 1164 cantare
1399 1126 1571 1174 alleluja,
1602 1127 1732 1174 potest
1751 1137 1911 1174 respon-

164 1189 255 1227 dere
277 1191 413 1235 Amen,
435 1191 567 1238 potest
588 1188 848 1238 Evangelium
871 1189 1017 1232 tenere,
1054 1188 1185 1236 potest
1207 1186 1248 1223 in
1271 1185 1430 1223 nomine
1452 1184 1581 1222 Patris
1604 1188 1644 1222 et
1656 1184 1748 1222 Filii
1770 1186 1811 1222 et
1825 1183 1913 1233 Spi-

165 1248 267 1286 ritus
299 1249 424 1286 sancti
456 1248 573 1285 fidem
606 1250 643 1285 et
678 1248 822 1285 habere
845 1249 885 1284 et
905 1246 1151 1295 praedicare;
1185 1245 1252 1284 sed.
1275 1256 1474 1293 nusquam
1494 1244 1571 1282 nisi
1592 1244 1634 1281 in
1656 1243 1830 1281 Ecclesia
1850 1255 1912 1281 ca·

164 1308 308 1345 tholica
331 1308 497 1345 salutem
520 1307 668 1356 poterit
690 1306 910 1346 invenire.«
925 1292 953 1327 η

129 1427 135 1433 ,
282 1390 487 1427 Inculcant
509 1388 554 1430 b.
569 1392 700 1438 patres
723 1390 820 1426 hanc
841 1388 1052 1426 veritatem
1075 1388 1278 1432 axiomata,
1304 1386 1408 1434 quod
1430 1386 1487 1423 ita
1508 1385 1695 1423 enunciat
1709 1385 1806 1433 Cyp
1819 1384 1914 1421 ria-

0 1437 167 1477 »ν’-ω*
165 1462 192 1486 11
203 1461 259 1486 us
290 1449 316 1486 l.
348 1462 401 1489 o.:
436 1449 617 1494 »Habere
645 1449 727 1497 jam
757 1461 836 1485 non
868 1449 1000 1496 potest
1021 1448 1147 1484 Deum
1169 1447 1337 1490 Patrem,
1372 1445 1442 1493 qui
1463 1444 1674 1482 Ecclesiam
1696 1456 1776 1482 non
1797 1443 1916 1481 habet

0 1481 384 1568 Quian-em«
418 1511 537 1557 atque
563 1508 619 1545 ita
641 1508 786 1545 evolvit
810 1506 1142 1557 Augustinus
1165 1518 1278 1542 serm.
1300 1505 1342 1542 in
1365 1505 1425 1541 Ps.
1452 1510 1503 1545 88
1527 1517 1565 1540 11.
1593 1509 1666 1543 14;
1702 1503 1915 1547 „Amemus

1 1574 144 1613 ωᾼμ..
167 1568 379 1605 Dominum
400 1568 527 1605 Deum
548 1570 740 1611 nostrum,
773 1578 947 1604 amemus
969 1565 1179 1603 Ecclesiam
1211 1565 1315 1613 ejus:
1339 1563 1454 1600 illum
1485 1563 1586 1600 sicut
1606 1564 1771 1612 patrem,
1797 1561 1915 1599 istam

0 1638 14 1668 ,·
30 1641 128 1661 νων
167 1626 272 1664 sicut
304 1629 491 1671 matrem;
526 1627 641 1664 illum
669 1626 771 1663 sicut
793 1626 1017 1671 Dominum,
1050 1625 1148 1661 hanc
1170 1624 1273 1661 sicut
1294 1622 1475 1660 ancillam
1497 1622 1603 1671 ejus3
1636 1621 1730 1670 quia
1750 1620 1823 1658 filii
1845 1634 1914 1658 an-

11 1675 279 1723 Wc’sssae
301 1686 427 1735 ipsius
449 1698 595 1723 sumus.
619 1685 694 1723 Sed
716 1685 1011 1722 matrimonium
1035 1684 1108 1721 hoc
1120 1695 1263 1732 magna
1284 1682 1446 1719 caritate
1470 1681 1778 1731 compaginatur,
1801 1692 1915 1717 nemo

0 1756 53 1767 ···-·
168 1745 341 1783 offendit
370 1758 495 1782 unum
527 1747 566 1782 et
596 1746 843 1793 promeretur
873 1744 1052 1781 alterum.
1095 1742 1218 1780 Nemo
1250 1741 1373 1779 dicat:
1396 1741 1457 1778 Ad
1489 1740 1595 1778 idola
1621 1739 1783 1788 quidem
1803 1739 1914 1786 vado,

168 1804 399 1854 arreptitios
432 1807 471 1842 et
503 1804 711 1853 sortilegos
742 1803 913 1849 consulo,
948 1802 1016 1840 secl
1042 1804 1174 1839 tamen
1196 1801 1268 1838 Dei
1290 1800 1502 1838 Ecclesiam
1527 1812 1607 1838 non
1627 1799 1822 1848 relinquo,
1854 1810 1915 1836 ca-

167 1864 340 1901 tholicus
372 1876 469 1901 sum.
513 1864 663 1900 Tenens
695 1866 870 1908 matrem,
906 1861 1102 1900 offendisti
1134 1863 1298 1909 patrem.
1341 1859 1456 1897 Alius
1486 1859 1582 1896 item
1614 1858 1730 1896 dicit:
1763 1857 1879 1895 Absit
1899 1870 1921 1894 a

167 1935 241 1970 me,
265 1935 344 1960 non
366 1923 530 1960 consulo
554 1922 801 1971 sortilegum,
825 1932 905 1958 non
928 1932 1072 1969 quaero
1095 1919 1361 1968 arreptitium,
1388 1931 1467 1955 non
1489 1930 1633 1966 quaero
1656 1917 1921 1955 divinationes

168 1982 390 2031 sacrilegas,
413 1995 494 2019 non
516 1994 559 2019 eo
583 1982 630 2018 ad
654 1981 853 2018 adoranda
875 1981 1088 2025 daemonia,
1124 1992 1204 2016 non
1226 1978 1354 2016 servio
1377 1977 1600 2026 lapidibus:
1634 1976 1703 2014 sed
1724 1979 1858 2014 tamen
1877 1976 1921 2012 in

167 2044 279 2090 parte
300 2041 445 2078 Donati
476 2054 573 2079 sum.
618 2041 719 2085 Quid
751 2040 826 2077 tibi
848 2040 1008 2088 prodest
1029 2052 1108 2076 non
1131 2038 1301 2076 offensus
1323 2038 1452 2082 Pater,
1487 2036 1556 2085 qui
1579 2036 1766 2074 offensam
1788 2034 1920 2073 vindi-

168 2103 230 2138 cat
251 2102 444 2138 matrem?
469 2100 571 2144 Quid
592 2100 761 2149 prodest,
786 2099 818 2137 si
832 2099 1047 2136 Dominum
1070 2097 1282 2144 confiteris,
1302 2097 1428 2134 Deum
1451 2095 1631 2140 honoras,
1653 2095 1784 2143 ipsum
1807 2106 1920 2143 prae-

167 2159 284 2204 dicas,
315 2159 464 2196 Filium
495 2160 581 2208 ejus
616 2158 806 2209 agnoscis,
840 2158 1042 2201 sedentem
1065 2157 1113 2194 ad
1135 2156 1265 2194 Patris
1287 2155 1488 2192 dexteram
1510 2154 1722 2198 confiteris,
1755 2155 1795 2190 et
1816 2153 1919 2190 blas-

167 2219 328 2267 phemas
350 2218 560 2256 Ecclesiam
593 2220 707 2267 ejus?
749 2218 839 2254 Non
860 2219 899 2254 te
935 2217 1140 2266 corrigunt
1162 2215 1339 2264 exempla
1361 2214 1525 2251 humani
1546 2213 1746 2262 conjugii?
1789 2212 1830 2250 Si
1851 2212 1920 2249 ha-

169 2278 279 2315 beres
311 2278 484 2326 aliquem
514 2279 736 2327 patronum,
778 2276 842 2313 cui
871 2276 1050 2325 quotidie
1082 2273 1368 2323 obsequereris,
1403 2274 1514 2322 cujus
1544 2272 1684 2309 limina
1715 2271 1920 2309 serviendo

170 2339 401 2381 contereres,
435 2350 552 2386 quem
585 2336 762 2385 quotidie
788 2346 868 2373 non
899 2335 985 2373 dico
1019 2335 1221 2379 salutares,
1259 2332 1327 2370 sed
1350 2332 1544 2377 adorares,
1578 2331 1643 2369 cui
1675 2330 1920 2380 impenderes

169 2395 300 2433 fidelia
331 2396 527 2444 obsequia,
562 2396 595 2433 si
626 2409 752 2432 unum
784 2395 932 2432 crimen
963 2395 1009 2432 de
1047 2394 1133 2443 ejus
1156 2393 1323 2442 conjuge
1347 2392 1507 2436 diceres,
1541 2390 1738 2438 numquid
1759 2390 1920 2427 domum

170 2455 254 2503 ejus
278 2455 475 2492 intrares?
517 2455 662 2492 Tenete
686 2466 778 2504 ergo
802 2454 1008 2498 carissimi,
1041 2455 1174 2491 tenete
1200 2463 1335 2490 omnes
1361 2450 1602 2488 unanimiter
1622 2449 1748 2486 Deum
1767 2450 1921 2498 patrem

171 2516 211 2550 et
241 2515 406 2551 matrem
427 2514 680 2551 Ecclesiam.‘
726 2513 777 2551 Cf.
811 2525 925 2552 serm.
952 2519 1005 2553 92
1040 2512 1082 2550 111
1117 2512 1212 2549 bibl.
1235 2524 1273 2548 11.
1296 2511 1370 2548 ΡΡ.
1393 2511 1421 2546 t.
1449 2517 1466 2549 1
1493 2509 1552 2546 ed.
1574 2508 1689 2555 Mai,
1722 2509 1762 2545 et
1784 2509 1922 2545 auctor
1915 2526 2027 2586 W

171 2573 195 2609 l.
222 2579 244 2611 4
269 2572 315 2610 de
337 2573 513 2622 symbolo
535 2573 640 2610 inter
661 2572 878 2622 Augustini
901 2585 961 2621 op.
984 2585 1022 2609 n.
1050 2578 1112 2612 13.
1346 2565 1715 2634 &uby-*⁶⁸4³
1728 2566 1947 2621 ww&
1959 2590 2031 2612 „a

291 2641 331 2671 O.
355 2631 466 2669 Hanc
486 2633 695 2669 veritatem
718 2632 922 2668 illustrant
942 2633 1077 2680 patres
1098 2630 1205 2679 typis
1227 2640 1374 2666 arcae
1393 2628 1429 2665 N
1443 2632 1515 2673 oe,
1539 2603 1920 2674 extrafflnemo

172 2690 343 2728 salvatus
375 2692 435 2727 est
469 2691 609 2728 diluvii
641 2693 831 2740 tempore,
865 2691 905 2727 et
927 2690 1103 2735 domus
1134 2688 1325 2735 Rahat„
1358 2688 1470 2724 extra
1500 2698 1618 2735 quam
1647 2687 1825 2733 tempore
1854 2696 1920 2721 ex-

172 2749 430 2799 pugnationis
452 2750 563 2787 urbis
586 2749 741 2787 Jericho
763 2749 913 2786 nemini
935 2749 1170 2798 parcebatur
1188 2744 1233 2799 1).
1271 2746 1340 2791 „Si
1361 2745 1463 2794 quis,
1495 2744 1629 2793 inquit
1650 2756 1678 2781 s.
1700 2744 1919 2793 Fulgen-

172 2808 282 2845 tius
314 2808 361 2845 de
383 2809 531 2846 remiss.
564 2821 667 2857 pecc.
690 2809 718 2854 I,
746 2814 810 2853 20,
834 2809 903 2845 aut
935 2808 981 2845 de
1011 2807 1182 2845 Ecclesia
1212 2805 1434 2855 baptizatus
1468 2803 1680 2853 egreditur,
1713 2804 1782 2839 aut
1812 2804 1921 2839 extra

320 2944 342 2980 ¹)
361 2939 414 2975 Cf.
433 2942 582 2984 patrum
602 2940 810 2973 doctrinan]
829 2950 953 2984 opusc.
972 2938 1035 2980 111,
1064 2941 1142 2972 218.
1161 2937 1258 2972 Hinc
1277 2937 1487 2982 protestans
1514 2934 1542 2968 L
1554 2946 1609 2968 an
1621 2947 1646 2979 g
1658 2944 1677 2968 e
1705 2934 1746 2967 in
1764 2943 1822 2977 op.
1840 2931 1920 2966 Bei-

172 2995 278 3040 trage
297 3006 359 3028 zur
377 2994 537 3028 =‹il‘testen
553 2993 836 3037 Kirchengesch.
851 2993 935 3027 lect.
951 2996 989 3027 2:
1010 2992 1105 3032 ,Das
1119 2992 1262 3036 Dogma
1275 3001 1347 3025 von
1360 2990 1462 3024 einer
1475 2985 1919 3033 alleinseligmachenden

174 3048 309 3082 Kirche
323 3048 372 3082 ist
386 3046 480 3080 eben
487 3057 527 3080 so
537 3046 603 3088 alt,
619 3045 672 3080 als
684 3046 742 3080 dle
755 3045 1162 3087 Dreieinigkeitslehre,
1174 3045 1212 3090 ja
1227 3054 1263 3078 es
1278 3043 1368 3078 lasst
1382 3043 1459 3077 sich
1473 3040 1567 3076 eben
1579 3052 1617 3076 so
1628 3042 1698 3086 gut
1707 3040 1821 3074 durch
1832 3039 1918 3084 dog-

174 3101 352 3135 matische
363 3099 572 3144 Erklarung
583 3098 765 3133 einzelner
777 3098 1051 3132 Schrit'tstellen
1062 3098 1116 3132 als
1129 3097 1245 3132 Lehre
1263 3096 1325 3130 des
1336 3094 1599 3140 Evangeliums
1617 3092 1893 3137 rechtfertigen.
1902 3099 1916 3113 ¹
