2175 3382
946 128 1229 173 apostolicitate.
1869 132 1951 174 331

219 253 358 304 ipsum
387 248 594 292 redundet
625 253 667 289 et
697 247 922 291 derivatur.
963 246 1071 298 Ergo
1102 246 1288 288 Ecclesia
1320 258 1396 298 per
1426 258 1644 300 nunquam
1673 248 1951 299 interruptam

219 326 441 375 pastorum
480 320 634 362 seriem
676 331 772 359 cum
807 317 974 359 Christo
1017 317 1106 369 ejus
1151 323 1325 358 auctore
1369 321 1408 357 et
1451 317 1690 358 institutore
1725 319 1953 370 conjuncta

220 404 313 434 esse
336 391 473 435 debet.

340 463 380 507 3.
402 462 516 503 Idem
541 460 745 502 evincitur
768 472 819 501 ex
841 459 1046 512 patribus,
1078 460 1149 512 qui
1180 473 1219 502 a.
1251 459 1427 499 canonis
1451 459 1583 498 instar
1605 463 1806 507 statuunt,
1837 459 1951 500 illam

219 533 458 575 doctrinam
480 543 574 573 esse
597 542 754 579 veram,
777 542 886 583 quae
902 530 1208 582 praedicationi
1223 533 1431 571 consonet
1446 529 1720 569 ecclesiastici
1735 529 1953 570 ministerii

219 616 438 657 nunquam
458 602 699 654 interceptu
731 613 828 642 eam
851 613 951 642 vero
975 600 1138 650 falsam,
1170 612 1280 653 quae
1302 600 1356 641 ab
1380 600 1462 641 hac
1484 599 1706 652 discrepet.
1749 599 1884 650 Quam
1908 601 1953 642 b.

219 674 534 716 successionem
557 672 759 714 exhibent
780 672 941 712 canalis
972 672 1117 721 instar,
1148 684 1223 724 per
1255 683 1381 724 quem
1405 671 1458 711 ad
1481 683 1560 711 nos
1583 670 1781 711 decurrat
1802 669 1956 711 Christi

219 745 433 787 doctrina:
456 744 618 786 canalis
640 748 783 784 autem
807 743 1033 783 continuus
1056 743 1110 783 sit
1132 747 1309 795 oportet,
1340 755 1428 783 non
1450 742 1720 794 interruptus,
1753 745 1799 781 ut
1830 740 1957 781 fontis

219 828 332 869 aqua
361 814 671 868 imperturbata
692 814 1024 861 transmittatur;
1059 814 1239 855 eandem
1275 826 1317 857 0.
1354 813 1554 854 exhibent
1588 817 1777 854 tesserae
1808 814 1957 859 instar,

218 899 303 940 qua
323 898 426 927 vera
447 885 636 926 Ecclesia
668 897 692 925 a
723 884 830 925 falsa
852 888 1101 925 secernatur
1122 883 1188 940 (cf.
1211 898 1249 925 n.
1277 888 1387 939 121).
1430 884 1614 937 Ideoque
1645 885 1688 927 d.
1721 883 1952 924 admodum

218 957 384 998 solliciti
414 955 531 997 fuere
564 960 719 1008 patres,
750 960 797 996 ut
826 959 1018 997 texerent
1050 956 1348 1008 episcoporum
1371 955 1591 1006 catalogos
1618 954 1698 995 sibi
1720 954 1956 995 succeden-

218 1029 336 1078 tium,
362 1028 512 1068 saltem
534 1027 577 1068 in
599 1027 837 1080 praecipuis
859 1026 1048 1068 ecclesiis
1082 1026 1136 1067 ab
1169 1026 1461 1079 apostolorum
1484 1030 1623 1067 aetate
1647 1025 1701 1066 ad
1723 1037 1801 1066 sua
1822 1037 1958 1078 usque

216 1103 426 1151 tempora.
469 1097 718 1150 Quicunque
749 1109 850 1138 vero
884 1110 924 1141 0.
958 1109 1046 1138 11011
1076 1097 1259 1149 legitime
1283 1096 1557 1138 successisset
1590 1101 1662 1137 aut
1693 1096 1847 1136 missus
1869 1108 1957 1136 non

216 1169 374 1217 fuisset,
397 1169 524 1222 quasi
545 1173 773 1221 usurpator
795 1168 1089 1221 repellebatur.

336 1255 461 1299 Quare
493 1255 547 1292 sic
580 1255 868 1304 Ογῃῆμο11113
900 1255 947 1291 de
978 1255 1197 1292 Novatiano
1228 1255 1490 1303 peremptorie
1523 1253 1696 1290 deceinit
1729 1266 1787 1301 ep.
1823 1260 1873 1293 T6
1907 1253 1954 1290 ad

219 1315 404 1364 Magnum
426 1326 464 1354 n.
489 1320 533 1354 3:
570 1314 841 1358 „Novatianus
873 1313 915 1350 in
935 1314 1108 1351 Ecclesia
1137 1325 1215 1350 non
1248 1315 1319 1357 est,
1351 1325 1479 1361 neque
1485 1313 1708 1408 depiscopus
1738 1312 2121 1428 Gompumiffl

217 1375 359 1422 potest,
383 1372 452 1421 qui
476 1373 688 1420 apostolica
708 1372 921 1410 traditione
943 1374 1165 1421 contempta
1195 1372 1343 1409 nemini
1367 1372 1684 1474 31100οἃῶῖᾘῖὢὲ
1685 1345 2121 1467 Q&

216 1433 332 1473 natus
353 1435 425 1469 031.
437 1437 454 1455 «
496 1432 554 1469 Ita
579 1435 618 1469 et
640 1431 864 1485 Opt—a‘tus
885 1432 937 1478 ΙΙ,
963 1439 998 1472 3.
1022 1438 1046 1471 4
1070 1432 1288 1469 donatistas
1310 1434 1514 1479 provocat.
1540 1457 1557 1475 >
1603 1434 1706 1467 estra
1773 1443 1794 1467 a
1843 1443 1876 1467 ei
1893 1358 2175 1500 raeffiff

217 1503 286 1529 vos
308 1491 500 1556 originem
521 1490 685 1535 reddite,
719 1491 786 1539 qui
807 1490 919 1528 vobis
941 1491 1065 1528 vultis
1089 1493 1260 1528 sanctam
1284 1490 1494 1527 Ecclesiam
1527 1472 1776 1533 vindicare;
1810 1446 2128 1537 eosquevffffl‘

214 1550 366 1595 irridet,
391 1550 460 1598 qui
482 1552 529 1587 ut
549 1549 711 1600 σ1011011
734 1552 894 1598 possent
916 1562 956 1587 se
978 1550 1057 1587 frui
1079 1549 1350 1587 communione
1374 1561 1460 1586 cum
1476 1549 1660 1586 cathedra
1673 1561 1842 1593 iomana
1868 1547 1955 1585 Vie-

215 1612 339 1647 torem
361 1581 572 1658 quendamD
580 1621 673 1646 suae
695 1609 876 1646 factionis
899 1610 1123 1657 episcopum
1147 1609 1306 1646 Romam
1328 1608 1527 1645 miserant.
1564 1634 1580 1652 ‚>
1591 1608 1732 1645 Missus
1756 1609 1814 1645 est
1835 1607 1959 1656 igitur

215 1668 357 1714 Victor,
381 1668 535 1717 inquit3
559 1670 642 1705 erat
663 1668 718 1705 ibi
740 1668 844 1705 filius
867 1668 951 1706 sine
971 1671 1094 1717 patre,
1117 1668 1192 1704 tiro
1216 1667 1301 1705 sine
1322 1667 1508 1716 principe,
1532 1666 1747 1715 discipulus
1770 1667 1853 1703 sine
1875 1678 1956 1703 ma-

215 1728 350 1777 gistro,
375 1739 542 1776 sequens
567 1727 650 1764 sine
673 1727 935 1764 antecedente.
965 1727 1186 1775 inquilinus
1218 1727 1300 1764 sine
1333 1727 1458 1770 domO,
1491 1726 1631 1774 hospes
1655 1726 1740 1763 31110
1770 1725 1954 1773 hospitio,

215 1788 346 1835 pastor
368 1786 451 1824 31110
474 1798 603 1836 grege,
628 1786 830 1834 episcopus
855 1786 939 1823 sine
957 1786 1102 1835 populo
1127 1816 1133 1823 .
1158 1818 1164 1824 .
1191 1815 1196 1820 .
1222 1785 1262 1822 Si
1288 1785 1435 1823 Victori
1463 1785 1670 1829 diceretur,
1694 1785 1763 1822 ubi
1785 1783 1957 1822 sederit?

215 1857 284 1882 nec
307 1847 398 1882 ante
421 1858 460 1882 se
482 1845 653 1894 aliquem
676 1845 756 1882 11110
779 1845 899 1882 fuisse
921 1847 1167 1889 monstraret,
1190 1857 1261 1882 1100
1283 1844 1506 1882 cathedram
1530 1844 1703 1892 aliquam
1724 1843 1803 1880 nisi
1833 1842 1954 1891 pesti-

215 1905 359 1942 lentiae
391 1905 655 1942 ostenderet«
701 1904 820 1953 Saepe
853 1916 943 1941 vero
976 1917 1003 1940 s.
1026 1903 1357 1953 Augustinus
1390 1904 1661 1952 episcoporum
1692 1903 1739 1940 ab
1771 1901 1959 1951 apostolis

217 1962 503 2001 successionem
533 1966 689 2007 certam,
723 1964 1002 2009 inconcussam,
1035 1962 1292 2001 certissimam
1325 1965 1397 1999 etc.
1429 1962 1610 2007 inculcat,
1644 1964 1761 2010 atque
1792 1973 1822 1998 0.
1856 1961 1956 1997 Fau-

218 2024 324 2060 stum
345 2022 519 2068 XXVIII,
559 2028 580 2061 2
606 2022 815 2060 Ecclesiam
838 2022 933 2060 dicit
957 2022 1032 2065 ,ab
1055 2022 1139 2071 ipso
1163 2022 1315 2059 Christo
1338 2022 1561 2058 inchoatam
1592 2023 1631 2058 et
1661 2033 1730 2069 per
1761 2020 1957 2069 apostolos

216 2085 440 2131 provectam
461 2082 566 2118 certa
589 2082 880 2119 successionum
905 2081 1006 2118 serie
1027 2094 1154 2129 usque
1176 2080 1224 2118 ad
1245 2081 1338 2118 haec
1359 2083 1534 2129 tempora
1556 2082 1640 2117 toto
1655 2082 1849 2117 terrarum
1864 2079 1957 2116 orbe

217 2141 460 2178 dilatatam.«
504 2140 631 2185 Quare
655 2141 756 2178 sicut
776 2141 873 2177 rami
897 2141 1059 2178 extremi
1081 2153 1150 2189 per
1171 2139 1423 2177 intel-medios
1446 2142 1485 2176 et
1506 2142 1694 2176 truncum
1716 2151 1818 2175 nexu
1852 2150 1955 2174 nun—

217 2212 337 2248 quam
356 2199 581 2247 interrupto
604 2200 792 2249 conjungi
814 2199 959 2237 debent
980 2212 1067 2237 cum
1090 2199 1301 2243 radicibus,
1338 2201 1385 2235 ut
1407 2210 1545 2235 succus
1568 2198 1701 2235 vitalis
1732 2196 1957 2234 transfundi

216 2258 447 2306 fructusque
468 2258 568 2296 ferre
590 2259 759 2307 possint:
792 2260 831 2296 et
852 2258 1026 2296 membra
1048 2258 1177 2296 omnia
1211 2260 1327 2306 atque
1359 2257 1516 2294 articuli
1547 2256 1711 2293 extremi
1741 2269 1811 2305 per
1840 2268 1959 2293 venas

217 2317 364 2355 nullibi
385 2318 616 2355 intersectas
638 2329 725 2355 cum
748 2317 873 2361 corde,
897 2319 943 2354 ut
965 2317 1156 2367 sanguine
1178 2317 1414 2366 irrigentur:
1438 2316 1491 2352 ita
1514 2315 1687 2352 Ecclesia
1708 2315 1956 2364 singulorum

219 2377 440 2414 seculorum
461 2389 664 2424 nunquam
686 2376 908 2425 interrupta
929 2378 1133 2425 pastorum
1156 2376 1254 2413 serie
1277 2375 1462 2424 conjungi
1495 2374 1611 2412 debet
1633 2386 1721 2411 cum
1753 2374 1956 2423 apostolis,

218 2437 258 2473 et
278 2448 348 2484 per
369 2435 566 2484 apostolos
588 2435 741 2473 Christo
764 2447 806 2472 ac
827 2448 896 2483 per
918 2435 1115 2472 Christum
1129 2435 1207 2472 Deo
1230 2434 1352 2471 Patri.
1385 2434 1438 2470 Ex
1455 2433 1810 2482 comparationibus
1825 2435 1957 2470 autem

218 2495 348 2532 allatis
364 2494 491 2542 liquet
505 2494 702 2543 duplicem
716 2494 909 2543 distingui
923 2506 1035 2542 posse
1049 2493 1389 2542 apostolicitatem„
1414 2493 1577 2530 alteram
1599 2493 1659 2529 im
1674 2506 1711 2529 m
1725 2505 1744 2529 e
1757 2493 1782 2529 d
1793 2492 1806 2529 i
1817 2494 1863 2529 at
1875 2505 1895 2529 a
1905 2505 1955 2535 111,

219 2565 306 2591 011111
329 2554 410 2591 3011.
433 2552 568 2601 aliqua
589 2553 752 2590 ecclesia
772 2566 973 2601 nunquam
997 2552 1217 2600 interrupta
1239 2556 1440 2600 pastorum
1462 2564 1623 2589 suorum
1647 2551 1746 2588 serie
1761 2550 1957 2600 pertingit

218 2624 344 2661 usque
365 2612 414 2650 ad
435 2613 640 2660 0110310103,
663 2614 710 2650 ut
731 2625 788 2650 ex.
810 2625 866 2661 gr.
889 2624 1067 2649 romana:
1093 2611 1255 2648 alteram
1278 2610 1564 2655 mediatam,
1588 2622 1675 2647 cum
1699 2610 1780 2647 scil.
1796 2609 1959 2647 ecclesia

219 2671 350 2720 aliqua
371 2670 620 2720 particularis
641 2671 872 2708 recentioris
894 2672 952 2708 est
973 2669 1139 2719 originis
1173 2672 1292 2717 atque
1316 2669 1410 2707 adeo
1433 2672 1633 2718 pastorum
1667 2681 1827 2706 suorum
1859 2669 1958 2705 serie

218 2742 299 2767 non
320 2729 513 2779 pertingit
533 2729 610 2767 nisi
631 2730 679 2767 ad
702 2742 774 2767 sec.
796 2728 914 2769 XVII.
937 2732 977 2766 et
998 2729 1076 2766 XV.
1099 2730 1183 2774 etc„
1216 2741 1293 2777 quo
1326 2728 1497 2777 primum
1529 2731 1588 2766 est
1618 2728 1794 2773 fundata,
1826 2740 1956 2764 ramus

219 2801 310 2826 vero
332 2791 393 2826 est
414 2791 574 2826 exortus
596 2801 641 2826 ex
663 2789 738 2826 alia
760 2788 918 2826 ecclesia
940 2801 1030 2826 vere
1052 2787 1282 2836 apostolica:
1317 2790 1413 2824 tunc
1436 2788 1540 2825 enim
1561 2787 1758 2824 mediante
1780 2787 1848 2823 hac
1880 2785 1958 2823 alia

220 2848 381 2885 ecclesia
403 2845 652 2900 (praesertim
674 2844 852 2899 romana)
874 2859 1042 2895 quacum
1065 2846 1335 2884 communione
1359 2847 1541 2890 sociatur,
1560 2846 1749 2895 jungitur
1770 2844 1955 2893 apostolis

219 2906 447 2954 fruiturque
470 2906 776 2954 apostolicitate:
812 2907 914 2944 sicut
933 2905 1148 2943 ramusculi
1169 2918 1247 2943 non
1269 2905 1492 2942 immediate
1509 2906 1737 2954 junguntur
1758 2917 1802 2941 ra
1819 2903 1956 2940 lit-ibus

222 2965 287 3002 sed
308 2964 573 3002 mediantibus
594 2965 712 3002 ramis
734 2965 945 3014 majoribus
968 2967 1007 3002 et
1028 2966 1178 3002 trunco.
1223 2963 1274 3003 Cf.
1298 2964 1367 3001 hac
1390 2964 1437 3001 de
1459 2977 1500 3001 re
1523 2963 1676 3013 egregie
1698 2962 1956 2999 disserentem

221 3024 608 3070 Tertullianum
636 3024 683 3061 de
704 3024 931 3072 praescript.
955 3036 992 3060 n.
1019 3029 1082 3064 20.
1109 3029 1278 3064 28—32
1304 3035 1434 3072 opusc.
1458 3026 1485 3059 t.
1508 3022 1570 3060 IX.
1595 3034 1682 3059 cuin
1706 3023 1838 3058 annot.
1863 3019 1956 3057 sub—

216 3082 331 3131 jectis
354 3084 392 3119 01
413 3082 532 3130 praef.
554 3095 592 3119 n.
618 3089 682 3122 24.

2127 1303 2175 1346 sb(
