2175 3382
694 104 820 137 contra
839 112 1015 136 canonem
1035 102 1280 136 tridentinum
1301 102 1443 136 satisfit.
1852 106 1934 148 193

320 225 430 269 Quod
451 238 542 262 vero
565 223 606 265 5.
628 225 784 274 quidam
809 224 1078 262 dubitaverint
1109 235 1180 260 sec.
1204 223 1274 259 III.
1308 225 1346 259 et
1369 224 1433 262 IV.
1458 224 1504 260 de
1529 223 1682 271 aliquot
1703 224 1815 261 libris
1838 224 1933 262 deu-

200 284 483 322 terocanonicis
506 284 552 322 N.
574 284 626 329 T„
650 284 792 321 mirum
817 295 897 320 esse
918 295 997 319 non
1020 281 1146 326 debet,
1178 294 1267 318 nam
1291 290 1330 318 et
1353 282 1475 330 aliqui
1499 294 1542 319 ex
1566 282 1659 327 illis,
1692 295 1780 320 cum
1804 283 1933 321 admo-

201 343 294 380 dum
317 343 396 380 sint
416 343 553 380 breves
575 345 692 391 atque
715 342 763 379 ad
784 353 969 391 personas
991 342 1149 377 tantum
1172 340 1392 389 singulares
1408 340 1557 385 directi,
1582 340 1807 389 frequenter
1821 341 1934 379 citari

200 414 279 439 non
300 403 515 450 potuerunt
546 402 712 449 ideoque
745 402 857 438 etiam
890 400 1024 437 minus
1058 399 1169 436 facile
1203 399 1244 435 in
1279 399 1454 436 omnium
1489 400 1670 436 notitiam
1706 401 1932 448 pervenire:

200 460 288 498 aliis
309 474 401 498 vero
432 460 616 498 haeretici
649 462 742 497 sunt
773 460 897 497 abusi.
940 459 1000 495 Ita
1022 458 1347 495 Philastrius
1381 458 1482 495 haer.
1509 464 1559 499 89
1593 459 1640 495 al.
1667 465 1713 498 61
1751 462 1932 505 testatur,

200 520 279 568 legi
313 520 427 557 Pauli
462 519 676 563 „tredecim
711 519 896 567 epistolas
941 519 979 554 et
1019 518 1064 554 ad
1100 516 1296 553 Hebraeos
1335 517 1534 554 interdum
1561 546 1566 552 .
1592 545 1598 552 .
1623 547 1629 554 .
1655 517 1747 565 quia
1788 518 1933 555 factum

201 578 400 616 Christum
421 578 513 616 dicit
538 578 580 615 in
603 591 659 622 ea,
697 578 787 615 inde
810 589 889 614 non
911 576 1078 626 legitur,
1114 575 1160 612 de
1191 575 1434 623 poenitentia
1465 578 1595 613 autem
1627 579 1786 624 propter
1816 590 1933 614 nova-

200 637 326 675 tianos
348 643 510 685 aeque«
555 637 735 675 Ceterum
755 649 844 674 vere
866 635 999 673 mirari
1022 634 1220 679 debemUS,
1244 635 1442 683 graviores
1466 647 1543 672 non
1566 634 1687 671 fuisse
1712 637 1933 672 controver-

201 696 280 733 sias
303 697 402 734 circa
423 696 614 745 quasdam
636 695 683 732 N.
707 695 747 732 T.
771 695 966 744 epistolas,
1008 692 1150 730 Dubiis
1182 695 1314 730 tamen
1345 706 1423 731 non
1447 693 1694 731 obstantibus
1727 696 1766 730 et
1797 694 1935 731 horum

201 755 391 792 librorum
413 767 510 792 usus
533 755 574 792 in
595 754 765 792 Ecclesia
787 752 1065 803 perseveravit,
1091 754 1129 788 et
1151 752 1236 799 ipsa
1258 751 1377 789 dubia
1399 754 1573 801 tempore
1594 752 1829 801 procedente
1844 766 1936 800 pau-

201 815 312 851 latim
334 814 523 862 dissipata
547 816 651 859 sunt,
683 813 849 850 maxime
882 813 924 849 in
956 811 1176 856 Occidente,
1209 811 1498 860 universalique
1530 811 1777 848 consensioni
1808 812 1933 849 locum

200 873 404 910 dederunt.
448 873 486 910 Si
509 885 599 910 vero
630 872 755 920 aliqui
777 872 984 920 scriptores
1021 869 1141 907 etiam
1163 870 1289 906 media
1311 872 1437 907 aetate
1459 873 1549 908 ante
1581 871 1752 908 solemne
1783 870 1935 907 concilii

199 932 408 969 tridentini
427 932 622 981 judicium
645 932 766 968 libros
789 931 877 968 illos
892 932 1002 968 extra
1017 941 1203 966 canonem
1221 941 1426 967 numerare
1441 929 1652 966 videantur
1664 927 1704 981 1),
1729 929 1757 965 ii
1778 929 1841 966 vel
1856 929 1935 966 sola

199 991 387 1039 loquendi
408 992 559 1029 ratione
582 1005 603 1028 a
626 990 822 1028 communi
846 989 1022 1027 doctrina
1044 987 1256 1024 dissentire
1288 990 1382 1025 sunt
1409 989 1573 1033 dicendi,
1606 988 1667 1025 vel
1689 988 1819 1025 verbis
1851 988 1935 1036 qui-

199 1050 365 1087 busdam
396 1049 626 1088 vetustioris
656 1049 824 1087 doctoris
857 1045 1179 1101 (Hieronymi
1210 1044 1456 1099 praesertim)
1491 1048 1579 1095 plus
1611 1059 1734 1095 aequo
1765 1047 1935 1095 permoti

199 1110 261 1146 vel
283 1109 500 1158 singulares
522 1109 642 1146 fuisse
665 1108 846 1146 censendi
869 1108 973 1144 sunt.

317 1167 361 1208 6,
385 1169 615 1217 Exemplum
636 1168 725 1204 hinc
748 1168 864 1204 habes
887 1163 1127 1214 triplicis
1150 1163 1259 1201 illius
1297 1165 1426 1210 stadii,
1460 1166 1563 1213 quod
1596 1165 1638 1202 in
1669 1165 1934 1214 propositione

199 1227 375 1265 veritatis
409 1227 577 1276 alicujus
611 1227 804 1264 revelatae
835 1224 1031 1274 distingui
1065 1235 1175 1272 posse
1206 1236 1244 1259 n.
1274 1226 1386 1263 149⁴
1420 1224 1653 1261 notavimus.
1703 1224 1803 1261 Nam
1837 1224 1936 1261 circa

200 1287 340 1335 dogma
361 1286 408 1324 de
431 1287 720 1335 Scripturarum
745 1297 890 1322 canone
913 1285 1109 1322 cernimus
1141 1282 1256 1320 initio
1279 1283 1451 1320 stadium
1473 1283 1663 1332 simplicis
1685 1283 1774 1320 fidei
1808 1286 1847 1321 et
1870 1295 1934 1320 su-

199 1345 409 1394 sceptionis
432 1345 622 1383 librorum
643 1345 686 1382 in
707 1356 784 1381 usu
807 1346 846 1381 et
867 1345 976 1393 praxi
998 1341 1192 1381 Ecclesiae
1224 1354 1349 1390 usque
1382 1342 1430 1379 311
1460 1342 1575 1379 1111113
1604 1354 1675 1379 333.
1698 1340 1776 1387 1V3
1809 1345 1934 1380 ortam

200 1404 338 1441 deinde
361 1404 658 1442 haesitationem
690 1405 728 1440 et
760 1403 930 1441 stadium
962 1400 1233 1451 inquisitionis
1269 1402 1371 1450 apud
1409 1401 1598 1446 doctores,
1630 1401 1858 1449 praesertim
1893 1401 1935 1437 in

200 1463 372 1500 Ecclesia
393 1476 528 1511 graeca
550 1475 623 1500 sec.
646 1463 708 1500 IV.
732 1465 771 1499 et
792 1463 849 1508 V„
873 1475 972 1511 quae
995 1459 1184 1510 paulatim
1209 1462 1462 1508 praelucente
1479 1460 1568 1509 jugi
1591 1460 1786 1498 Ecclesiae
1808 1473 1883 1497 usu
1897 1463 1935 1497 et

201 1522 475 1560 accedentibus
508 1518 675 1560 decretis
707 1521 960 1559 conciliorum
992 1521 1156 1563 Africae,
1193 1530 1289 1558 rom.
1320 1519 1553 1568 pontificum
1584 1518 1804 1556 Innocentii
1836 1520 1864 1555 Ι.
1897 1522 1934 1556 31

201 1581 355 1626 Gelasii,
380 1581 606 1630 conquievit
627 1581 823 1629 desiitque
845 1581 887 1617 111
902 1581 1164 1618 universalem
1180 1579 1484 1624 consensionem,
1508 1590 1586 1615 non
1600 1578 1657 1616 ita
1670 1580 1814 1623 tamen,
1839 1578 1935 1626 quin

200 1640 328 1677 media
347 1653 503 1689 quoque
525 1643 651 1678 aetate
674 1640 814 1687 prioris
837 1639 1118 1677 controversiae
1142 1638 1308 1688 vestigia
1338 1637 1606 1675 remanserint.
1650 1637 1837 1685 Sequitur
1868 1637 1933 1673 de-

200 1699 318 1748 nique
342 1700 514 1737 solemne
535 1699 727 1736 Ecclesiae
744 1698 950 1747 judicium,
984 1710 1061 1747 quo
1084 1698 1208 1735 omnis
1242 1697 1507 1735 controversia
1538 1697 1773 1734 terminatur
1804 1696 1933 1733 exclu—

200 1758 386 1806 diturque
408 1758 569 1807 penitus
592 1760 695 1795 inter
717 1757 927 1795 catholicos
952 1758 1152 1795 dissensio.
1189 1757 1294 1802 Quae
1309 1757 1440 1794 omnia
1453 1769 1532 1793 non
1547 1768 1668 1793 novae
1684 1755 1935 1792 revelationis

199 1818 474 1855 necessitatem
491 1818 539 1854 ad
553 1829 739 1854 canonem
752 1817 1015 1854 tridentinum
1030 1817 1363 1861 constituendum,
1377 1817 1425 1852 ut
1437 1814 1628 1852 Ecclesiae
1643 1814 1935 1851 calumniantur

199 1877 342 1920 hostes,
367 1877 649 1923 demonstrant,
684 1876 751 1913 sed
773 1875 960 1913 evincunt
989 1876 1120 1924 potius
1144 1875 1446 1912 infallibilitatis
1469 1874 1662 1911 Ecclesiae
1694 1873 1737 1909 in
1768 1873 1934 1920 depositi

199 1936 373 1973 custodia
394 1935 678 1973 necessitatem.

323 2001 413 2034 174.
436 1995 493 2031 De
515 2007 568 2042 ep.
584 1995 635 2031 ad
650 1994 851 2031 Hebraeos.
866 2016 923 2020 —
939 1993 1118 2031 Succedit
1139 1993 1350 2031 difficultas
1372 1992 1548 2041 specialis
1571 1994 1707 2028 contra
1729 1991 1932 2039 epistolam

198 2053 246 2090 311
267 2053 463 2091 Hebraeos
485 2055 525 2091 et
546 2053 818 2102 apocalypsim,
842 2065 959 2101 quam
982 2052 1112 2090 verbis
1145 2064 1173 2089 s.
1197 2051 1499 2100 Hieronymi
1523 2063 1581 2099 ep.
1611 2057 1687 2091 119
1713 2049 1761 2087 311
1783 2049 1929 2086 Darda-

197 2125 292 2150 num
317 2110 365 2164 (a.
390 2109 491 2165 414)
523 2125 560 2149 n.
586 2118 607 2152 3
641 2124 913 2160 proponemus.
959 2112 1103 2157 „Illud‚
1137 2111 1279 2159 inquit,
1311 2110 1457 2148 nostris
1489 2109 1698 2147 dicendum
1730 2110 1798 2153 est,
1833 2108 1933 2145 hanc

198 2171 415 2220 epistolam,
439 2184 537 2220 quae
559 2171 608 2208 ad
629 2171 824 2208 Hebraeos
844 2171 1087 2216 inscribitur,
1121 2183 1198 2208 non
1232 2170 1359 2208 solum
1382 2170 1429 2206 ab
1461 2169 1631 2206 ecclesiis
1662 2167 1932 2211 orientalibus,

199 2230 266 2267 sed
288 2231 336 2267 ab
358 2231 539 2268 omnibus
562 2232 665 2267 retro
702 2230 974 2267 ecclesiasticis
1006 2229 1133 2279 graeci
1165 2229 1355 2266 sermonis
1388 2227 1647 2277 scriptoribus
1679 2226 1791 2276 quasi
1821 2226 1933 2262 Pauli

199 2289 368 2338 apostoli
391 2290 547 2338 suscipi,
584 2290 676 2327 licet
697 2289 875 2337 plerique
900 2301 983 2326 eam
1004 2289 1067 2326 vel
1088 2289 1287 2325 Barnabae
1308 2288 1370 2325 vel
1393 2287 1602 2324 Clementis
1625 2286 1872 2323 arbitrentur
1894 2287 1931 2321 et

197 2348 297 2385 nihil
318 2349 518 2393 interesse,
554 2349 665 2397 cujus
702 2348 764 2393 sit,
799 2360 887 2385 cum
919 2347 1172 2385 ecclesiastici
1205 2347 1279 2384 viri
1313 2347 1364 2384 sit
1399 2348 1438 2383 et
1471 2345 1647 2393 quotidie
1682 2344 1933 2382 ecclesiarum

197 2407 365 2444 lectione
387 2408 618 2445 celebretur.
661 2407 771 2451 Quod
794 2407 824 2443 si
849 2407 1054 2455 epistolam
1069 2406 1117 2443 ad
1131 2406 1328 2443 Hebraeos
1344 2406 1559 2442 latinorum
1573 2404 1812 2442 consuetudo
1826 2404 1933 2441 inter

198 2466 399 2504 canonicas
423 2467 642 2515 Scripturas
664 2478 742 2503 non
763 2466 913 2514 recipit,
937 2478 1007 2502 nec
1029 2477 1258 2514 graecorum
1280 2464 1439 2512 quidem
1461 2463 1641 2501 ecclesiae
1664 2463 1932 2513 apocalypsim

197 2524 360 2562 Joannis
382 2525 514 2563 eadem
537 2526 718 2563 libertate
741 2525 971 2573 suscipiunt,
1009 2527 1047 2561 et
1069 2526 1201 2560 tamen
1231 2536 1301 2561 nos
1333 2525 1540 2571 utramque
1572 2523 1817 2572 suscipimus,
1852 2535 1930 2559 non

196 2584 314 2632 hujus
348 2585 533 2633 temporis
570 2584 914 2629 consuetudinem,
960 2583 1027 2620 sed
1070 2586 1248 2620 veterum
1292 2582 1527 2630 scriptorum
1562 2582 1834 2619 auctoritatem
1870 2593 1928 2617 se-

199 2648 403 2690 quentes.«

342 2745 368 2790 1)
387 2745 444 2778 113
461 2756 503 2778 ex
522 2756 576 2789 gr.
595 2744 729 2789 Hugo
749 2756 780 2778 3.
807 2757 833 2778 3.
861 2745 1009 2777 Victore
1037 2744 1080 2777 de
1109 2743 1304 2787 Scripturis
1325 2753 1353 2777 c.
1374 2746 1393 2777 G
1413 2744 1449 2775 et
1470 2746 1530 2778 12:
1560 2742 1603 2775 de
1624 2753 1711 2775 sacr.
1730 2741 1820 2785 prol.
1842 2752 1868 2774 e.
1889 2743 1927 2776 7³

200 2798 300 2832 erud.
320 2798 562 2832 didascalicae
582 2798 605 2831 1.
624 2802 647 2832 4
665 2809 692 2832 C.
712 2802 743 2834 2.
762 2798 944 2832 Nonnulli
963 2808 1109 2841 quoque
1126 2797 1184 2831 vel
1203 2797 1247 2831 de
1266 2797 1487 2840 quibusdam
1514 2795 1618 2829 libris
1636 2794 1929 2839 protocanonicis

198 2851 431 2885 haesitanter
447 2851 661 2895 loquuntur,
681 2850 725 2885 de
743 2851 876 2894 quibus
894 2849 983 2884 olim
1000 2849 1105 2884 nulla·
1122 2850 1190 2884 fuit
1205 2850 1463 2884 controversia.
1483 2848 1581 2889 Quae
1602 2848 1715 2881 dubia
1728 2857 1801 2880 non
1819 2847 1929 2880 fuisse

201 2903 304 2944 seria,
324 2902 388 2937 sed
405 2904 500 2938 forte
517 2905 664 2938 tantum
683 2905 727 2937 de
745 2903 876 2943 verbis,
894 2905 998 2947 patet
1011 2904 1111 2943 inde,
1125 2903 1222 2947 quod
1238 2903 1335 2936 inter
1350 2902 1495 2936 scholae
1506 2901 1698 2945 theologos
1712 2900 1813 2933 nulla
1829 2903 1927 2932 mota

199 2956 272 2990 fuit
290 2958 536 2990 controversia
553 2957 609 2991 vel
628 2958 790 3001 exceptio
820 2958 949 2990 contra
976 2966 1152 2990 canonem
1180 2956 1217 2989 fl
1229 2967 1248 2990 o
1260 2966 1308 2989 re
1320 2956 1427 2989 ntin
1439 2967 1462 2988 11
1474 2966 1530 2993 111,
1558 2955 1593 2987 31
1610 2953 1649 2986 in
1668 2953 1819 2986 coneilio
1846 2954 1888 2984 tr
1900 2951 1927 2983 i-

199 3010 252 3044 de
264 3022 287 3043 n
299 3013 313 3043 t
325 3011 337 3043 i
349 3022 372 3043 n
384 3020 404 3044 0
421 3009 526 3044 nulla
544 3011 599 3044 est
617 3011 711 3045 seria
728 3011 874 3054 prolata
893 3010 1101 3053 difficultas,
1121 3011 1207 3044 licet
1227 3021 1359 3054 magna
1379 3009 1576 3042 haberetur
1589 3007 1726 3040 ibidem
1749 3005 1842 3038 ratio
1859 3005 1927 3037 dis-

199 3063 410 3096 sensionum
427 3062 524 3097 inter
541 3063 688 3097 scholae
705 3063 911 3106 theologos.

342 3122 502 3152 Hurter,
523 3123 670 3154 Compend.
691 3122 842 3155 theologiae
865 3122 886 3149 1,
910 3122 951 3147 10.
975 3122 1019 3147 ed.
1674 3119 1715 3149 13
