2175 3382
252 150 340 190 440
436 144 553 179 'si-act.
576 143 633 177 Ill.
653 144 697 178 <le
716 144 888 188 primatu.
908 143 1035 178 'l'hesis
1054 143 1210 178 LXXIX.
1232 143 1479 178 infallibilitate
1497 155 1587 179 rom.
1608 144 1794 189 pontificis

255 263 451 306 solebant
472 269 675 316 tanquam
699 263 812 315 paris
845 263 1130 312 auctoritatis3
1164 268 1290 316 atque
1314 268 1539 316 propterea
1560 276 1838 305 romanorum
1860 276 1987 317 prae-

254 335 390 376 sulum
414 336 625 377 sententia
646 348 724 388 par
745 335 1000 377 censebatur
1023 335 1076 376 ad
1098 335 1326 388 sopiendas
1349 337 1662 377 controversias
1684 338 1738 390 (n.
1763 337 1865 391 382)
1888 341 1984 378 tan-

255 412 408 459 taeque
431 407 707 456 auctoritatis,
743 411 789 448 ut
819 407 896 460 ipsi
919 407 1077 448 nullam
1100 407 1151 448 de
1174 418 1237 455 ea,
1270 419 1320 447 ac
1343 407 1377 448 si
1399 411 1511 448 esset
1534 406 1673 456 dubia,
1695 407 1988 460 permitterent

254 478 319 519 vel
353 477 624 519 admitterent
658 478 997 531 disputationem.
1053 478 1179 531 Atqui
1213 478 1324 527 tides,
1357 490 1466 531 quae
1500 482 1591 519 tuta
1622 478 1676 519 sit
1709 478 1987 519 orthodoxiae

256 561 407 589 norma
439 562 534 590 cum
568 549 764 590 omnibus
787 550 902 590 hisce
926 550 1213 598 consectariis,
1245 561 1372 601 super
1394 561 1520 590 omne
1543 548 1716 590 dubium
1739 550 1890 602 posita,
1921 550 1986 590 in-

258 619 438 661 fallibilis
460 620 513 660 sit
535 632 709 661 necesse
732 625 805 664 est.

371 716 414 746 a.
438 707 598 743 Praeter
631 709 691 744 tot
728 708 828 743 facta
844 707 925 755 jam
949 719 1068 755 supra
1090 706 1208 743 allata
1229 719 1350 755 pauca
1364 706 1580 743 addantur:
1607 706 1684 751 „Et
1698 708 1743 743 ut
1756 706 1885 744 brevis
1899 718 1987 744 sen-

254 766 402 803 tentiae
434 766 638 803 claustello
672 763 711 817 (i.
736 779 765 802 0.
799 769 844 802 ut
865 763 1015 818 paucis)
1038 767 1178 802 cuncta
1209 765 1505 810 concludantur,
1529 766 1665 803 scribit
1687 765 1987 803 Aldhelmus

257 822 307 871 (a.
333 822 432 877 709)
456 825 613 861 nomine
636 825 789 862 concilii
812 825 1080 873 episcoporum
1103 837 1147 861 ex
1169 826 1254 861 tota
1275 837 1372 873 pene
1394 824 1600 862 Britannia
1621 824 1809 862 Geruntio
1831 825 1914 874 regi
1937 825 1990 862 si-

255 885 417 932 mulque
440 884 590 921 cunctis
616 884 683 921 Dei
708 883 972 921 sacerdotibus
995 896 1066 931 per
1087 883 1304 921 Domnonia
1326 881 1653 929 conversantibus,
1677 885 1824 921 frustra
1845 884 1892 921 de
1914 883 1988 921 fide

256 943 443 980 catholica
465 943 638 979 inaniter
659 943 865 992 gloriatur,
899 943 966 991 qui
990 943 1130 992 dogma
1151 944 1190 979 et
1210 943 1387 992 regulam
1410 942 1536 980 sancti
1558 942 1664 980 Petri
1696 955 1774 980 non
1806 945 1988 981 sectatur.

259 1003 573 1039 Fundamentum
596 1002 742 1050 quippe
764 1002 956 1039 Ecclesiae
990 1005 1030 1039 et
1051 1002 1341 1039 firmamentum
1364 1001 1453 1039 fidei
1474 1002 1745 1051 principaliter
1774 1002 1816 1038 in
1838 1001 1989 1040 Christo

261 1064 301 1099 et
322 1064 530 1110 sequenter
554 1062 593 1097 in
616 1062 732 1098 Petro
756 1061 1258 1109 collocatum'nequaquam
1279 1061 1558 1110 ingruentibus
1588 1063 1872 1109 tempestatum
1902 1063 1988 1100 tur-

258 1121 418 1158 binibus
439 1119 717 1157 nutabundum
740 1120 949 1166 vacillabit,
974 1121 1014 1157 in
1037 1121 1224 1169 Apostolo
1239 1120 1533 1169 promulgante:
1558 1120 1868 1157 Fundamentum
1881 1121 1991 1158 aliud

254 1192 360 1217 nemo
381 1184 497 1228 potest
523 1192 664 1227 ponere
682 1184 837 1228 praeter
856 1180 910 1228 id,
933 1181 1033 1229 quod
1048 1181 1217 1228 positum
1240 1184 1303 1228 est,
1329 1180 1427 1228 quod
1448 1184 1501 1217 est
1522 1178 1561 1216 J.
1585 1179 1762 1217 Christus
1789 1187 1821 1220 1.
1845 1179 1927 1217 Cor.
1953 1186 1988 1225 3,

265 1247 276 1278 1
295 1247 325 1278 l.
349 1240 464 1276 Petro
487 1241 618 1275 autem
640 1239 784 1275 veritas
821 1239 877 1276 ita
897 1239 1153 1288 privilegium
1186 1239 1315 1275 sanxit
1336 1238 1548 1276 Ecclesiae:
1586 1239 1642 1276 Tu
1673 1251 1709 1276 es
1732 1239 1895 1276 Petrus«
1918 1241 1989 1276 etc.

257 1299 316 1335 En
338 1298 431 1335 fides
456 1297 659 1335 cathedrae
681 1298 914 1346 apostolicae
935 1299 1072 1347 regula
1094 1300 1152 1335 est
1174 1298 1275 1334 fidei.

374 1367 418 1409 l).
454 1368 765 1406 Praeclarissima
800 1370 912 1415 sunt,
958 1382 1057 1417 quae
1090 1369 1132 1406 in
1154 1382 1268 1407 causa
1289 1369 1429 1417 Pyrrhi
1451 1369 1627 1418 disputat
1660 1369 1905 1406 Maximus
1940 1369 1989 1409 M.

257 1427 296 1479 (†
321 1426 420 1481 662)
444 1441 501 1476 ep.
525 1427 573 1464 ad
595 1428 756 1465 Petrum
778 1429 977 1466 Illustrem
1002 1426 1126 1480 (Mig.
1153 1435 1217 1473 91,
1247 1426 1365 1480 144):
1401 1454 1417 1473 »
1428 1428 1565 1476 Itaque
1597 1428 1631 1465 si
1665 1428 1752 1465 vult
1774 1427 1993 1465 haereticus

255 1500 333 1524 non
355 1500 449 1532 esse,
473 1499 599 1535 neque
622 1487 767 1533 audire,
791 1500 870 1524 non
892 1488 959 1525 isti
983 1489 1052 1525 aut
1075 1488 1134 1524 illi
1157 1487 1382 1533 satisfaciat,
1419 1487 1660 1536 superfluum
1683 1486 1829 1536 quippe
1851 1487 1922 1525 hoc
1953 1488 1993 1524 et

258 1546 526 1584 irrationabile
548 1548 628 1587 est:
661 1547 753 1594 quia
775 1547 876 1584 sicut
897 1560 976 1584 uno
999 1549 1133 1584 contra
1168 1559 1257 1584 011111
1290 1546 1547 1584 scandalizato
1580 1559 1714 1584 omnes
1745 1546 1993 1584 scandalizati

257 1608 369 1643 sunt:
403 1606 459 1642 ita
481 1618 637 1654 quoque
658 1619 737 1643 uno
760 1606 956 1644 satisfacto
979 1619 1111 1643 omnes
1132 1606 1263 1655 procul
1290 1605 1410 1643 dubio
1443 1605 1652 1643 satisfiunt.
1693 1605 1871 1643 Festinet
1900 1617 1992 1654 prae

256 1665 439 1702 omnibus
475 1665 559 1702 sedi
590 1676 772 1702 romanae
804 1665 1034 1703 satisfacere.
1077 1666 1157 1702 Hac
1189 1665 1293 1702 enim
1326 1664 1526 1702 satisfacta
1557 1665 1814 1702 communiter
1843 1664 1994 1713 ubique

257 1736 390 1761 omnes
412 1724 525 1773 pium
546 1724 650 1761 hunc
673 1727 711 1762 et
734 1724 994 1762 orthodoxum
1015 1724 1307 1773 praedicabunt.
1350 1724 1449 1761 Nam
1481 1723 1628 1761 frustra
1660 1723 1904 1761 solummodo
1935 1724 1992 1761 lo-

258 1784 406 1831 quitur,
431 1784 499 1832 qui
521 1783 621 1820 mihi
644 1784 791 1821 similes
815 1785 1032 1821 suadendos
1055 1785 1181 1832 putat,
1215 1785 1254 1820 et
1275 1796 1353 1820 non
1376 1783 1568 1820 satisfacit
1598 1785 1637 1820 et
1668 1783 1852 1832 implorat
1883 1794 1992 1820 sanc-

256 1843 431 1879 tissimae
465 1855 712 1880 romanorum
748 1842 931 1880 ecclesiae
965 1843 1238 1880 beatissimum
1268 1855 1418 1891 papam,
1453 1843 1478 1879 i.
1501 1854 1531 1879 e.
1563 1842 1816 1890 apostolicam
1850 1841 1991 1888 sedem,

259 1914 357 1950 quae
380 1902 427 1938 ab
448 1902 533 1950 ipso
554 1902 755 1939 incarnato
778 1903 849 1939 Dei
871 1902 997 1940 Verbo
1032 1902 1098 1939 sed
1130 1905 1170 1939 et
1198 1902 1380 1939 omnibus
1414 1902 1557 1938 sanctis
1587 1901 1745 1950 synodis
1778 1901 1993 1938 secundum

257 1973 383 1998 sacros
417 1973 581 1998 canones
613 1964 653 1998 et
683 1962 870 1999 terminos
902 1962 1189 2006 universarum,
1222 1973 1323 2010 quae
1354 1961 1394 1997 in
1425 1962 1509 1998 toto
1539 1962 1732 1998 terrarum
1765 1960 1856 1997 orbe
1888 1961 1992 2005 sunt,

258 2022 478 2057 sanctarum
500 2021 570 2057 Dei
593 2021 841 2058 ecclesiarum
862 2021 902 2058 in
925 2021 1111 2058 omnibus
1135 2022 1174 2057 et
1196 2033 1267 2069 per
1288 2020 1419 2057 omnia
1448 2020 1622 2068 percepit
1652 2021 1692 2056 et
1722 2019 1840 2056 habet
1870 2019 1992 2068 impe-

260 2081 374 2124 rium,
398 2080 671 2117 auctoritatem
694 2082 733 2116 et
754 2082 989 2128 potestatem
1011 2080 1161 2128 ligandi
1182 2082 1300 2128 atque
1324 2079 1512 2116 solvendi.
1523 2084 1540 2102 «
1576 2078 1635 2115 En
1657 2080 1897 2127 quantopere
1911 2091 1991 2115 am—

262 2138 402 2175 bienda
424 2139 652 2187 approbatio
677 2139 780 2176 sedis
803 2152 995 2184 romanae,
1018 2142 1065 2176 ut
1087 2139 1326 2176 orthodoxus
1349 2137 1440 2186 quis
1462 2138 1587 2186 possit
1609 2137 1769 2175 censeri.

377 2231 416 2261 (3.
440 2221 512 2258 Vix
534 2223 660 2260 ullum
684 2225 814 2260 exstat
836 2223 1081 2272 splendidius
1103 2223 1381 2271 argumentum
1402 2233 1470 2269 pro
1503 2232 1683 2269 suprema
1705 2218 1910 2256 cathedrae
1931 2230 1993 2255 ro-

259 2293 394 2317 manae
416 2281 477 2317 vel
499 2281 539 2318 in
560 2283 788 2319 universum
803 2282 1002 2320 Orientem
1025 2281 1261 2319 auctoritate
1283 2280 1477 2330 legatione
1492 2281 1532 2316 et
1545 2279 1667 2329 gestis
1682 2277 1910 2315 Hormisdae
1924 2290 1995 2326 pro

261 2340 525 2387 componendo
548 2341 757 2378 schismate
781 2342 969 2379 acaciano.
1004 2340 1115 2378 Misit
1138 2340 1219 2379 scil.
1241 2340 1391 2389 legatos
1413 2339 1454 2375 in
1477 2338 1677 2376 Orientem
1691 2337 1739 2374 ad
1753 2336 1994 2385 recipiendos

261 2398 462 2446 episcopos
494 2413 515 2436 a
539 2400 745 2437 schismate
776 2401 951 2438 acaciano
982 2400 1192 2438 redeuntes
1223 2411 1310 2436 cum
1342 2398 1478 2435 libello
1509 2397 1600 2435 fidei
1631 2395 1683 2449 (n.
1709 2392 1846 2448 4081),
1878 2408 1996 2443 quem

262 2470 406 2501 omneS‚
432 2458 499 2505 qui
522 2459 622 2496 sedis
645 2460 877 2508 apostolicae
900 2459 1213 2497 communionem
1228 2457 1505 2503 desiderarent,
1530 2455 1771 2494 subscribere
1787 2454 2003 2500 debebant,
2055 2458 2062 2465 “

261 2516 424 2564 insuper
447 2517 589 2565 adjecit
610 2518 826 2556 indiculum
851 2516 927 2571 (ep.
953 2515 1024 2570 49)
1047 2518 1094 2555 de
1115 2518 1242 2562 modo,
1279 2529 1355 2565 quo
1379 2529 1419 2553 se
1440 2516 1482 2552 in
1503 2516 1574 2552 hoc
1595 2514 1754 2564 negotio
1776 2513 1895 2563 legati
1925 2525 1993 2563 ge-

262 2577 403 2612 rerent.
447 2602 464 2620 ,>
475 2576 544 2613 Cui
568 2575 829 2630 (imperatori)
854 2577 1101 2626 praesentati,
1124 2577 1181 2613 ita
1201 2575 1513 2621 Hormisdas,
1537 2575 1755 2611 salutantes
1777 2573 1911 2610 literas
1926 2584 1995 2609 no-

263 2635 362 2670 stras
385 2634 533 2680 offerte,
568 2639 834 2685 suggerentes,
866 2650 1052 2686 magnum
1084 2648 1156 2673 nos
1178 2635 1225 2672 de
1248 2635 1332 2683 ejus
1364 2634 1529 2682 imperio
1560 2632 1750 2682 gaudium
1780 2631 1996 2680 percepisse

264 2695 304 2729 et
324 2692 490 2730 nimium
527 2696 730 2743 gratulari,
764 2696 868 2744 quod
900 2708 988 2733 eum
1013 2696 1115 2733 Deus
1147 2694 1396 2742 omnipotens
1428 2692 1475 2730 ad
1506 2693 1578 2729 hoc
1608 2691 1737 2728 evexit
1765 2691 1880 2739 juxta
1910 2690 1994 2738 ejus

266 2764 390 2789 sacras
412 2752 558 2794 literas,
583 2756 628 2790 ut
652 2755 866 2792 secundum
890 2768 944 2800 ea,
969 2767 1067 2803 quae
1091 2756 1184 2791 sunt
1205 2754 1253 2790 ab
1275 2752 1509 2802 apostolicae
1532 2751 1633 2788 sedis
1649 2749 1870 2787 constituta
1883 2761 1995 2797 prae-

266 2811 433 2854 sulibus,
457 2812 535 2849 Deo
558 2816 713 2850 auctore
736 2817 775 2850 et
796 2826 914 2862 regno
937 2815 1022 2861 ejus
1044 2813 1256 2857 adnitente,
1293 2811 1544 2848 ecclesiarum
1565 2811 1605 2846 et
1625 2822 1698 2857 pax
1720 2810 1759 2846 et
1779 2808 1914 2845 unitas
1936 2807 1996 2844 his

264 2870 507 2918 temporibus
528 2871 744 2908 desiderata
764 2873 979 2920 proveniat.
1022 2872 1133 2916 Quod
1155 2872 1185 2908 si
1209 2883 1277 2908 vos
1298 2870 1478 2908 hortatus
1500 2868 1631 2912 fuerit,
1660 2869 1707 2905 ut
1728 2866 1997 2905 constantino-

265 2930 487 2978 politanum
508 2930 673 2968 videatis
695 2931 930 2979 episcopum,
965 2931 1145 2968 intimate
1166 2942 1234 2967 vos
1256 2929 1461 2978 praefinita
1482 2927 1634 2973 habere,
1668 2938 1767 2974 quae
1797 2926 1914 2963 etiam
1947 2925 1994 2961 ab

265 2989 322 3026 eis
345 3001 456 3038 saepe
480 2989 562 3026 sint
584 2990 750 3038 cognita,
775 3002 873 3038 quae
896 2990 942 3026 ab
966 2989 1160 3026 universis
1175 2988 1367 3038 episcopis
1383 2986 1612 3024 catholicam
1628 2985 1813 3023 unionem
1826 2984 1994 3032 amplec-

265 3048 443 3085 tentibus
473 3049 662 3098 professio
693 3049 832 3085 debeat
862 3048 1060 3086 celebrari.
1103 3048 1208 3085 Haec
1242 3047 1273 3084 si
1306 3046 1510 3095 episcopus
1545 3043 1997 3092 constantinopolitanus

267 3108 429 3155 implere
449 3110 609 3157 paratus
631 3110 701 3153 est,
725 3107 760 3145 ei
782 3109 985 3157 gratanter
1007 3107 1267 3151 occurrimus3
1301 3106 1334 3142 si
1354 3117 1445 3143 vero
1468 3104 1568 3142 sedis
1591 3102 1826 3152 apostolicae
1857 3101 1996 3138 adhor-

2169 883 2175 898 -
2164 636 2175 856 ———·—-—-—
