2175 3382
858 128 912 160 est
930 135 1059 169 corpus
1079 98 1228 159 Chri‘s'ssi.
1818 129 1903 171 ‘233

177 250 297 290 multa
319 251 446 298 habet,
463 251 592 287 omn-ia
614 254 739 286 autem
762 248 930 285 membra
953 248 1135 295 corporis,
1170 260 1254 284 cum
1276 249 1351 283 sint
1375 248 1505 293 multa,
1542 260 1658 284 unum
1680 253 1731 285 est
1753 260 1902 296 corpus,

177 313 232 349 ita
254 316 286 347 et
308 310 492 348 Christus.
536 309 623 346 Non
645 308 711 353 ait,
736 308 792 344 ita
813 309 852 344 et
873 306 1051 343 Christus
1074 308 1112 342 et
1134 317 1285 354 corpus,
1319 306 1386 343 sed
1408 318 1546 354 corpus
1577 319 1699 343 unum
1732 306 1904 344 membra

173 370 310 414 multa,
346 369 404 406 ita
424 371 464 406 et
486 368 671 406 Christus..
715 367 855 403 Totum
891 377 984 414 ergo
1007 365 1193 402 Christus.
1235 365 1286 401 Et
1313 364 1404 412 quia
1436 368 1562 402 totum
1595 365 1784 410 Christus,
1817 365 1903 403 ideo

176 433 294 478 caput
316 428 362 465 de
385 428 511 465 coelo:
545 426 670 474 Saule,
695 425 838 474 inquit,
862 424 990 471 Saule,
1023 425 1116 473 quid
1138 437 1194 460 me
1210 425 1452 472 persequeris
1475 422 1575 472 (Act.
1602 430 1636 466 9,
1663 426 1731 469 4)‘?
1762 425 1904 461 Tenete

173 489 245 526 hoc
266 491 305 525 et
326 487 445 524 fixum
468 485 628 523 omnino
649 483 916 522 commendate
938 483 1146 519 memoriae
1168 485 1370 530 tamquam
1393 482 1465 518 filii
1479 482 1759 519 ecclesiasticae
1773 483 1903 519 erudi—

170 547 288 584 tionis
310 549 350 583 et
371 545 461 582 fidei
484 544 705 585 catholicae,
728 546 775 580 ut
795 541 1014 591 agnoscatis
1036 542 1233 578 Christum
1259 545 1377 589 caput
1407 546 1447 578 et
1469 553 1621 589 corpus,
1655 542 1903 590 eundemque

175 606 370 645 Christum
394 603 564 641 Verbum
590 602 658 640 Dei
689 601 942 650 unigenitum
974 601 1175 648 aequalem
1198 600 1325 637 Patri:
1358 601 1399 637 et
1429 599 1518 636 inde
1550 599 1725 641 videatis,
1760 605 1905 647 quanta

174 665 301 714 gratia
320 662 554 712 pertingatis
577 662 624 699 ad
653 661 788 705 Deum,
812 662 857 697 ut
879 659 960 708 ipse
983 659 1156 696 voluerit
1177 671 1257 696 esse
1280 659 1481 696 nobiscum
1505 670 1620 696 unus,
1645 659 1713 706 qui
1736 663 1795 695 est
1819 671 1906 696 cum

174 725 288 761 Patre
310 726 452 759 unus<<

289 805 471 842 Libenter
494 815 584 840 vero
607 815 635 839 3.
659 802 794 840 doctor
816 802 886 839 hoc
910 801 1107 838 doctrinae
1130 804 1248 849 caput
1276 801 1449 848 exemplo
1484 813 1526 836 ex
1550 800 1718 836 humana
1740 800 1820 836 vita
1842 799 1905 836 de-

179 866 335 913 sumpto
356 863 542 900 illustrat.
587 862 656 906 „Si
678 872 768 911 ergo
791 861 858 898 ille
881 864 1009 909 caput,
1033 860 1165 908 inquit
1185 856 1226 911 ¹),
1250 872 1321 897 nos
1343 871 1495 908 corpus,
1519 871 1623 895 unus
1647 859 1758 895 homo
1780 858 1907 906 loqui-

178 926 258 968 tur,
281 923 366 960 sive
387 923 506 971 caput
527 922 724 969 loquatur,
749 920 829 957 sive
851 919 1036 962 membra,
1060 931 1163 956 unus
1186 919 1361 956 Christus
1379 919 1573 966 loquitur.
1615 918 1665 954 Et
1687 917 1823 965 capitis
1850 919 1910 954 est

175 982 378 1032 proprium
399 980 509 1029 loqui
533 981 648 1017 etiam
673 979 712 1016 in
736 992 901 1028 persona
922 978 1197 1015 membrorum.
1240 978 1367 1026 Ipsam
1391 980 1565 1013 nostram
1587 977 1908 1013 consuetudinem

178 1041 381 1079 advertite.
423 1041 469 1077 In
491 1042 660 1089 angusto
683 1039 758 1075 tibi
780 1038 916 1086 pedem
940 1038 1083 1086 aliquis
1106 1037 1239 1074 calcat.
1283 1037 1412 1074 calcas
1434 1048 1506 1079 me,
1535 1036 1631 1072 dicit
1653 1038 1780 1084 caput.
1813 1035 1907 1071 Vul-

173 1100 326 1138 neravit
346 1099 421 1137 tibi
452 1098 595 1147 aliquis
625 1110 796 1135 manum.
839 1097 1067 1134 Vulnerasti
1090 1109 1161 1141 me,
1185 1096 1281 1133 dicit
1303 1098 1430 1144 caput.
1473 1095 1599 1143 Caput
1630 1099 1744 1131 tuum
1774 1094 1909 1130 nullus

175 1159 320 1208 tetigit,
344 1158 410 1196 sed
432 1158 612 1206 loquitur
634 1156 768 1194 unitas
792 1155 1033 1205 compaginis
1049 1155 1221 1203 corporis
1234 1154 1307 1192 tui.
1343 1154 1527 1191 Omnium
1542 1154 1806 1190 membromm
1820 1165 1909 1190 suo-

177 1231 267 1256 rum
289 1230 497 1266 personam
519 1216 598 1262 illa,
622 1229 723 1264 quae
745 1216 787 1252 in
810 1216 933 1264 capite
957 1217 1025 1259 est,
1049 1215 1187 1263 lingua
1210 1213 1393 1262 suscepit,
1418 1213 1500 1261 ipsa
1513 1225 1582 1261 pro
1598 1213 1778 1249 omnibus
1793 1212 1910 1249 verbo

177 1277 370 1327 fungitur.
412 1276 474 1313 Sic
495 1288 587 1324 ergo
612 1275 818 1312 audiamus
841 1274 1038 1311 Christum
1062 1274 1300 1321 loquentem,
1335 1272 1400 1309 sed
1422 1272 1697 1320 unusquisque
1729 1274 1911 1320 agnoscat

178 1337 233 1373 ibi
254 1347 386 1374 vocem
411 1347 523 1372 suam
544 1338 745 1383 tamquam
768 1334 930 1370 haerens
964 1333 1005 1369 in
1028 1332 1173 1370 Christi
1206 1337 1403 1380 corpore«
1447 1331 1592 1368 Eodem
1625 1343 1743 1367 sensu
1774 1330 1911 1367 scribit

178 1408 206 1435 s.
229 1395 482 1432 Paulinus
506 1394 673 1431 nolanus
696 1405 754 1442 ep.
779 1399 830 1433 :35
855 1405 893 1429 n.
919 1399 963 1432 3:
990 1392 1077 1436 „Ab
1101 1391 1215 1428 initio
1238 1392 1458 1428 seculorum
1473 1390 1651 1427 Christus
1672 1390 1714 1426 in
1729 1389 1910 1426 omnibus

175 1455 256 1492 suis
276 1454 438 1503 patitur.
480 1454 569 1501 Ipse
592 1455 652 1489 est
675 1452 775 1489 enim
800 1452 959 1488 initium
981 1457 1019 1488 et
1042 1451 1139 1494 finis,
1173 1449 1242 1498 qui
1265 1450 1306 1486 in
1328 1451 1412 1499 lege
1435 1449 1601 1493 velatur,
1634 1449 1676 1485 in
1700 1448 1910 1497 Evangelio

173 1514 381 1558 revelatur,
405 1511 599 1549 mirabilis
622 1524 783 1560 semper,
807 1514 847 1548 et
868 1510 1023 1559 patiens
1047 1513 1087 1546 et
1108 1509 1358 1557 triumphans
1382 1510 1423 1544 in
1445 1508 1586 1545 sanctis
1604 1507 1684 1544 suis
1700 1507 1907 1548 Dominus:

172 1572 213 1609 in
235 1572 334 1609 Abel
355 1571 500 1609 occisus
533 1584 554 1607 a
575 1570 705 1615 fratre,
739 1570 780 1606 in
802 1570 884 1607 Noe*
915 1569 1050 1606 irrisus
1084 1582 1104 1605 a
1135 1568 1228 1612 filio,
1262 1568 1301 1604 in
1324 1567 1519 1604 Abraham
1552 1566 1835 1616 peregrinatus,
1869 1566 1910 1602 in

173 1632 277 1668 Isaac
299 1631 468 1673 oblatus,
493 1630 535 1667 in
556 1629 678 1667 Jacob
701 1629 922 1671 famulatus,
960 1629 1000 1665 in
1023 1628 1170 1676 Joseph
1192 1627 1387 1671 venditus,
1420 1626 1461 1663 in
1484 1627 1614 1674 Moyse
1637 1626 1837 1674 expositus
1871 1626 1910 1661 et

171 1690 342 1740 fugatus,
359 1690 405 1726 ⁴in
428 1689 630 1738 prophetis
654 1688 852 1737 lapidatus
875 1690 913 1725 et
937 1690 1076 1729 sectus,
1111 1687 1152 1723 in
1174 1686 1364 1735 apostolis
1396 1688 1503 1722 terra
1533 1685 1708 1732 marique
1735 1685 1907 1732 jactatus

173 1751 212 1786 et
233 1749 370 1786 multis
403 1761 445 1785 ac
477 1748 595 1785 variis
627 1748 833 1784 beatorum
866 1749 1085 1795 martyrum
1115 1745 1295 1782 crucibus
1329 1744 1370 1794 (f.
1392 1740 1647 1793 cruciatibus)
1681 1744 1906 1791 frequenter

172 1808 330 1845 occisus.
358 1807 468 1844 Idem
488 1806 614 1856 igitur
636 1806 753 1843 etiam
768 1818 871 1843 nunc
884 1804 1136 1842 infirmitates
1150 1807 1301 1840 nostras
1316 1806 1355 1841 et
1369 1803 1655 1852 aegritudinem
1670 1804 1830 1850 portans
1848 1833 1854 1839 .
1874 1834 1879 1840 .
1898 1832 1903 1837 .

171 1868 258 1915 Ipse
280 1869 320 1904 et
342 1867 383 1903 in
404 1869 443 1903 te
466 1865 620 1914 patitur
642 1865 852 1914 opprobria
873 1867 912 1902 et
933 1865 1061 1913 ipsum
1084 1863 1126 1900 in
1147 1866 1186 1900 16
1209 1863 1294 1900 odit
1314 1862 1375 1899 hic
1399 1861 1611 1899 mundus«

290 1945 377 1986 Imo
401 1947 446 1988 (l.
470 1945 704 1986 secundum
728 1932 1088 1996 Augustinum
1111 1942 1301 1984 Christus
1323 1942 1561 1994 adaequate
1576 1941 1743 1992 concipi
1768 1940 1910 1992 nequit

172 2017 262 2057 sine
285 2028 466 2069 corpore
489 2028 578 2061 3110,
603 2016 716 2068 quod
740 2020 803 2056 est
824 2015 1022 2056 Ecclesia.
1057 2013 1186 2065 „Cum
1209 2026 1321 2066 ergo,
1345 2012 1469 2053 infert
1491 2024 1624 2064 saepe
1647 2025 1677 2052 3.
1701 2012 1850 2052 doctor
1867 2011 1911 2066 2),

174 2087 226 2127 sit
248 2087 315 2128 ille
338 2092 467 2139 caput
487 2086 701 2128 Ecclesiae
725 2092 767 2127 et
789 2087 842 2127 sit
864 2099 1018 2138 corpus
1042 2086 1130 2138 ers
1146 2085 1345 2131 Ecclesia,
1368 2089 1481 2124 totus
1505 2082 1696 2124 Christus
1719 2086 1761 2123 et
1782 2086 1908 2133 caput

179 2162 219 2198 et
242 2170 397 2210 corpus
428 2162 512 2204 est;
545 2162 587 2198 et
618 2158 661 2197 in
683 2157 747 2201 Ps.
775 2160 856 2201 127
881 2170 918 2197 11.
944 2160 989 2201 3:
1028 2156 1132 2209 „Ipsi
1154 2156 1372 2196 christiani
1395 2167 1491 2195 cum
1514 2154 1651 2206 capite
1674 2165 1763 2201 suo,
1796 2152 1910 2205 quod

174 2228 363 2269 ascendit
384 2228 427 2268 in
449 2228 631 2277 coelum,
657 2240 765 2268 unus
789 2232 853 2268 est
875 2226 1085 2268 Christus:
1113 2239 1200 2266 non
1221 2226 1289 2267 ille
1310 2238 1420 2266 unus
1443 2229 1484 2265 et
1509 2237 1587 2264 nos
1610 2223 1742 2270 multi,
1773 2223 1849 2264 sed
1873 2227 1914 2263 et

174 2311 253 2339 nos
274 2298 392 2339 multi
414 2299 456 2339 in
478 2299 548 2340 illo
571 2312 655 2340 uno
679 2311 821 2339 unum.
865 2297 981 2339 Unus
1004 2309 1103 2349 ergo
1126 2297 1256 2337 homo
1280 2294 1469 2337 Christus
1493 2299 1619 2347 caput
1642 2299 1683 2335 et
1717 2303 1910 2346 corpus.“

322 2457 345 2499 ¹)
364 2454 406 2488 ln
423 2456 481 2490 Ps.
503 2459 570 2490 140
588 2468 623 2490 n.
642 2458 682 2490 3:
712 2459 755 2489 61.
786 2466 889 2489 serm.
910 2457 976 2490 361
996 2466 1031 2488 n.
1054 2458 1107 2493 14,
1136 2453 1200 2487 ubi
1227 2452 1272 2486 de
1298 2452 1367 2486 hoc
1395 2452 1561 2496 exemplo
1581 2454 1655 2486 ait:
1692 2452 1795 2491 ‚Jam
1815 2462 1914 2494 saepe

175 2507 346 2548 diximus,
364 2508 427 2541 sed
445 2509 534 2552 quia
551 2508 754 2542 similitudo
775 2510 860 2552 apta
880 2509 936 2541 est
954 2509 991 2540 et
1008 2516 1085 2540 rem
1104 2507 1195 2539 bene
1214 2505 1392 2546 insinuat,
1409 2506 1613 2549 repetenda
1633 2506 1721 2539 est.‘

323 2564 352 2604 2)
370 2562 483 2597 Serm.
506 2564 570 2596 137
589 2574 623 2595 n.
647 2566 684 2599 l:
705 2572 803 2595 enar.
823 2563 842 2593 2
862 2560 900 2593 in
919 2560 975 2594 Ps.
997 2562 1040 2594 18
1058 2572 1092 2593 11.
1115 2561 1175 2593 1οε
1214 2558 1283 2597 ‚Et
1308 2558 1418 2592 modo
1445 2570 1539 2592 unus
1557 2559 1666 2592 homo
1685 2559 1724 2592 in
1743 2558 1913 2592 omnibus

179 2613 353 2658 gentibus
372 2615 511 2658 linguis
530 2614 702 2648 omnibus
722 2614 897 2657 loquitur.
917 2624 1011 2646 unus
1031 2612 1139 2646 homo
1158 2614 1272 2656 caput
1289 2615 1326 2645 et
1345 2622 1487 2656 corpus,
1507 2623 1602 2645 unus
1622 2613 1729 2645 homo
1749 2610 1913 2644 Christus

175 2667 213 2701 et
229 2666 394 2700 Ecclesia,
409 2671 466 2701 vir
482 2667 689 2712 perfectus;
707 2668 770 2701 ille
785 2678 952 2710 sponsuS‚
968 2665 1033 2699 illa
1048 2676 1192 2709 sponsa.
1210 2666 1278 2699 Sed
1287 2670 1403 2708 erunt,
1417 2665 1550 2708 inquit,
1563 2666 1631 2698 duo
1642 2666 1678 2698 in
1689 2675 1794 2698 carne
1807 2675 1888 2696 una.
1899 2671 1910 2683 ‘

177 2719 316 2761 Quibus
332 2719 452 2754 verbis
471 2720 618 2766 (Matth.
639 2722 693 2761 19,
712 2723 744 2760 6)
773 2721 896 2753 citatis
924 2717 977 2752 ita
1004 2717 1239 2763 prosequitur
1265 2718 1303 2751 in
1333 2728 1430 2751 enar.
1450 2719 1470 2750 2
1497 2717 1535 2750 in
1556 2717 1611 2750 Ps.
1631 2720 1675 2751 30
1703 2729 1738 2749 n.
1756 2721 1795 2749 4:
1834 2715 1913 2753 ,fit

177 2783 262 2817 ergo
280 2774 472 2817 tamquam
491 2785 535 2807 ex
553 2773 697 2807 duobus
715 2784 788 2807 una
807 2772 990 2816 quaedam
1007 2781 1175 2816 persona,
1194 2781 1238 2805 ex
1257 2771 1380 2815 capite
1408 2772 1446 2804 et
1473 2780 1633 2813 corpore.
1664 2779 1705 2803 ex
1725 2778 1858 2812 sponso
1878 2769 1913 2800 et

179 2834 312 2869 sponsa
328 2850 337 2859 .
356 2852 365 2860 .
383 2852 392 2860 .
420 2826 458 2860 Si
475 2826 546 2859 duo
565 2827 605 2859 111
620 2836 727 2860 carne
745 2837 828 2866 una,
849 2836 915 2859 cur
933 2835 1007 2858 non
1026 2824 1097 2857 duo
1116 2826 1155 2857 in
1172 2834 1258 2858 voce
1275 2829 1375 2857 una?
1410 2823 1599 2866 Loquatur
1626 2832 1711 2866 ergo
1738 2821 1912 2854 Christus.

177 2879 265 2922 quia
280 2880 321 2912 in
338 2879 482 2914 Christo
502 2880 667 2923 loquitur
685 2879 856 2920 Ecclesia,
875 2882 912 2913 et
929 2879 968 2912 in
984 2877 1146 2911 Ecclesia
1160 2877 1325 2921 loquitur
1338 2876 1524 2915 Christus;
1543 2879 1580 2910 et
1594 2887 1724 2920 corpus
1739 2875 1777 2908 in
1793 2875 1912 2917 capite

179 2934 217 2966 et
233 2934 346 2976 caput
362 2933 402 2966 in
421 2943 581 2976 corpore.
601 2933 699 2966 Audi
717 2932 927 2977 apostolum
946 2932 1016 2964 hoc
1033 2931 1154 2974 ipsum
1179 2931 1385 2964 evidentius
1408 2930 1689 2974 exprimentem:
1710 2929 1806 2962 Sicut
1823 2928 1912 2960 enim

178 2997 306 3029 eorpus
322 2997 432 3020 unum
450 2991 497 3020 est
515 2991 547 3020 et
564 2987 719 3020 membra
736 2987 837 3020 habet
850 2986 972 3027 multa,
987 2986 1105 3018 omnia
1119 2988 1236 3017 autem
1252 2985 1408 3017 membra
1424 2984 1596 3026 corporis,
1618 2993 1695 3015 cum
1709 2983 1780 3015 sint
1793 2981 1911 3013 multa.

178 3050 289 3073 ‘unum
306 3043 356 3073 est
372 3050 510 3083 corpus,
528 3040 578 3073 sic
595 3045 624 3073 et
644 3040 804 3073 Christus
822 3043 866 3078 11.
886 3038 965 3074 Cor.
988 3039 1040 3070 12.
1062 3040 1128 3077 12).
1147 3037 1315 3080 Loquens
1335 3037 1379 3070 de
1397 3036 1572 3070 membris
1598 3034 1743 3071 Christi,
1767 3034 1834 3066 hoc
1858 3036 1912 3066 est

181 3092 224 3125 de
242 3090 425 3132 fidelibus,
444 3102 520 3125 non
539 3093 602 3132 ait,
621 3092 672 3125 sic
690 3092 727 3125 et
744 3091 908 3125 membra
927 3090 1072 3131 Christi,
1093 3090 1156 3124 sed
1174 3090 1296 3124 totum
1313 3090 1384 3123 hoc
1403 3088 1500 3133 quod
1528 3087 1634 3127 dixit,
1651 3086 1833 3121 Christum
1852 3095 1911 3128 ap-
