2175 3382
866 137 900 171 S.
918 137 1078 171 Thomae
1097 139 1327 172 auctoritate.
1883 144 1968 186 155

230 261 352 299 luisse
374 260 596 310 opinionem
618 261 801 298 adversus
822 262 993 298 veterem
1015 260 1187 297 scholam
1212 262 1252 297 et
1273 260 1460 298 adversus
1482 262 1698 299 doctrinam
1721 274 1963 300 summorum

230 320 389 357 illorum
410 319 625 365 doctorum,
649 331 746 368 quos
768 321 928 368 propter
951 319 1221 356 admirabilem
1242 332 1376 356 eorum
1392 320 1626 368 sapientiam
1640 323 1679 357 et
1693 321 1797 358 vitae
1819 322 1963 359 sancti·

229 380 353 416 tatem
374 378 607 416 universalis
627 382 839 416 veneratur
859 378 1042 418 Ecclesia.
1087 377 1171 422 Qua
1193 378 1288 415 falsa
1310 378 1494 427 opinione
1517 379 1638 427 ipsius
1660 380 1851 417 Ecclesiae
1873 393 1964 417 auc-

229 437 403 475 toritatis
424 438 467 474 in
498 437 706 475 discrimen
729 440 897 483 vocatur,
931 437 1246 486 quandoquidem
1268 437 1353 486 ipsa
1373 437 1544 475 Ecclesia
1566 450 1643 474 non
1667 439 1793 475 solum
1815 451 1884 487 per
1905 442 1964 476 tot

230 496 472 534 continentia
501 497 631 534 secula
660 496 848 545 permisit,
880 499 927 534 ut
956 509 1002 534 ex
1032 496 1243 534 eorundem
1275 496 1479 534 doctorum
1502 497 1695 542 methodo,
1728 500 1768 534 et
1789 510 1834 534 ex
1855 497 1965 546 prin—

230 555 339 604 cipiis
369 556 566 593 communi
596 555 771 593 omnium
794 555 1074 593 catholicarum
1097 555 1316 593 scholarum
1349 567 1542 593 consensu
1566 556 1724 593 sancitis
1745 557 1965 605 theologica

229 614 470 652 excoleretur
499 614 675 660 scientia,
716 626 851 651 verum
889 615 1005 652 etiam
1037 614 1262 663 saepissime
1297 615 1460 651 summis
1492 614 1674 652 laudibus
1706 615 1964 664 theologicam

229 685 364 711 eorum
385 673 600 710 doctrinam
623 674 777 718 extulit,
810 674 998 722 illamque
1019 673 1146 711 veluti
1167 673 1427 710 fortissimum
1450 673 1540 710 fidei
1563 674 1903 722 propugnaculum
1927 679 1964 711 et

228 732 473 770 formidanda
492 734 627 770 contra
649 743 741 770 suos
763 733 940 770 inimicos
961 746 1068 770 arma
1088 732 1342 770 vehementer
1363 732 1663 769 commendavit.
1676 738 1693 755 «

346 788 390 831 4.
414 792 509 829 Cum
531 791 716 829 connexio
731 791 836 829 inter
850 792 998 829 scholas
1013 794 1052 828 et
1065 791 1261 829 Ecclesiae
1275 791 1546 840 magisterium
1560 792 1676 841 longe
1690 791 1812 829 fuerit
1826 793 1969 829 arctior

231 853 322 888 ante
351 863 455 888 conc.
477 850 751 896 tridentinum,
783 864 900 899 quam
931 853 1020 899 post
1050 850 1151 888 illud
1175 848 1304 901 (lapsu
1325 850 1429 888 enim
1451 851 1638 899 temporis
1660 851 1795 899 plures
1817 851 1968 888 scholae

229 910 478 959 theologicae,
500 909 730 958 praesertim
754 910 794 946 in
817 910 1033 955 academiis,
1065 909 1113 946 ab
1134 909 1287 946 influxu
1309 912 1349 947 et
1371 909 1583 947 directione
1605 912 1812 959 pastorum
1833 910 1965 947 Eccle-

230 968 310 1006 siae
331 981 372 1006 se
395 966 731 1020 emanciparunt):
754 969 915 1006 illarum
937 969 1172 1018 conspiratio
1197 971 1288 1006 ante
1312 969 1412 1005 illud
1435 969 1562 1006 tutius
1584 971 1643 1006 est
1663 969 1968 1018 praedicationis

229 1028 512 1065 ecclesiasticae
533 1030 574 1065 et
594 1027 819 1065 traditionis
840 1028 1052 1073 criterium,
1077 1041 1196 1076 quam
1216 1028 1490 1077 theologorum
1517 1040 1727 1065 consensus
1752 1028 1965 1077 postillud.

229 1087 405 1136 quamvis
427 1099 555 1135 neque
577 1087 681 1124 hunc
703 1088 849 1124 temere
871 1087 987 1124 liceat
1009 1099 1202 1136 spernere.

347 1144 390 1186 5.
414 1146 455 1183 Si
476 1146 693 1195 propositio
725 1148 765 1183 et
795 1146 976 1183 deductio
1008 1146 1175 1194 alicujus
1204 1146 1446 1195 theologicae
1470 1146 1668 1183 doctrinae
1701 1147 1742 1183 in
1765 1147 1966 1196 theologo-

228 1218 317 1242 rum
346 1205 502 1254 scriptis
531 1207 617 1242 rata
647 1208 686 1242 et
715 1205 892 1242 unanimi
926 1205 1123 1242 sententia
1153 1205 1361 1242 exhibetur
1382 1207 1428 1242 ut
1448 1218 1540 1242 vera
1563 1218 1605 1242 ac
1626 1205 1817 1255 legitima,
1851 1206 1898 1243 ab
1922 1218 1964 1243 ea

228 1264 312 1301 sine
341 1264 576 1302 temeritatis
607 1264 745 1302 saltem
775 1266 868 1301 nota
897 1264 955 1302 fas
986 1277 1066 1302 non
1097 1266 1158 1301 est
1188 1264 1420 1309 dissentire;
1466 1264 1560 1313 quia
1592 1265 1685 1302 talis
1718 1265 1963 1303 consentiens

228 1323 440 1361 auctoritas
470 1326 510 1361 et
530 1336 600 1372 per
621 1336 661 1360 se
682 1324 707 1364 i,
722 1336 752 1360 e.
767 1324 830 1361 vel
851 1324 1065 1361 secundum
1087 1336 1200 1361 sanae
1231 1322 1396 1360 rationis
1419 1324 1610 1372 principia
1641 1324 1868 1373 gravissima
1891 1326 1965 1361 est.

229 1384 270 1419 et
289 1382 338 1420 ab
350 1382 522 1420 Ecclesia
542 1383 673 1432 magni
695 1383 740 1420 fit
761 1385 800 1420 et
821 1385 1021 1431 tamquam
1045 1383 1283 1420 elementum
1307 1383 1463 1431 aliquod
1479 1383 1647 1420 habetur
1658 1383 1965 1432 praeparationis

228 1441 275 1478 ad
297 1442 492 1479 solemnes
515 1441 772 1480 definitiones.

346 1499 390 1541 6.
414 1499 577 1545 Quando
599 1501 828 1549 opinionum
851 1501 1060 1539 diversitas
1082 1503 1141 1538 est
1161 1502 1266 1538 inter
1287 1514 1424 1550 graves
1446 1502 1661 1550 theologos,
1686 1514 1730 1538 ex
1753 1502 1835 1538 sola
1853 1501 1965 1538 theo-

227 1560 409 1609 logorum
438 1560 672 1597 auctoritate
704 1561 900 1598 certitudo
931 1561 1144 1609 comparari
1176 1573 1256 1597 non
1289 1562 1435 1608 potest:
1469 1560 1535 1597 sed
1559 1560 1741 1597 omnibus
1762 1561 1966 1608 perpensis

228 1619 441 1656 secundum
471 1619 643 1656 rationes
678 1632 723 1656 ex
744 1619 975 1669 theologicis
999 1619 1174 1656 fontibus
1197 1619 1382 1656 deductas
1406 1620 1659 1656 statuendum
1683 1626 1752 1659 est.
1776 1619 1872 1667 quid
1896 1632 1961 1656 ve-

227 1691 326 1722 rum,
349 1679 420 1715 aut
440 1678 537 1726 quid
558 1691 650 1715 vero
673 1679 842 1716 similius
864 1679 917 1715 sit
938 1678 1185 1716 censendum.

351 1743 443 1777 139.
467 1734 710 1778 Scholion.
743 1737 779 1774 S.
816 1738 981 1774 leomae
1012 1739 1231 1775 auctoritas.
1263 1759 1321 1764 ——
1351 1738 1462 1774 Inter
1494 1738 1561 1775 hos
1595 1740 1726 1774 autem
1756 1737 1964 1786 theologos

230 1795 399 1833 eminere
421 1808 451 1833 s.
469 1796 614 1834 Thom
629 1809 720 1841 am,
743 1797 854 1844 cujus
875 1796 1016 1834 idcirco
1039 1797 1268 1846 gravissima
1290 1797 1330 1833 in
1352 1809 1393 1833 re
1414 1797 1634 1846 theologica
1655 1798 1715 1834 est
1739 1796 1966 1840 auctoritas,

229 1867 343 1892 nemo
364 1856 434 1899 est,
458 1855 527 1903 qui
550 1855 717 1901 dubitet,
740 1855 772 1892 si
794 1855 973 1893 attendat

351 1912 389 1954 l.
412 1914 460 1951 ad
482 1914 724 1959 concilia,
757 1927 858 1962 quae
888 1914 1094 1951 maximam
1126 1914 1169 1951 in
1199 1914 1289 1952 fidei
1319 1914 1485 1951 decretis
1517 1914 1707 1952 rationem
1743 1914 1967 1951 habuerunt

230 1973 315 2021 ejus
347 1966 557 2017 doctrinae,
590 1973 819 2021 praesertim
850 1973 897 2010 ad
929 1985 1032 2010 conc.
1072 1973 1442 2017 tridentinum,
1478 1973 1519 2010 in
1551 1974 1663 2022 cujus
1694 1973 1783 2010 aula
1812 1976 1969 2022 praeter

231 2032 471 2080 Scripturam
493 2032 803 2081 pontificumque
824 2032 1123 2070 constitutiones
1145 2033 1346 2082 propOsita
1367 2034 1451 2069 erat
1473 2033 1596 2081 ipsius
1620 2044 1795 2076 summa3

347 2090 391 2131 2.
414 2091 461 2128 ad
483 2091 784 2129 declarationem
807 2091 857 2128 Pi
871 2092 883 2128 i
898 2091 953 2136 V.‚
977 2091 1046 2140 qui
1068 2104 1156 2128 eum
1171 2092 1364 2129 Ecclesiae
1387 2092 1611 2129 doctoribus
1633 2094 1819 2137 accenset,
1839 2104 1966 2140 „quo-

229 2149 334 2187 niam
355 2143 637 2199 omnipotentis
660 2142 729 2188 Dei
759 2150 1007 2200 providentia
1027 2151 1173 2188 factum
1195 2153 1265 2196 est,
1293 2152 1340 2188 ut
1361 2151 1527 2200 angelici
1549 2151 1719 2188 doctoris
1741 2151 1781 2187 vi
1802 2152 1842 2188 et
1864 2151 1968 2187 veri-

229 2210 310 2246 tate
341 2209 543 2246 doctrinae
565 2239 573 2246 .
598 2238 605 2245 .
629 2239 636 2246 .
658 2210 817 2254 multae,
850 2222 950 2258 quae
981 2210 1162 2258 deinceps
1194 2213 1347 2247 exortae
1378 2212 1482 2254 sunt,
1515 2210 1692 2247 haereses
1720 2209 1902 2247 confusae
1927 2211 1965 2246 et

230 2268 428 2306 convictae
450 2268 737 2317 dissiparentur
749 2283 757 2313 ;
769 2274 787 2292 «

349 2325 389 2367 3.
411 2327 459 2364 ad
481 2329 541 2365 tot
562 2328 877 2376 pontificum
899 2341 920 2365 a
939 2328 1089 2365 Joanne
1104 2327 1221 2367 XXII.
1243 2328 1291 2364 ad
1305 2328 1471 2365 Leonem
1485 2327 1587 2365 XIII.
1602 2340 1727 2376 usque
1748 2328 1966 2377 praeconia.

231 2386 374 2435 quibus
395 2399 487 2424 enm
508 2387 705 2424 extollunt
726 2389 766 2424 et
786 2387 1060 2424 commendant
1080 2389 1241 2436 propter
1262 2386 1463 2424 doctrinae
1477 2386 1694 2435 puritatem
1708 2389 1748 2424 et
1762 2388 1965 2435 praestan-

229 2447 337 2490 tiam,
360 2458 479 2494 quam
502 2445 661 2494 speciali
685 2446 755 2483 Dei
777 2446 999 2483 charismati
1023 2446 1240 2483 adscribere
1262 2446 1366 2483 haud
1391 2445 1594 2491 dubitant;

348 2500 392 2544 4.
414 2504 463 2541 ad
483 2506 543 2541 tot
564 2504 871 2549 academias,
909 2505 950 2541 in
971 2504 1116 2553 quibus
1138 2507 1340 2552 tamquam
1362 2505 1402 2541 in
1424 2517 1493 2542 suo
1515 2517 1636 2554 regno
1659 2504 1836 2542 consedit
1857 2504 1966 2552 prin-

232 2575 330 2612 ceps,
353 2565 394 2600 et
414 2563 570 2601 ordines
591 2563 806 2612 religiosos,
830 2563 899 2612 qui
921 2575 1009 2600 eum
1031 2564 1116 2601 viae
1137 2563 1274 2600 ducem
1297 2576 1490 2612 sanaeque
1513 2563 1712 2601 doctrinae
1727 2563 1963 2612 magistrum

231 2623 446 2671 elegerunt,
481 2623 642 2670 suisque
663 2622 1013 2671 praescripserunt,
1044 2625 1091 2660 ut
1112 2624 1195 2672 ejus
1217 2623 1437 2660 doctrinam
1458 2623 1500 2660 in
1521 2623 1659 2672 primis
1683 2624 1965 2670 sequerentur:

348 2679 390 2722 5.
412 2681 461 2718 ad
490 2682 717 2719 innumeros
738 2682 842 2719 viros
874 2682 1068 2727 doctos,
1101 2682 1170 2730 qui
1192 2694 1231 2719 se
1257 2683 1341 2730 ejus
1365 2682 1576 2730 discipulos
1599 2682 1844 2731 profitentur,
1880 2682 1967 2728 ejus

231 2740 455 2790 magisterio
476 2740 708 2790 gloriantur,
732 2740 964 2778 auctoritate
986 2742 1158 2778 utuntur
1179 2743 1296 2789 atque
1318 2741 1359 2778 in
1382 2753 1425 2778 ea
1447 2741 1753 2789 conquiescunt;

347 2796 389 2839 6.
422 2799 471 2836 ad
505 2800 721 2848 praxim,
762 2812 840 2848 qua
877 2800 960 2847 ejus
992 2811 1144 2837 summa
1173 2800 1215 2836 in
1246 2800 1453 2846 acader-niis
1485 2799 1706 2848 scholisque
1736 2811 1806 2848 per
1836 2798 1964 2834 secula

231 2858 540 2907 praelegebaimr,
564 2858 842 2906 explicabatur,
866 2871 1002 2906 DQ
1023 2861 1107 2895 erat
1127 2858 1395 2896 institutionis
1409 2849 1661 2907 theologiffia
1685 2858 1809 2902 Quare
1824 2856 1965 2892 merito

232 2916 309 2953 dici
329 2919 469 2964 potest,
492 2916 660 2954 'rhomae
694 2929 758 2955 ore
793 2917 902 2966 loqui
922 2917 1158 2966 theologiam
1180 2918 1458 2963 scholasticam,
1487 2917 1565 2955 imo
1588 2916 1822 2954 catholicum
1845 2915 1962 2951 intel—

232 2976 390 3024 lectum,
411 2987 455 3013 ac
475 2978 679 3024 propterea
700 2988 776 3021 eos,
801 2976 869 3024 qui
891 2976 975 3024 ejus
996 2976 1231 3013 sententiam
1253 2979 1475 3025 sequuntur
1496 2973 1645 3027 (paucis
1668 2973 1962 3023 quaestionibus

227 3034 309 3081 jam
329 3033 433 3071 notis
453 3034 655 3083 exceptis),
678 3047 756 3072 non
777 3035 1000 3072 deviaturos
1022 3046 1105 3072 esse
1126 3035 1169 3072 in
1191 3035 1393 3084 opiniones
1416 3048 1438 3072 a
1459 3047 1573 3072 sensu
1595 3033 1781 3071 catholico
1801 3032 1963 3068 alienas.

233 3093 299 3129 sed
321 3093 454 3141 potius
475 3095 690 3131 sectaturos
713 3105 798 3131 esse
820 3093 1022 3142 opiniones
1045 3105 1170 3140 sanas,
1192 3094 1428 3143 probabi-les,
1452 3094 1493 3130 in
1514 3092 1687 3130 Ecclesia
1702 3089 1964 3129 communiter
