<?xml version="1.0" encoding="UTF-8"?>
<!DOCTYPE html PUBLIC "-//W3C//DTD XHTML 1.0 Transitional//EN"
    "http://www.w3.org/TR/xhtml1/DTD/xhtml1-transitional.dtd">
<html xmlns="http://www.w3.org/1999/xhtml" xml:lang="en" lang="en">
 <head>
  <title>
</title>
<meta http-equiv="Content-Type" content="text/html;charset=utf-8" />
  <meta name='ocr-system' content='tesseract 3.04.00' />
  <meta name='ocr-capabilities' content='ocr_page ocr_carea ocr_par ocr_line ocrx_word'/>
</head>
<body>
  <div class='ocr_page' id='page_1' title='image "./theologiaedogmat01hurt/theologiaedogmat01hurt_0093.png"; bbox 0 0 2175 3382; ppageno 0'>
   <div class='ocr_carea' id='block_1_1' title="bbox 678 135 1927 192">
    <p class='ocr_par' dir='ltr' id='par_1_1' title="bbox 678 135 1927 192">
     <span class='ocr_line' id='line_1_1' title="bbox 678 135 1927 192; baseline 0.007 -24"><span class='ocrx_word' id='word_1_1' title='bbox 678 135 871 169; x_wconf 75' lang='lat' dir='ltr'>rescissum</span> <span class='ocrx_word' id='word_1_2' title='bbox 890 146 1099 180; x_wconf 81' lang='lat' dir='ltr'>novumque</span> <span class='ocrx_word' id='word_1_3' title='bbox 1119 137 1358 172; x_wconf 57' lang='lat' dir='ltr'>substitutum</span> <span class='ocrx_word' id='word_1_4' title='bbox 1378 145 1442 174; x_wconf 83' lang='lat' dir='ltr'>est.</span> <span class='ocrx_word' id='word_1_5' title='bbox 1871 149 1927 192; x_wconf 76' lang='lat'>83</span> 
     </span>
    </p>
   </div>
   <div class='ocr_carea' id='block_1_2' title="bbox 191 254 1927 2573">
    <p class='ocr_par' dir='ltr' id='par_1_2' title="bbox 191 254 1926 664">
     <span class='ocr_line' id='line_1_2' title="bbox 315 254 1926 317; baseline 0.006 -21"><span class='ocrx_word' id='word_1_6' title='bbox 315 255 380 296; x_wconf 76' lang='lat'>72.</span> <span class='ocrx_word' id='word_1_7' title='bbox 404 254 765 297; x_wconf 78' lang='lat' dir='ltr'>Demonstratio</span> <span class='ocrx_word' id='word_1_8' title='bbox 807 267 850 308; x_wconf 89' lang='lat' dir='ltr'>p.</span> <span class='ocrx_word' id='word_1_9' title='bbox 892 255 958 296; x_wconf 82' lang='grc' dir='ltr'>ΙΙ.</span> <span class='ocrx_word' id='word_1_10' title='bbox 1003 254 1213 296; x_wconf 80' lang='lat' dir='ltr'>Rescissio</span> <span class='ocrx_word' id='word_1_11' title='bbox 1255 260 1407 297; x_wconf 71' lang='lat' dir='ltr'>veteris</span> <span class='ocrx_word' id='word_1_12' title='bbox 1447 259 1705 302; x_wconf 79' lang='lat' dir='ltr'>Testamenti</span> <span class='ocrx_word' id='word_1_13' title='bbox 1745 264 1926 317; x_wconf 78' lang='lat' dir='ltr'>novique</span> 
     </span>
     <span class='ocr_line' id='line_1_3' title="bbox 195 323 1925 387; baseline 0.005 -21"><span class='ocrx_word' id='word_1_14' title='bbox 195 330 370 366; x_wconf 80' lang='lat' dir='ltr'>auctore</span> <span class='ocrx_word' id='word_1_15' title='bbox 393 324 547 366; x_wconf 85' lang='lat' dir='ltr'>Messia</span> <span class='ocrx_word' id='word_1_16' title='bbox 578 323 821 365; x_wconf 83' lang='lat' dir='ltr'>substitutio</span> <span class='ocrx_word' id='word_1_17' title='bbox 850 325 1069 376; x_wconf 84' lang='lat' dir='ltr'>praedicta</span> <span class='ocrx_word' id='word_1_18' title='bbox 1101 325 1177 366; x_wconf 86' lang='lat' dir='ltr'>fuit</span> <span class='ocrx_word' id='word_1_19' title='bbox 1197 325 1277 366; x_wconf 87' lang='lat' dir='ltr'>Jer.</span> <span class='ocrx_word' id='word_1_20' title='bbox 1302 330 1368 376; x_wconf 79' lang='lat'>31,</span> <span class='ocrx_word' id='word_1_21' title='bbox 1393 331 1466 371; x_wconf 74' lang='lat'>31:</span> <span class='ocrx_word' id='word_1_22' title='bbox 1500 333 1609 371; x_wconf 78' lang='lat' dir='ltr'>Ecce</span> <span class='ocrx_word' id='word_1_23' title='bbox 1641 332 1725 373; x_wconf 73' lang='lat' dir='ltr'>dies</span> <span class='ocrx_word' id='word_1_24' title='bbox 1756 335 1925 387; x_wconf 64' lang='lat' dir='ltr'>venient,</span> 
     </span>
     <span class='ocr_line' id='line_1_4' title="bbox 194 395 1924 453; baseline 0.005 -17"><span class='ocrx_word' id='word_1_25' title='bbox 194 396 294 436; x_wconf 67' lang='lat' dir='ltr'>(licit</span> <span class='ocrx_word' id='word_1_26' title='bbox 316 395 536 450; x_wconf 72' lang='lat' dir='ltr'>Dominus,</span> <span class='ocrx_word' id='word_1_27' title='bbox 559 400 594 437; x_wconf 76' lang='lat' dir='ltr'>et</span> <span class='ocrx_word' id='word_1_28' title='bbox 616 396 767 450; x_wconf 76' lang='lat' dir='ltr'>feriam</span> <span class='ocrx_word' id='word_1_29' title='bbox 801 397 942 437; x_wconf 78' lang='lat' dir='ltr'>domui</span> <span class='ocrx_word' id='word_1_30' title='bbox 964 396 1099 438; x_wconf 77' lang='lat' dir='ltr'>Israel</span> <span class='ocrx_word' id='word_1_31' title='bbox 1121 404 1155 437; x_wconf 75' lang='lat' dir='ltr'>et</span> <span class='ocrx_word' id='word_1_32' title='bbox 1178 398 1317 438; x_wconf 71' lang='lat' dir='ltr'>domui</span> <span class='ocrx_word' id='word_1_33' title='bbox 1339 398 1455 440; x_wconf 70' lang='lat' dir='ltr'>Jucla</span> <span class='ocrx_word' id='word_1_34' title='bbox 1478 401 1621 453; x_wconf 75' lang='lat' dir='ltr'>foedus</span> <span class='ocrx_word' id='word_1_35' title='bbox 1646 416 1814 442; x_wconf 70' lang='lat' dir='ltr'>nortem:</span> <span class='ocrx_word' id='word_1_36' title='bbox 1847 419 1924 446; x_wconf 75' lang='lat' dir='ltr'>non</span> 
     </span>
     <span class='ocr_line' id='line_1_5' title="bbox 193 467 1926 526; baseline 0.005 -20"><span class='ocrx_word' id='word_1_37' title='bbox 193 467 413 507; x_wconf 75' lang='lat' dir='ltr'>secundum</span> <span class='ocrx_word' id='word_1_38' title='bbox 434 471 603 521; x_wconf 72' lang='lat' dir='ltr'>pactum</span> <span class='ocrx_word' id='word_1_39' title='bbox 628 468 736 522; x_wconf 76' lang='lat' dir='ltr'>quod</span> <span class='ocrx_word' id='word_1_40' title='bbox 754 468 896 521; x_wconf 72' lang='lat' dir='ltr'>pepiqi</span> <span class='ocrx_word' id='word_1_41' title='bbox 919 481 1007 507; x_wconf 75' lang='lat' dir='ltr'>cum</span> <span class='ocrx_word' id='word_1_42' title='bbox 1026 467 1223 521; x_wconf 75' lang='lat' dir='ltr'>patribus</span> <span class='ocrx_word' id='word_1_43' title='bbox 1244 482 1396 513; x_wconf 69' lang='lat' dir='ltr'>eorum,</span> <span class='ocrx_word' id='word_1_44' title='bbox 1422 471 1463 509; x_wconf 79' lang='lat' dir='ltr'>in</span> <span class='ocrx_word' id='word_1_45' title='bbox 1487 471 1552 510; x_wconf 71' lang='lat' dir='ltr'>(lie</span> <span class='ocrx_word' id='word_1_46' title='bbox 1573 485 1652 525; x_wconf 72' lang='lat' dir='ltr'>qua</span> <span class='ocrx_word' id='word_1_47' title='bbox 1674 474 1926 526; x_wconf 76' lang='lat' dir='ltr'>apprehendi</span> 
     </span>
     <span class='ocr_line' id='line_1_6' title="bbox 192 538 1924 595; baseline 0.005 -19"><span class='ocrx_word' id='word_1_48' title='bbox 192 550 363 579; x_wconf 76' lang='lat' dir='ltr'>manum</span> <span class='ocrx_word' id='word_1_49' title='bbox 396 551 549 591; x_wconf 56' lang='lat' dir='ltr'>eorum)</span> <span class='ocrx_word' id='word_1_50' title='bbox 584 542 625 578; x_wconf 70' lang='lat' dir='ltr'>ut</span> <span class='ocrx_word' id='word_1_51' title='bbox 657 538 863 579; x_wconf 77' lang='lat' dir='ltr'><em>educerem</em></span> <span class='ocrx_word' id='word_1_52' title='bbox 896 551 961 578; x_wconf 79' lang='lat' dir='ltr'>eos</span> <span class='ocrx_word' id='word_1_53' title='bbox 992 539 1044 578; x_wconf 78' lang='lat' dir='ltr'>(le</span> <span class='ocrx_word' id='word_1_54' title='bbox 1074 542 1186 579; x_wconf 78' lang='lat' dir='ltr'>terra</span> <span class='ocrx_word' id='word_1_55' title='bbox 1209 540 1400 595; x_wconf 58' lang='lat' dir='ltr'>Aeyygffi,</span> <span class='ocrx_word' id='word_1_56' title='bbox 1424 545 1594 594; x_wconf 75' lang='lat' dir='ltr'>paetum</span> <span class='ocrx_word' id='word_1_57' title='bbox 1631 544 1737 595; x_wconf 72' lang='lat' dir='ltr'>quod</span> <span class='ocrx_word' id='word_1_58' title='bbox 1761 545 1924 585; x_wconf 77' lang='lat' dir='ltr'>irritum</span> 
     </span>
     <span class='ocr_line' id='line_1_7' title="bbox 191 607 1812 664; baseline 0.003 -16"><span class='ocrx_word' id='word_1_59' title='bbox 191 609 378 661; x_wconf 75' lang='lat' dir='ltr'>fecerunt</span> <span class='ocrx_word' id='word_1_60' title='bbox 401 613 477 648; x_wconf 91' lang='lat' dir='ltr'>etc.</span> <span class='ocrx_word' id='word_1_61' title='bbox 521 607 755 660; x_wconf 88' lang='lat' dir='ltr'>Utrumque</span> <span class='ocrx_word' id='word_1_62' title='bbox 778 608 1054 660; x_wconf 88' lang='lat' dir='ltr'>adimpletum</span> <span class='ocrx_word' id='word_1_63' title='bbox 1078 609 1163 657; x_wconf 81' lang='lat' dir='ltr'>fuit,</span> <span class='ocrx_word' id='word_1_64' title='bbox 1186 615 1232 649; x_wconf 89' lang='lat' dir='ltr'>ut</span> <span class='ocrx_word' id='word_1_65' title='bbox 1253 615 1370 661; x_wconf 85' lang='lat' dir='ltr'>patet</span> <span class='ocrx_word' id='word_1_66' title='bbox 1392 616 1555 651; x_wconf 74' lang='lat' dir='ltr'>eventu.</span> <span class='ocrx_word' id='word_1_67' title='bbox 1599 611 1812 664; x_wconf 78' lang='lat' dir='ltr'>Siquidem</span> 
     </span>
    </p>

    <p class='ocr_par' dir='ltr' id='par_1_3' title="bbox 193 679 1927 1441">
     <span class='ocr_line' id='line_1_8' title="bbox 314 679 1925 735; baseline 0.002 -13"><span class='ocrx_word' id='word_1_68' title='bbox 314 680 354 722; x_wconf 90' lang='lat'>1.</span> <span class='ocrx_word' id='word_1_69' title='bbox 379 679 631 730; x_wconf 79' lang='lat' dir='ltr'>abrogatum</span> <span class='ocrx_word' id='word_1_70' title='bbox 664 684 727 720; x_wconf 87' lang='lat' dir='ltr'>est</span> <span class='ocrx_word' id='word_1_71' title='bbox 758 680 1134 721; x_wconf 76' lang='lat' dir='ltr'>sacerdotium</span> <span class='ocrx_word' id='word_1_72' title='bbox 1167 681 1379 721; x_wconf 89' lang='lat' dir='ltr'>leviticum</span> <span class='ocrx_word' id='word_1_73' title='bbox 1411 694 1497 722; x_wconf 91' lang='lat' dir='ltr'>non</span> <span class='ocrx_word' id='word_1_74' title='bbox 1528 688 1691 724; x_wconf 89' lang='lat' dir='ltr'>tantum</span> <span class='ocrx_word' id='word_1_75' title='bbox 1719 684 1770 725; x_wconf 91' lang='lat' dir='ltr'>de</span> <span class='ocrx_word' id='word_1_76' title='bbox 1801 685 1925 735; x_wconf 84' lang='lat' dir='ltr'>facto,</span> 
     </span>
     <span class='ocr_line' id='line_1_9' title="bbox 193 749 1927 805; baseline 0.003 -15"><span class='ocrx_word' id='word_1_77' title='bbox 193 749 268 790; x_wconf 90' lang='lat' dir='ltr'>sed</span> <span class='ocrx_word' id='word_1_78' title='bbox 291 749 349 790; x_wconf 85' lang='lat' dir='ltr'>ita</span> <span class='ocrx_word' id='word_1_79' title='bbox 383 750 586 791; x_wconf 79' lang='lat' dir='ltr'>radicitus</span> <span class='ocrx_word' id='word_1_80' title='bbox 621 755 686 791; x_wconf 92' lang='lat' dir='ltr'>est</span> <span class='ocrx_word' id='word_1_81' title='bbox 709 751 975 799; x_wconf 78' lang='lat' dir='ltr'>exstinctum,</span> <span class='ocrx_word' id='word_1_82' title='bbox 1007 755 1053 791; x_wconf 88' lang='lat' dir='ltr'>ut</span> <span class='ocrx_word' id='word_1_83' title='bbox 1074 752 1237 792; x_wconf 88' lang='lat' dir='ltr'>restitui</span> <span class='ocrx_word' id='word_1_84' title='bbox 1260 752 1437 804; x_wconf 87' lang='lat' dir='ltr'>amplius</span> <span class='ocrx_word' id='word_1_85' title='bbox 1460 766 1546 794; x_wconf 89' lang='lat' dir='ltr'>non</span> <span class='ocrx_word' id='word_1_86' title='bbox 1568 754 1711 805; x_wconf 86' lang='lat' dir='ltr'>possit.</span> <span class='ocrx_word' id='word_1_87' title='bbox 1753 754 1859 796; x_wconf 90' lang='lat' dir='ltr'>Nam</span> <span class='ocrx_word' id='word_1_88' title='bbox 1883 761 1927 796; x_wconf 86' lang='lat' dir='ltr'>ut</span> 
     </span>
     <span class='ocr_line' id='line_1_10' title="bbox 194 820 1927 873; baseline 0.003 -13"><span class='ocrx_word' id='word_1_89' title='bbox 194 820 287 873; x_wconf 89' lang='lat' dir='ltr'>quis</span> <span class='ocrx_word' id='word_1_90' title='bbox 318 820 528 872; x_wconf 88' lang='lat' dir='ltr'>legitimus</span> <span class='ocrx_word' id='word_1_91' title='bbox 562 825 674 862; x_wconf 87' lang='lat' dir='ltr'>esset</span> <span class='ocrx_word' id='word_1_92' title='bbox 705 821 907 862; x_wconf 82' lang='lat' dir='ltr'>sacerdos</span> <span class='ocrx_word' id='word_1_93' title='bbox 938 821 1140 870; x_wconf 74' lang='lat' dir='ltr'>leviticus,</span> <span class='ocrx_word' id='word_1_94' title='bbox 1171 834 1222 863; x_wconf 82' lang='lat' dir='ltr'>ex</span> <span class='ocrx_word' id='word_1_95' title='bbox 1257 822 1366 863; x_wconf 87' lang='lat' dir='ltr'>tribu</span> <span class='ocrx_word' id='word_1_96' title='bbox 1389 823 1498 872; x_wconf 81' lang='lat' dir='ltr'>Levi,</span> <span class='ocrx_word' id='word_1_97' title='bbox 1531 836 1581 864; x_wconf 82' lang='lat' dir='ltr'>ex</span> <span class='ocrx_word' id='word_1_98' title='bbox 1604 824 1761 866; x_wconf 75' lang='lat' dir='ltr'>familia</span> <span class='ocrx_word' id='word_1_99' title='bbox 1783 825 1927 866; x_wconf 82' lang='lat' dir='ltr'>Aaron</span> 
     </span>
     <span class='ocr_line' id='line_1_11' title="bbox 194 891 1927 945; baseline 0.003 -14"><span class='ocrx_word' id='word_1_100' title='bbox 194 891 399 943; x_wconf 83' lang='lat' dir='ltr'>originem</span> <span class='ocrx_word' id='word_1_101' title='bbox 421 892 593 932; x_wconf 84' lang='lat' dir='ltr'>trahere</span> <span class='ocrx_word' id='word_1_102' title='bbox 615 891 809 933; x_wconf 87' lang='lat' dir='ltr'>debebat.</span> <span class='ocrx_word' id='word_1_103' title='bbox 833 892 961 945; x_wconf 87' lang='lat' dir='ltr'>Atqui</span> <span class='ocrx_word' id='word_1_104' title='bbox 983 898 1156 945; x_wconf 90' lang='lat' dir='ltr'>propter</span> <span class='ocrx_word' id='word_1_105' title='bbox 1178 893 1351 934; x_wconf 83' lang='lat' dir='ltr'>totalem</span> <span class='ocrx_word' id='word_1_106' title='bbox 1373 893 1557 934; x_wconf 88' lang='lat' dir='ltr'>tribuum</span> <span class='ocrx_word' id='word_1_107' title='bbox 1581 894 1871 936; x_wconf 88' lang='lat' dir='ltr'>confusionem</span> <span class='ocrx_word' id='word_1_108' title='bbox 1887 902 1927 937; x_wconf 87' lang='lat' dir='ltr'>et</span> 
     </span>
     <span class='ocr_line' id='line_1_12' title="bbox 194 962 1925 1019; baseline 0.003 -16"><span class='ocrx_word' id='word_1_109' title='bbox 194 962 518 1014; x_wconf 82' lang='lat' dir='ltr'>permixtionem</span> <span class='ocrx_word' id='word_1_110' title='bbox 540 964 582 1019; x_wconf 79' lang='lat'>1),</span> <span class='ocrx_word' id='word_1_111' title='bbox 611 963 701 1016; x_wconf 86' lang='lat' dir='ltr'>jam</span> <span class='ocrx_word' id='word_1_112' title='bbox 734 975 860 1005; x_wconf 88' lang='lat' dir='ltr'>nemo</span> <span class='ocrx_word' id='word_1_113' title='bbox 892 976 1013 1005; x_wconf 88' lang='lat' dir='ltr'>suam</span> <span class='ocrx_word' id='word_1_114' title='bbox 1045 964 1248 1016; x_wconf 82' lang='lat' dir='ltr'>originem</span> <span class='ocrx_word' id='word_1_115' title='bbox 1280 964 1333 1004; x_wconf 90' lang='lat' dir='ltr'>ab</span> <span class='ocrx_word' id='word_1_116' title='bbox 1356 964 1528 1006; x_wconf 87' lang='lat' dir='ltr'>Aarone</span> <span class='ocrx_word' id='word_1_117' title='bbox 1550 966 1704 1017; x_wconf 87' lang='lat' dir='ltr'>poterit</span> <span class='ocrx_word' id='word_1_118' title='bbox 1725 967 1925 1018; x_wconf 85' lang='lat' dir='ltr'>probare;</span> 
     </span>
     <span class='ocr_line' id='line_1_13' title="bbox 194 1034 1925 1087; baseline 0.002 -13"><span class='ocrx_word' id='word_1_119' title='bbox 194 1038 455 1086; x_wconf 90' lang='lat' dir='ltr'>quapropter</span> <span class='ocrx_word' id='word_1_120' title='bbox 472 1034 618 1087; x_wconf 73' lang='lat' dir='ltr'>Judaei</span> <span class='ocrx_word' id='word_1_121' title='bbox 641 1046 666 1074; x_wconf 88' lang='lat' dir='ltr'>a</span> <span class='ocrx_word' id='word_1_122' title='bbox 697 1034 982 1076; x_wconf 79' lang='lat' dir='ltr'>destructione</span> <span class='ocrx_word' id='word_1_123' title='bbox 1005 1035 1150 1087; x_wconf 87' lang='lat' dir='ltr'>templi</span> <span class='ocrx_word' id='word_1_124' title='bbox 1172 1034 1374 1075; x_wconf 89' lang='lat' dir='ltr'>rabbinos</span> <span class='ocrx_word' id='word_1_125' title='bbox 1397 1034 1503 1076; x_wconf 84' lang='lat' dir='ltr'>forte</span> <span class='ocrx_word' id='word_1_126' title='bbox 1525 1036 1696 1086; x_wconf 81' lang='lat' dir='ltr'>habent,</span> <span class='ocrx_word' id='word_1_127' title='bbox 1727 1038 1925 1078; x_wconf 86' lang='lat' dir='ltr'>sacerdo-</span> 
     </span>
     <span class='ocr_line' id='line_1_14' title="bbox 195 1104 1925 1159; baseline 0.003 -15"><span class='ocrx_word' id='word_1_128' title='bbox 195 1104 273 1145; x_wconf 85' lang='lat' dir='ltr'>bus</span> <span class='ocrx_word' id='word_1_129' title='bbox 295 1105 405 1145; x_wconf 81' lang='lat' dir='ltr'>veris</span> <span class='ocrx_word' id='word_1_130' title='bbox 437 1110 595 1149; x_wconf 86' lang='lat' dir='ltr'>carent.</span> <span class='ocrx_word' id='word_1_131' title='bbox 638 1105 801 1158; x_wconf 83' lang='lat' dir='ltr'>Ubique</span> <span class='ocrx_word' id='word_1_132' title='bbox 824 1118 925 1147; x_wconf 89' lang='lat' dir='ltr'>vero</span> <span class='ocrx_word' id='word_1_133' title='bbox 953 1106 1143 1147; x_wconf 90' lang='lat' dir='ltr'>locorum</span> <span class='ocrx_word' id='word_1_134' title='bbox 1167 1106 1280 1146; x_wconf 88' lang='lat' dir='ltr'>circa</span> <span class='ocrx_word' id='word_1_135' title='bbox 1301 1105 1400 1146; x_wconf 87' lang='lat' dir='ltr'>illud</span> <span class='ocrx_word' id='word_1_136' title='bbox 1423 1110 1588 1159; x_wconf 90' lang='lat' dir='ltr'>tempus</span> <span class='ocrx_word' id='word_1_137' title='bbox 1611 1112 1652 1147; x_wconf 88' lang='lat' dir='ltr'>et</span> <span class='ocrx_word' id='word_1_138' title='bbox 1674 1107 1727 1148; x_wconf 85' lang='lat' dir='ltr'>ab</span> <span class='ocrx_word' id='word_1_139' title='bbox 1751 1120 1801 1149; x_wconf 90' lang='lat' dir='ltr'>eo</span> <span class='ocrx_word' id='word_1_140' title='bbox 1825 1114 1925 1149; x_wconf 88' lang='lat' dir='ltr'>tem-</span> 
     </span>
     <span class='ocr_line' id='line_1_15' title="bbox 194 1175 1925 1231; baseline 0.002 -15"><span class='ocrx_word' id='word_1_141' title='bbox 194 1187 298 1227; x_wconf 92' lang='lat' dir='ltr'>pore</span> <span class='ocrx_word' id='word_1_142' title='bbox 329 1175 505 1217; x_wconf 75' lang='lat' dir='ltr'>invaluit</span> <span class='ocrx_word' id='word_1_143' title='bbox 541 1181 582 1217; x_wconf 91' lang='lat' dir='ltr'>et</span> <span class='ocrx_word' id='word_1_144' title='bbox 603 1177 715 1229; x_wconf 76' lang='lat' dir='ltr'>viget</span> <span class='ocrx_word' id='word_1_145' title='bbox 736 1176 1056 1217; x_wconf 76' lang='lat' dir='ltr'>hierarchia</span> <span class='ocrx_word' id='word_1_146' title='bbox 1079 1177 1309 1217; x_wconf 86' lang='lat' dir='ltr'>christiana</span> <span class='ocrx_word' id='word_1_147' title='bbox 1333 1181 1534 1218; x_wconf 89' lang='lat' dir='ltr'>constans</span> <span class='ocrx_word' id='word_1_148' title='bbox 1557 1178 1777 1230; x_wconf 78' lang='lat' dir='ltr'>episcopis,</span> <span class='ocrx_word' id='word_1_149' title='bbox 1808 1191 1925 1231; x_wconf 89' lang='lat' dir='ltr'>pres-</span> 
     </span>
     <span class='ocr_line' id='line_1_16' title="bbox 195 1246 1927 1302; baseline 0.002 -16"><span class='ocrx_word' id='word_1_150' title='bbox 195 1246 366 1300; x_wconf 78' lang='lat' dir='ltr'>byteris,</span> <span class='ocrx_word' id='word_1_151' title='bbox 390 1246 581 1288; x_wconf 88' lang='lat' dir='ltr'>diaconis</span> <span class='ocrx_word' id='word_1_152' title='bbox 603 1247 883 1289; x_wconf 81' lang='lat' dir='ltr'>servientibus</span> <span class='ocrx_word' id='word_1_153' title='bbox 904 1247 991 1289; x_wconf 88' lang='lat' dir='ltr'>Deo</span> <span class='ocrx_word' id='word_1_154' title='bbox 1006 1247 1251 1297; x_wconf 67' lang='lat' dir='ltr'>Abraham,</span> <span class='ocrx_word' id='word_1_155' title='bbox 1273 1247 1392 1289; x_wconf 83' lang='lat' dir='ltr'>Isaac</span> <span class='ocrx_word' id='word_1_156' title='bbox 1415 1252 1456 1288; x_wconf 89' lang='lat' dir='ltr'>et</span> <span class='ocrx_word' id='word_1_157' title='bbox 1476 1247 1634 1297; x_wconf 75' lang='lat' dir='ltr'>Jacobi,</span> <span class='ocrx_word' id='word_1_158' title='bbox 1659 1249 1777 1302; x_wconf 82' lang='lat' dir='ltr'>cujus</span> <span class='ocrx_word' id='word_1_159' title='bbox 1799 1250 1927 1290; x_wconf 90' lang='lat' dir='ltr'>cultui</span> 
     </span>
     <span class='ocr_line' id='line_1_17' title="bbox 196 1316 1924 1362; baseline 0.002 -5"><span class='ocrx_word' id='word_1_160' title='bbox 196 1316 455 1358; x_wconf 85' lang='lat' dir='ltr'>destinatum</span> <span class='ocrx_word' id='word_1_161' title='bbox 470 1323 562 1359; x_wconf 88' lang='lat' dir='ltr'>erat</span> <span class='ocrx_word' id='word_1_162' title='bbox 576 1318 863 1359; x_wconf 86' lang='lat' dir='ltr'>sacerdotium</span> <span class='ocrx_word' id='word_1_163' title='bbox 877 1318 1102 1362; x_wconf 84' lang='lat' dir='ltr'>leviticum.</span> <span class='ocrx_word' id='word_1_164' title='bbox 1125 1318 1158 1358; x_wconf 91' lang='lat' dir='ltr'>T</span> <span class='ocrx_word' id='word_1_165' title='bbox 1169 1332 1189 1359; x_wconf 91' lang='lat' dir='ltr'>r</span> <span class='ocrx_word' id='word_1_166' title='bbox 1202 1331 1226 1359; x_wconf 87' lang='lat' dir='ltr'>a</span> <span class='ocrx_word' id='word_1_167' title='bbox 1237 1332 1265 1359; x_wconf 92' lang='lat' dir='ltr'>n</span> <span class='ocrx_word' id='word_1_168' title='bbox 1277 1319 1319 1359; x_wconf 91' lang='lat' dir='ltr'>sl</span> <span class='ocrx_word' id='word_1_169' title='bbox 1331 1331 1355 1359; x_wconf 90' lang='lat' dir='ltr'>a</span> <span class='ocrx_word' id='word_1_170' title='bbox 1367 1324 1417 1360; x_wconf 92' lang='lat' dir='ltr'>to</span> <span class='ocrx_word' id='word_1_171' title='bbox 1442 1324 1583 1360; x_wconf 87' lang='lat' dir='ltr'>autem</span> <span class='ocrx_word' id='word_1_172' title='bbox 1607 1333 1626 1360; x_wconf 93' lang='lat' dir='ltr'>s</span> <span class='ocrx_word' id='word_1_173' title='bbox 1639 1332 1663 1360; x_wconf 86' lang='lat' dir='ltr'>a</span> <span class='ocrx_word' id='word_1_174' title='bbox 1676 1332 1698 1360; x_wconf 89' lang='lat' dir='ltr'>c</span> <span class='ocrx_word' id='word_1_175' title='bbox 1711 1331 1732 1360; x_wconf 89' lang='lat' dir='ltr'>e</span> <span class='ocrx_word' id='word_1_176' title='bbox 1745 1333 1765 1360; x_wconf 92' lang='lat' dir='ltr'>r</span> <span class='ocrx_word' id='word_1_177' title='bbox 1776 1320 1801 1360; x_wconf 91' lang='lat' dir='ltr'>d</span> <span class='ocrx_word' id='word_1_178' title='bbox 1814 1333 1837 1361; x_wconf 97' lang='lat' dir='ltr'>o</span> <span class='ocrx_word' id='word_1_179' title='bbox 1852 1321 1924 1361; x_wconf 88' lang='lat' dir='ltr'>tio</span> 
     </span>
     <span class='ocr_line' id='line_1_18' title="bbox 193 1389 1924 1441; baseline 0.002 -11"><span class='ocrx_word' id='word_1_180' title='bbox 193 1399 424 1430; x_wconf 88' lang='lat' dir='ltr'>necesse</span> <span class='ocrx_word' id='word_1_181' title='bbox 456 1394 557 1438; x_wconf 79' lang='lat' dir='ltr'>est,</span> <span class='ocrx_word' id='word_1_182' title='bbox 589 1389 714 1430; x_wconf 89' lang='lat' dir='ltr'>infert</span> <span class='ocrx_word' id='word_1_183' title='bbox 736 1389 892 1430; x_wconf 88' lang='lat' dir='ltr'>Paulus</span> <span class='ocrx_word' id='word_1_184' title='bbox 914 1389 1038 1433; x_wconf 87' lang='lat' dir='ltr'>Hebr.</span> <span class='ocrx_word' id='word_1_185' title='bbox 1073 1393 1200 1439; x_wconf 51' lang='lat'>212,</span> <span class='ocrx_word' id='word_1_186' title='bbox 1231 1395 1286 1430; x_wconf 87' lang='lat' dir='ltr'>ut</span> <span class='ocrx_word' id='word_1_187' title='bbox 1316 1390 1452 1441; x_wconf 90' lang='lat' dir='ltr'>legis</span> <span class='ocrx_word' id='word_1_188' title='bbox 1484 1391 1783 1431; x_wconf 86' lang='lat' dir='ltr'>translatio</span> <span class='ocrx_word' id='word_1_189' title='bbox 1816 1390 1924 1434; x_wconf 84' lang='lat' dir='ltr'>fiat.</span> 
     </span>
    </p>

    <p class='ocr_par' dir='ltr' id='par_1_4' title="bbox 192 1459 1925 1800">
     <span class='ocr_line' id='line_1_19' title="bbox 311 1459 1923 1514; baseline 0 -12"><span class='ocrx_word' id='word_1_190' title='bbox 311 1461 355 1503; x_wconf 68' lang='lat'>⁴2.</span> <span class='ocrx_word' id='word_1_191' title='bbox 379 1459 550 1500; x_wconf 87' lang='lat' dir='ltr'>Abolita</span> <span class='ocrx_word' id='word_1_192' title='bbox 572 1464 670 1500; x_wconf 87' lang='lat' dir='ltr'>sunt</span> <span class='ocrx_word' id='word_1_193' title='bbox 692 1459 900 1500; x_wconf 89' lang='lat' dir='ltr'>sacrificia</span> <span class='ocrx_word' id='word_1_194' title='bbox 914 1459 961 1503; x_wconf 90' lang='lat' dir='ltr'>V.</span> <span class='ocrx_word' id='word_1_195' title='bbox 977 1459 1032 1506; x_wconf 54' lang='lat' dir='ltr'>T„</span> <span class='ocrx_word' id='word_1_196' title='bbox 1048 1472 1133 1500; x_wconf 91' lang='lat' dir='ltr'>non</span> <span class='ocrx_word' id='word_1_197' title='bbox 1157 1460 1291 1501; x_wconf 91' lang='lat' dir='ltr'>solum</span> <span class='ocrx_word' id='word_1_198' title='bbox 1316 1460 1367 1501; x_wconf 88' lang='lat' dir='ltr'>de</span> <span class='ocrx_word' id='word_1_199' title='bbox 1391 1460 1513 1509; x_wconf 78' lang='lat' dir='ltr'>facto,</span> <span class='ocrx_word' id='word_1_200' title='bbox 1537 1461 1611 1502; x_wconf 90' lang='lat' dir='ltr'>sed</span> <span class='ocrx_word' id='word_1_201' title='bbox 1633 1461 1698 1502; x_wconf 83' lang='lat' dir='ltr'>vel</span> <span class='ocrx_word' id='word_1_202' title='bbox 1720 1462 1810 1514; x_wconf 88' lang='lat' dir='ltr'>ipsa</span> <span class='ocrx_word' id='word_1_203' title='bbox 1826 1474 1923 1513; x_wconf 87' lang='lat' dir='ltr'>pos-</span> 
     </span>
     <span class='ocr_line' id='line_1_20' title="bbox 194 1530 1923 1585; baseline 0.001 -14"><span class='ocrx_word' id='word_1_204' title='bbox 194 1531 371 1571; x_wconf 88' lang='lat' dir='ltr'>sibilitas</span> <span class='ocrx_word' id='word_1_205' title='bbox 394 1531 544 1571; x_wconf 85' lang='lat' dir='ltr'>eadem</span> <span class='ocrx_word' id='word_1_206' title='bbox 569 1530 770 1571; x_wconf 83' lang='lat' dir='ltr'>offerendi</span> <span class='ocrx_word' id='word_1_207' title='bbox 793 1530 961 1572; x_wconf 89' lang='lat' dir='ltr'>sublata</span> <span class='ocrx_word' id='word_1_208' title='bbox 983 1535 1048 1571; x_wconf 89' lang='lat' dir='ltr'>est</span> <span class='ocrx_word' id='word_1_209' title='bbox 1068 1536 1239 1583; x_wconf 89' lang='lat' dir='ltr'>propter</span> <span class='ocrx_word' id='word_1_210' title='bbox 1262 1530 1470 1572; x_wconf 84' lang='lat' dir='ltr'>defectum</span> <span class='ocrx_word' id='word_1_211' title='bbox 1493 1532 1648 1584; x_wconf 75' lang='lat' dir='ltr'>templi,</span> <span class='ocrx_word' id='word_1_212' title='bbox 1671 1533 1713 1572; x_wconf 92' lang='lat' dir='ltr'>in</span> <span class='ocrx_word' id='word_1_213' title='bbox 1735 1545 1817 1585; x_wconf 89' lang='lat' dir='ltr'>quo</span> <span class='ocrx_word' id='word_1_214' title='bbox 1834 1533 1923 1574; x_wconf 90' lang='lat' dir='ltr'>solo</span> 
     </span>
     <span class='ocr_line' id='line_1_21' title="bbox 193 1601 1924 1654; baseline 0.001 -12"><span class='ocrx_word' id='word_1_215' title='bbox 193 1602 376 1654; x_wconf 84' lang='lat' dir='ltr'>legitime</span> <span class='ocrx_word' id='word_1_216' title='bbox 409 1601 559 1642; x_wconf 86' lang='lat' dir='ltr'>eadem</span> <span class='ocrx_word' id='word_1_217' title='bbox 592 1601 746 1643; x_wconf 87' lang='lat' dir='ltr'>licebat</span> <span class='ocrx_word' id='word_1_218' title='bbox 769 1601 931 1651; x_wconf 81' lang='lat' dir='ltr'>offerre,</span> <span class='ocrx_word' id='word_1_219' title='bbox 963 1606 1005 1642; x_wconf 89' lang='lat' dir='ltr'>et</span> <span class='ocrx_word' id='word_1_220' title='bbox 1025 1606 1198 1654; x_wconf 84' lang='lat' dir='ltr'>propter</span> <span class='ocrx_word' id='word_1_221' title='bbox 1220 1602 1504 1642; x_wconf 90' lang='lat' dir='ltr'>sacerdotium</span> <span class='ocrx_word' id='word_1_222' title='bbox 1527 1602 1799 1651; x_wconf 77' lang='lat' dir='ltr'>exstinctuni;</span> <span class='ocrx_word' id='word_1_223' title='bbox 1830 1616 1924 1644; x_wconf 89' lang='lat' dir='ltr'>suc-</span> 
     </span>
     <span class='ocr_line' id='line_1_22' title="bbox 192 1672 1925 1727; baseline 0.001 -14"><span class='ocrx_word' id='word_1_224' title='bbox 192 1673 320 1714; x_wconf 85' lang='lat' dir='ltr'>cessit</span> <span class='ocrx_word' id='word_1_225' title='bbox 342 1685 443 1714; x_wconf 76' lang='lat' dir='ltr'>vero</span> <span class='ocrx_word' id='word_1_226' title='bbox 466 1674 516 1714; x_wconf 89' lang='lat' dir='ltr'>iis</span> <span class='ocrx_word' id='word_1_227' title='bbox 532 1672 698 1714; x_wconf 83' lang='lat' dir='ltr'>Christo</span> <span class='ocrx_word' id='word_1_228' title='bbox 723 1679 897 1714; x_wconf 85' lang='lat' dir='ltr'>auctore</span> <span class='ocrx_word' id='word_1_229' title='bbox 921 1672 1032 1713; x_wconf 89' lang='lat' dir='ltr'>aliud</span> <span class='ocrx_word' id='word_1_230' title='bbox 1055 1672 1319 1721; x_wconf 72' lang='lat' dir='ltr'>sacrificium,</span> <span class='ocrx_word' id='word_1_231' title='bbox 1342 1673 1454 1725; x_wconf 91' lang='lat' dir='ltr'>quod</span> <span class='ocrx_word' id='word_1_232' title='bbox 1478 1672 1530 1713; x_wconf 91' lang='lat' dir='ltr'>ab</span> <span class='ocrx_word' id='word_1_233' title='bbox 1555 1679 1649 1714; x_wconf 87' lang='lat' dir='ltr'>ortu</span> <span class='ocrx_word' id='word_1_234' title='bbox 1671 1674 1771 1714; x_wconf 91' lang='lat' dir='ltr'>solis</span> <span class='ocrx_word' id='word_1_235' title='bbox 1792 1686 1925 1727; x_wconf 90' lang='lat' dir='ltr'>usque</span> 
     </span>
     <span class='ocr_line' id='line_1_23' title="bbox 194 1743 1925 1800; baseline 0.001 -16"><span class='ocrx_word' id='word_1_236' title='bbox 194 1743 248 1784; x_wconf 87' lang='lat' dir='ltr'>ad</span> <span class='ocrx_word' id='word_1_237' title='bbox 286 1756 486 1785; x_wconf 87' lang='lat' dir='ltr'>occasum</span> <span class='ocrx_word' id='word_1_238' title='bbox 520 1745 563 1784; x_wconf 90' lang='lat' dir='ltr'>in</span> <span class='ocrx_word' id='word_1_239' title='bbox 595 1745 711 1784; x_wconf 87' lang='lat' dir='ltr'>omni</span> <span class='ocrx_word' id='word_1_240' title='bbox 744 1744 838 1785; x_wconf 89' lang='lat' dir='ltr'>loco</span> <span class='ocrx_word' id='word_1_241' title='bbox 871 1744 1007 1784; x_wconf 88' lang='lat' dir='ltr'>eidem</span> <span class='ocrx_word' id='word_1_242' title='bbox 1042 1743 1129 1784; x_wconf 87' lang='lat' dir='ltr'>Deo</span> <span class='ocrx_word' id='word_1_243' title='bbox 1164 1744 1297 1785; x_wconf 75' lang='lat' dir='ltr'>Jahve</span> <span class='ocrx_word' id='word_1_244' title='bbox 1331 1743 1570 1784; x_wconf 85' lang='lat' dir='ltr'>celebratur</span> <span class='ocrx_word' id='word_1_245' title='bbox 1593 1743 1703 1800; x_wconf 83' lang='lat' dir='ltr'>(Mal.</span> <span class='ocrx_word' id='word_1_246' title='bbox 1731 1748 1838 1793; x_wconf 78' lang='lat'>1,11</span> <span class='ocrx_word' id='word_1_247' title='bbox 1865 1746 1925 1800; x_wconf 78' lang='lat' dir='ltr'>s).</span> 
     </span>
    </p>

    <p class='ocr_par' dir='ltr' id='par_1_5' title="bbox 192 1814 1926 2010">
     <span class='ocr_line' id='line_1_24' title="bbox 311 1814 1926 1867; baseline 0 -11"><span class='ocrx_word' id='word_1_248' title='bbox 311 1815 352 1858; x_wconf 80' lang='lat'>3.</span> <span class='ocrx_word' id='word_1_249' title='bbox 378 1815 652 1867; x_wconf 81' lang='lat' dir='ltr'>Impossibilis</span> <span class='ocrx_word' id='word_1_250' title='bbox 674 1815 838 1856; x_wconf 86' lang='lat' dir='ltr'>reddita</span> <span class='ocrx_word' id='word_1_251' title='bbox 861 1821 924 1855; x_wconf 90' lang='lat' dir='ltr'>est</span> <span class='ocrx_word' id='word_1_252' title='bbox 947 1827 1101 1867; x_wconf 88' lang='lat' dir='ltr'>magna</span> <span class='ocrx_word' id='word_1_253' title='bbox 1124 1826 1176 1855; x_wconf 78' lang='lat' dir='ltr'>ex</span> <span class='ocrx_word' id='word_1_254' title='bbox 1198 1818 1318 1866; x_wconf 88' lang='lat' dir='ltr'>parte</span> <span class='ocrx_word' id='word_1_255' title='bbox 1341 1814 1582 1855; x_wconf 86' lang='lat' dir='ltr'>observatio</span> <span class='ocrx_word' id='word_1_256' title='bbox 1596 1815 1698 1867; x_wconf 89' lang='lat' dir='ltr'>legis</span> <span class='ocrx_word' id='word_1_257' title='bbox 1713 1816 1926 1856; x_wconf 86' lang='lat' dir='ltr'>mosaicae</span> 
     </span>
     <span class='ocr_line' id='line_1_25' title="bbox 192 1885 1925 1939; baseline 0 -13"><span class='ocrx_word' id='word_1_258' title='bbox 192 1890 366 1938; x_wconf 86' lang='lat' dir='ltr'>propter</span> <span class='ocrx_word' id='word_1_259' title='bbox 397 1886 541 1939; x_wconf 90' lang='lat' dir='ltr'>templi</span> <span class='ocrx_word' id='word_1_260' title='bbox 573 1887 905 1927; x_wconf 85' lang='lat' dir='ltr'>destructionem</span> <span class='ocrx_word' id='word_1_261' title='bbox 938 1886 1328 1938; x_wconf 85' lang='lat' dir='ltr'>dispersionemque</span> <span class='ocrx_word' id='word_1_262' title='bbox 1360 1885 1523 1937; x_wconf 86' lang='lat' dir='ltr'>populi;</span> <span class='ocrx_word' id='word_1_263' title='bbox 1555 1885 1690 1926; x_wconf 89' lang='lat' dir='ltr'>cultus</span> <span class='ocrx_word' id='word_1_264' title='bbox 1720 1898 1821 1926; x_wconf 82' lang='lat' dir='ltr'>vero</span> <span class='ocrx_word' id='word_1_265' title='bbox 1853 1886 1925 1927; x_wconf 91' lang='lat' dir='ltr'>Dei</span> 
     </span>
     <span class='ocr_line' id='line_1_26' title="bbox 192 1955 1851 2010; baseline 0 -13"><span class='ocrx_word' id='word_1_266' title='bbox 192 1956 357 1998; x_wconf 85' lang='lat' dir='ltr'>Israelis</span> <span class='ocrx_word' id='word_1_267' title='bbox 381 1956 548 1998; x_wconf 89' lang='lat' dir='ltr'>Christo</span> <span class='ocrx_word' id='word_1_268' title='bbox 572 1962 747 1999; x_wconf 85' lang='lat' dir='ltr'>auctore</span> <span class='ocrx_word' id='word_1_269' title='bbox 769 1962 1029 2010; x_wconf 88' lang='lat' dir='ltr'>propagatus</span> <span class='ocrx_word' id='word_1_270' title='bbox 1052 1961 1116 1997; x_wconf 89' lang='lat' dir='ltr'>est</span> <span class='ocrx_word' id='word_1_271' title='bbox 1138 1968 1269 2009; x_wconf 88' lang='lat' dir='ltr'>usque</span> <span class='ocrx_word' id='word_1_272' title='bbox 1293 1956 1346 1997; x_wconf 88' lang='lat' dir='ltr'>ad</span> <span class='ocrx_word' id='word_1_273' title='bbox 1368 1956 1471 1997; x_wconf 85' lang='lat' dir='ltr'>fines</span> <span class='ocrx_word' id='word_1_274' title='bbox 1494 1955 1609 1996; x_wconf 88' lang='lat' dir='ltr'>orbis</span> <span class='ocrx_word' id='word_1_275' title='bbox 1631 1961 1851 1997; x_wconf 88' lang='lat' dir='ltr'>terrarum.</span> 
     </span>
    </p>

    <p class='ocr_par' dir='ltr' id='par_1_6' title="bbox 191 2025 1927 2573">
     <span class='ocr_line' id='line_1_27' title="bbox 310 2025 1926 2081; baseline -0.001 -12"><span class='ocrx_word' id='word_1_276' title='bbox 310 2028 353 2071; x_wconf 76' lang='lat'>4.</span> <span class='ocrx_word' id='word_1_277' title='bbox 377 2027 489 2069; x_wconf 89' lang='lat' dir='ltr'>Deus</span> <span class='ocrx_word' id='word_1_278' title='bbox 514 2041 602 2070; x_wconf 88' lang='lat' dir='ltr'>non</span> <span class='ocrx_word' id='word_1_279' title='bbox 625 2029 805 2081; x_wconf 88' lang='lat' dir='ltr'>amplius</span> <span class='ocrx_word' id='word_1_280' title='bbox 828 2033 969 2069; x_wconf 87' lang='lat' dir='ltr'>servat</span> <span class='ocrx_word' id='word_1_281' title='bbox 991 2028 1296 2080; x_wconf 89' lang='lat' dir='ltr'>promissiones</span> <span class='ocrx_word' id='word_1_282' title='bbox 1328 2025 1487 2068; x_wconf 87' lang='lat' dir='ltr'>foederi</span> <span class='ocrx_word' id='word_1_283' title='bbox 1509 2027 1640 2067; x_wconf 87' lang='lat' dir='ltr'>veteri</span> <span class='ocrx_word' id='word_1_284' title='bbox 1663 2039 1852 2068; x_wconf 84' lang='lat' dir='ltr'>annexas</span> <span class='ocrx_word' id='word_1_285' title='bbox 1876 2028 1926 2069; x_wconf 89' lang='lat' dir='ltr'>de</span> 
     </span>
     <span class='ocr_line' id='line_1_28' title="bbox 192 2097 1926 2152; baseline 0 -13"><span class='ocrx_word' id='word_1_286' title='bbox 192 2098 388 2140; x_wconf 81' lang='lat' dir='ltr'>felicitate</span> <span class='ocrx_word' id='word_1_287' title='bbox 410 2100 646 2152; x_wconf 75' lang='lat' dir='ltr'>temporali,</span> <span class='ocrx_word' id='word_1_288' title='bbox 679 2100 714 2140; x_wconf 92' lang='lat' dir='ltr'>si</span> <span class='ocrx_word' id='word_1_289' title='bbox 741 2099 885 2152; x_wconf 88' lang='lat' dir='ltr'>judaei</span> <span class='ocrx_word' id='word_1_290' title='bbox 916 2099 1046 2151; x_wconf 91' lang='lat' dir='ltr'>ipsius</span> <span class='ocrx_word' id='word_1_291' title='bbox 1070 2103 1292 2139; x_wconf 83' lang='lat' dir='ltr'>servarent</span> <span class='ocrx_word' id='word_1_292' title='bbox 1312 2098 1526 2145; x_wconf 82' lang='lat' dir='ltr'>mandata,</span> <span class='ocrx_word' id='word_1_293' title='bbox 1559 2097 1611 2138; x_wconf 91' lang='lat' dir='ltr'>de</span> <span class='ocrx_word' id='word_1_294' title='bbox 1633 2098 1881 2139; x_wconf 89' lang='lat' dir='ltr'>liberatione</span> <span class='ocrx_word' id='word_1_295' title='bbox 1905 2110 1926 2139; x_wconf 90' lang='lat' dir='ltr'>e</span> 
     </span>
     <span class='ocr_line' id='line_1_29' title="bbox 191 2168 1926 2223; baseline 0.001 -13"><span class='ocrx_word' id='word_1_296' title='bbox 191 2170 438 2222; x_wconf 89' lang='lat' dir='ltr'>captivitate</span> <span class='ocrx_word' id='word_1_297' title='bbox 461 2171 639 2223; x_wconf 89' lang='lat' dir='ltr'>aliisque</span> <span class='ocrx_word' id='word_1_298' title='bbox 655 2170 981 2218; x_wconf 75' lang='lat' dir='ltr'>calamitatibus,¹</span> <span class='ocrx_word' id='word_1_299' title='bbox 1005 2170 1040 2210; x_wconf 92' lang='lat' dir='ltr'>si</span> <span class='ocrx_word' id='word_1_300' title='bbox 1063 2170 1219 2210; x_wconf 88' lang='lat' dir='ltr'>seriam</span> <span class='ocrx_word' id='word_1_301' title='bbox 1235 2175 1408 2221; x_wconf 80' lang='lat' dir='ltr'>agerent</span> <span class='ocrx_word' id='word_1_302' title='bbox 1422 2169 1723 2221; x_wconf 86' lang='lat' dir='ltr'>poenitentiam</span> <span class='ocrx_word' id='word_1_303' title='bbox 1742 2168 1834 2209; x_wconf 83' lang='lat' dir='ltr'>Lev.</span> <span class='ocrx_word' id='word_1_304' title='bbox 1852 2172 1926 2216; x_wconf 58' lang='lat'>2&amp;</span> 
     </span>
     <span class='ocr_line' id='line_1_30' title="bbox 191 2239 1927 2291; baseline -0.001 -10"><span class='ocrx_word' id='word_1_305' title='bbox 191 2240 309 2282; x_wconf 88' lang='lat' dir='ltr'>Deut.</span> <span class='ocrx_word' id='word_1_306' title='bbox 333 2253 391 2282; x_wconf 89' lang='lat' dir='ltr'>cc.</span> <span class='ocrx_word' id='word_1_307' title='bbox 408 2243 603 2291; x_wconf 79' lang='lat'>28—303</span> <span class='ocrx_word' id='word_1_308' title='bbox 627 2244 652 2285; x_wconf 79' lang='lat'>2</span> <span class='ocrx_word' id='word_1_309' title='bbox 670 2242 783 2283; x_wconf 89' lang='lat' dir='ltr'>Esdr.</span> <span class='ocrx_word' id='word_1_310' title='bbox 800 2247 839 2291; x_wconf 82' lang='lat'>9,</span> <span class='ocrx_word' id='word_1_311' title='bbox 854 2244 909 2286; x_wconf 78' lang='lat'>26</span> <span class='ocrx_word' id='word_1_312' title='bbox 932 2255 985 2282; x_wconf 88' lang='lat' dir='ltr'>ss.</span> <span class='ocrx_word' id='word_1_313' title='bbox 1009 2246 1085 2283; x_wconf 86' lang='lat' dir='ltr'>etc.</span> <span class='ocrx_word' id='word_1_314' title='bbox 1124 2240 1227 2282; x_wconf 89' lang='lat' dir='ltr'>Cum</span> <span class='ocrx_word' id='word_1_315' title='bbox 1253 2246 1395 2282; x_wconf 88' lang='lat' dir='ltr'>autem</span> <span class='ocrx_word' id='word_1_316' title='bbox 1417 2241 1523 2281; x_wconf 89' lang='lat' dir='ltr'>haec</span> <span class='ocrx_word' id='word_1_317' title='bbox 1546 2240 1700 2281; x_wconf 85' lang='lat' dir='ltr'>fuerint</span> <span class='ocrx_word' id='word_1_318' title='bbox 1718 2239 1927 2280; x_wconf 87' lang='lat' dir='ltr'>elementa</span> 
     </span>
     <span class='ocr_line' id='line_1_31' title="bbox 191 2310 1927 2365; baseline -0.001 -13"><span class='ocrx_word' id='word_1_319' title='bbox 191 2311 319 2353; x_wconf 86' lang='lat' dir='ltr'>veluti</span> <span class='ocrx_word' id='word_1_320' title='bbox 341 2313 495 2353; x_wconf 90' lang='lat' dir='ltr'>veteris</span> <span class='ocrx_word' id='word_1_321' title='bbox 518 2312 699 2354; x_wconf 89' lang='lat' dir='ltr'>foederis</span> <span class='ocrx_word' id='word_1_322' title='bbox 723 2319 764 2354; x_wconf 92' lang='lat' dir='ltr'>et</span> <span class='ocrx_word' id='word_1_323' title='bbox 785 2313 1058 2361; x_wconf 86' lang='lat' dir='ltr'>Testamenti,</span> <span class='ocrx_word' id='word_1_324' title='bbox 1091 2324 1199 2365; x_wconf 90' lang='lat' dir='ltr'>quae</span> <span class='ocrx_word' id='word_1_325' title='bbox 1228 2312 1318 2363; x_wconf 81' lang='lat' dir='ltr'>J&#39;am</span> <span class='ocrx_word' id='word_1_326' title='bbox 1350 2311 1556 2363; x_wconf 88' lang='lat' dir='ltr'>abrogata</span> <span class='ocrx_word' id='word_1_327' title='bbox 1579 2310 1855 2363; x_wconf 59' lang='lat' dir='ltr'>ostendimus)</span> <span class='ocrx_word' id='word_1_328' title='bbox 1887 2314 1927 2350; x_wconf 83' lang='lat' dir='ltr'>et</span> 
     </span>
     <span class='ocr_line' id='line_1_32' title="bbox 193 2380 1926 2437; baseline -0.002 -14"><span class='ocrx_word' id='word_1_329' title='bbox 193 2394 290 2423; x_wconf 90' lang='lat' dir='ltr'>cum</span> <span class='ocrx_word' id='word_1_330' title='bbox 313 2383 426 2424; x_wconf 87' lang='lat' dir='ltr'>circa</span> <span class='ocrx_word' id='word_1_331' title='bbox 448 2383 551 2425; x_wconf 90' lang='lat' dir='ltr'>illud</span> <span class='ocrx_word' id='word_1_332' title='bbox 573 2387 752 2437; x_wconf 72' lang='lat' dir='ltr'>tem‘pus,</span> <span class='ocrx_word' id='word_1_333' title='bbox 777 2396 859 2436; x_wconf 94' lang='lat' dir='ltr'>quo</span> <span class='ocrx_word' id='word_1_334' title='bbox 884 2384 1033 2424; x_wconf 87' lang='lat' dir='ltr'>eadem</span> <span class='ocrx_word' id='word_1_335' title='bbox 1056 2383 1223 2435; x_wconf 87' lang='lat' dir='ltr'>penitus</span> <span class='ocrx_word' id='word_1_336' title='bbox 1247 2386 1521 2429; x_wconf 83' lang='lat' dir='ltr'>evanuerunt,</span> <span class='ocrx_word' id='word_1_337' title='bbox 1551 2380 1716 2422; x_wconf 88' lang='lat' dir='ltr'>Christo</span> <span class='ocrx_word' id='word_1_338' title='bbox 1741 2385 1926 2428; x_wconf 69' lang='lat' dir='ltr'>auctore,</span> 
     </span>
     <span class='ocr_line' id='line_1_33' title="bbox 192 2451 1926 2507; baseline -0.002 -12"><span class='ocrx_word' id='word_1_339' title='bbox 192 2453 263 2506; x_wconf 90' lang='lat' dir='ltr'>qui</span> <span class='ocrx_word' id='word_1_340' title='bbox 286 2458 350 2495; x_wconf 88' lang='lat' dir='ltr'>est</span> <span class='ocrx_word' id='word_1_341' title='bbox 372 2466 423 2495; x_wconf 81' lang='lat' dir='ltr'>ex</span> <span class='ocrx_word' id='word_1_342' title='bbox 447 2466 601 2507; x_wconf 81' lang='lat' dir='ltr'>genere</span> <span class='ocrx_word' id='word_1_343' title='bbox 616 2454 848 2504; x_wconf 80' lang='lat' dir='ltr'>Abraham,</span> <span class='ocrx_word' id='word_1_344' title='bbox 872 2466 921 2495; x_wconf 85' lang='lat' dir='ltr'>ex</span> <span class='ocrx_word' id='word_1_345' title='bbox 938 2454 1095 2494; x_wconf 87' lang='lat' dir='ltr'>familia</span> <span class='ocrx_word' id='word_1_346' title='bbox 1108 2453 1252 2501; x_wconf 81' lang='lat' dir='ltr'>David,</span> <span class='ocrx_word' id='word_1_347' title='bbox 1276 2465 1327 2494; x_wconf 78' lang='lat' dir='ltr'>ex</span> <span class='ocrx_word' id='word_1_348' title='bbox 1342 2451 1445 2493; x_wconf 83' lang='lat' dir='ltr'>Sion</span> <span class='ocrx_word' id='word_1_349' title='bbox 1467 2452 1642 2493; x_wconf 79' lang='lat' dir='ltr'>exiverit</span> <span class='ocrx_word' id='word_1_350' title='bbox 1663 2464 1776 2492; x_wconf 86' lang='lat' dir='ltr'>nova</span> <span class='ocrx_word' id='word_1_351' title='bbox 1798 2451 1863 2492; x_wconf 77' lang='lat' dir='ltr'>lex</span> <span class='ocrx_word' id='word_1_352' title='bbox 1881 2452 1926 2505; x_wconf 81' lang='grc'>2),</span> 
     </span>
     <span class='ocr_line' id='line_1_34' title="bbox 192 2521 1927 2573; baseline -0.003 -7"><span class='ocrx_word' id='word_1_353' title='bbox 192 2537 350 2566; x_wconf 89' lang='lat' dir='ltr'>novum</span> <span class='ocrx_word' id='word_1_354' title='bbox 378 2526 663 2567; x_wconf 87' lang='lat' dir='ltr'>sacerdotium</span> <span class='ocrx_word' id='word_1_355' title='bbox 698 2530 739 2567; x_wconf 85' lang='lat' dir='ltr'>et</span> <span class='ocrx_word' id='word_1_356' title='bbox 770 2525 1036 2573; x_wconf 66' lang='lat' dir='ltr'>sacrificium,</span> <span class='ocrx_word' id='word_1_357' title='bbox 1068 2537 1203 2565; x_wconf 88' lang='lat' dir='ltr'>novus</span> <span class='ocrx_word' id='word_1_358' title='bbox 1235 2523 1371 2564; x_wconf 90' lang='lat' dir='ltr'>cultus</span> <span class='ocrx_word' id='word_1_359' title='bbox 1402 2536 1489 2564; x_wconf 91' lang='lat' dir='ltr'>non</span> <span class='ocrx_word' id='word_1_360' title='bbox 1520 2523 1618 2563; x_wconf 86' lang='lat' dir='ltr'>novi</span> <span class='ocrx_word' id='word_1_361' title='bbox 1652 2522 1725 2562; x_wconf 88' lang='lat' dir='ltr'>Dei</span> <span class='ocrx_word' id='word_1_362' title='bbox 1757 2521 1830 2562; x_wconf 90' lang='lat' dir='ltr'>sed</span> <span class='ocrx_word' id='word_1_363' title='bbox 1852 2521 1927 2561; x_wconf 88' lang='lat' dir='ltr'>Dei</span> 
     </span>
    </p>
   </div>
   <div class='ocr_carea' id='block_1_3' title="bbox 236 2624 402 2626">
    <p class='ocr_par' dir='ltr' id='par_1_7' title="bbox 236 2624 402 2626">
     <span class='ocr_line' id='line_1_35' title="bbox 236 2624 402 2626; baseline 0 0"><span class='ocrx_word' id='word_1_364' title='bbox 236 2624 402 2626; x_wconf 95' lang='lat' dir='ltr'> </span> 
     </span>
    </p>
   </div>
   <div class='ocr_carea' id='block_1_4' title="bbox 140 2673 1925 3040">
    <p class='ocr_par' dir='ltr' id='par_1_8' title="bbox 337 2673 1925 2721">
     <span class='ocr_line' id='line_1_36' title="bbox 337 2673 1925 2721; baseline -0.004 -10"><span class='ocrx_word' id='word_1_365' title='bbox 337 2681 363 2721; x_wconf 84' lang='lat'>¹)</span> <span class='ocrx_word' id='word_1_366' title='bbox 374 2677 444 2711; x_wconf 74' lang='lat' dir='ltr'>Vel</span> <span class='ocrx_word' id='word_1_367' title='bbox 455 2679 529 2713; x_wconf 79' lang='lat' dir='ltr'>sola</span> <span class='ocrx_word' id='word_1_368' title='bbox 544 2678 631 2713; x_wconf 77' lang='lat' dir='ltr'>haec</span> <span class='ocrx_word' id='word_1_369' title='bbox 643 2679 806 2712; x_wconf 81' lang='lat' dir='ltr'>tribuum</span> <span class='ocrx_word' id='word_1_370' title='bbox 819 2680 855 2712; x_wconf 78' lang='lat' dir='ltr'>et</span> <span class='ocrx_word' id='word_1_371' title='bbox 866 2678 1091 2711; x_wconf 76' lang='lat' dir='ltr'>familiarum</span> <span class='ocrx_word' id='word_1_372' title='bbox 1098 2677 1298 2721; x_wconf 76' lang='lat' dir='ltr'>permixtio</span> <span class='ocrx_word' id='word_1_373' title='bbox 1309 2675 1451 2720; x_wconf 76' lang='lat' dir='ltr'>probat,</span> <span class='ocrx_word' id='word_1_374' title='bbox 1464 2676 1593 2709; x_wconf 81' lang='lat' dir='ltr'>Messia</span> <span class='ocrx_word' id='word_1_375' title='bbox 1601 2675 1715 2719; x_wconf 80' lang='lat' dir='ltr'>mjam</span> <span class='ocrx_word' id='word_1_376' title='bbox 1725 2673 1925 2707; x_wconf 78' lang='lat' dir='ltr'>advenisse.</span> 
     </span>
    </p>

    <p class='ocr_par' dir='ltr' id='par_1_9' title="bbox 191 2728 1925 2777">
     <span class='ocr_line' id='line_1_37' title="bbox 191 2728 1925 2777; baseline -0.003 -13"><span class='ocrx_word' id='word_1_377' title='bbox 191 2730 285 2764; x_wconf 80' lang='lat' dir='ltr'>Nam</span> <span class='ocrx_word' id='word_1_378' title='bbox 308 2731 460 2766; x_wconf 81' lang='lat' dir='ltr'>Messias</span> <span class='ocrx_word' id='word_1_379' title='bbox 478 2731 690 2777; x_wconf 75' lang='lat' dir='ltr'>praedictus</span> <span class='ocrx_word' id='word_1_380' title='bbox 709 2734 766 2766; x_wconf 78' lang='lat' dir='ltr'>est</span> <span class='ocrx_word' id='word_1_381' title='bbox 785 2731 960 2765; x_wconf 80' lang='lat' dir='ltr'>oriundus</span> <span class='ocrx_word' id='word_1_382' title='bbox 979 2731 1023 2764; x_wconf 87' lang='lat' dir='ltr'>de</span> <span class='ocrx_word' id='word_1_383' title='bbox 1040 2732 1164 2764; x_wconf 79' lang='lat' dir='ltr'>radice</span> <span class='ocrx_word' id='word_1_384' title='bbox 1190 2731 1302 2771; x_wconf 77' lang='lat' dir='ltr'>Jesse,</span> <span class='ocrx_word' id='word_1_385' title='bbox 1330 2729 1427 2763; x_wconf 86' lang='lat' dir='ltr'>filius</span> <span class='ocrx_word' id='word_1_386' title='bbox 1446 2729 1585 2763; x_wconf 78' lang='lat' dir='ltr'>David:</span> <span class='ocrx_word' id='word_1_387' title='bbox 1614 2728 1720 2762; x_wconf 83' lang='lat' dir='ltr'>modo</span> <span class='ocrx_word' id='word_1_388' title='bbox 1748 2729 1870 2760; x_wconf 85' lang='lat' dir='ltr'>autem</span> <span class='ocrx_word' id='word_1_389' title='bbox 1890 2736 1925 2758; x_wconf 68' lang='lat' dir='ltr'>se</span> 
     </span>
    </p>

    <p class='ocr_par' dir='ltr' id='par_1_10' title="bbox 192 2780 1922 2881">
     <span class='ocr_line' id='line_1_38' title="bbox 192 2780 1922 2829; baseline -0.003 -12"><span class='ocrx_word' id='word_1_390' title='bbox 192 2783 342 2818; x_wconf 79' lang='lat' dir='ltr'>Davidis</span> <span class='ocrx_word' id='word_1_391' title='bbox 360 2784 477 2819; x_wconf 84' lang='lat' dir='ltr'>filium</span> <span class='ocrx_word' id='word_1_392' title='bbox 496 2785 591 2819; x_wconf 83' lang='lat' dir='ltr'>libro</span> <span class='ocrx_word' id='word_1_393' title='bbox 611 2785 736 2829; x_wconf 81' lang='lat' dir='ltr'>aliquo</span> <span class='ocrx_word' id='word_1_394' title='bbox 755 2784 1005 2829; x_wconf 79' lang='lat' dir='ltr'>generationis</span> <span class='ocrx_word' id='word_1_395' title='bbox 1024 2784 1078 2817; x_wconf 79' lang='lat' dir='ltr'>vel</span> <span class='ocrx_word' id='word_1_396' title='bbox 1097 2784 1326 2817; x_wconf 84' lang='lat' dir='ltr'>documentis</span> <span class='ocrx_word' id='word_1_397' title='bbox 1341 2783 1500 2826; x_wconf 84' lang='lat' dir='ltr'>publicis</span> <span class='ocrx_word' id='word_1_398' title='bbox 1515 2781 1750 2825; x_wconf 79' lang='lat' dir='ltr'>comprobare</span> <span class='ocrx_word' id='word_1_399' title='bbox 1765 2780 1922 2822; x_wconf 73' lang='lat' dir='ltr'>amplius</span> 
     </span>
     <span class='ocr_line' id='line_1_39' title="bbox 192 2839 418 2881; baseline 0.009 -11"><span class='ocrx_word' id='word_1_400' title='bbox 192 2847 266 2870; x_wconf 86' lang='lat' dir='ltr'>nou</span> <span class='ocrx_word' id='word_1_401' title='bbox 284 2839 418 2881; x_wconf 66' lang='lat' dir='ltr'>posset.</span> 
     </span>
    </p>

    <p class='ocr_par' dir='ltr' id='par_1_11' title="bbox 140 2886 1924 2935">
     <span class='ocr_line' id='line_1_40' title="bbox 140 2886 1924 2935; baseline -0.006 -10"><span class='ocrx_word' id='word_1_402' title='bbox 140 2887 144 2890; x_wconf 53' lang='grc'><em>’</em></span> <span class='ocrx_word' id='word_1_403' title='bbox 338 2890 364 2935; x_wconf 73' lang='lat'>²)</span> <span class='ocrx_word' id='word_1_404' title='bbox 382 2890 426 2924; x_wconf 80' lang='lat' dir='ltr'>Is.</span> <span class='ocrx_word' id='word_1_405' title='bbox 448 2894 480 2932; x_wconf 74' lang='lat'>⁶2,</span> <span class='ocrx_word' id='word_1_406' title='bbox 503 2896 517 2925; x_wconf 95' lang='grc'>1</span> <span class='ocrx_word' id='word_1_407' title='bbox 539 2903 586 2926; x_wconf 87' lang='lat' dir='ltr'>s.:</span> <span class='ocrx_word' id='word_1_408' title='bbox 615 2893 662 2926; x_wconf 74' lang='lat' dir='ltr'>Et</span> <span class='ocrx_word' id='word_1_409' title='bbox 689 2893 755 2926; x_wconf 77' lang='lat' dir='ltr'>erit</span> <span class='ocrx_word' id='word_1_410' title='bbox 782 2893 820 2924; x_wconf 76' lang='lat' dir='ltr'>in</span> <span class='ocrx_word' id='word_1_411' title='bbox 847 2892 1042 2924; x_wconf 63' lang='lat' dir='ltr'>noi-issimis</span> <span class='ocrx_word' id='word_1_412' title='bbox 1066 2891 1191 2923; x_wconf 79' lang='lat' dir='ltr'>diebus</span> <span class='ocrx_word' id='word_1_413' title='bbox 1213 2894 1456 2933; x_wconf 70' lang='lat' dir='ltr'>praeparatus</span> <span class='ocrx_word' id='word_1_414' title='bbox 1473 2899 1569 2922; x_wconf 79' lang='lat' dir='ltr'>mons</span> <span class='ocrx_word' id='word_1_415' title='bbox 1587 2890 1710 2921; x_wconf 78' lang='lat' dir='ltr'>domus</span> <span class='ocrx_word' id='word_1_416' title='bbox 1728 2886 1874 2919; x_wconf 54' lang='lat' dir='ltr'>Dt-mz&#39;m·</span> <span class='ocrx_word' id='word_1_417' title='bbox 1892 2886 1924 2916; x_wconf 81' lang='lat' dir='ltr'>in</span> 
     </span>
    </p>

    <p class='ocr_par' dir='ltr' id='par_1_12' title="bbox 191 2939 1925 2989">
     <span class='ocr_line' id='line_1_41' title="bbox 191 2939 1925 2989; baseline -0.005 -12"><span class='ocrx_word' id='word_1_418' title='bbox 191 2945 315 2977; x_wconf 71' lang='lat' dir='ltr'>vertice</span> <span class='ocrx_word' id='word_1_419' title='bbox 333 2946 516 2989; x_wconf 76' lang='lat' dir='ltr'>montium,</span> <span class='ocrx_word' id='word_1_420' title='bbox 537 2950 567 2978; x_wconf 79' lang='lat' dir='ltr'>et</span> <span class='ocrx_word' id='word_1_421' title='bbox 585 2946 777 2979; x_wconf 71' lang='lat' dir='ltr'>elevabitur</span> <span class='ocrx_word' id='word_1_422' title='bbox 795 2955 901 2988; x_wconf 80' lang='lat' dir='ltr'>super</span> <span class='ocrx_word' id='word_1_423' title='bbox 919 2944 1027 2985; x_wconf 80' lang='lat' dir='ltr'>colles,</span> <span class='ocrx_word' id='word_1_424' title='bbox 1046 2948 1077 2977; x_wconf 81' lang='lat' dir='ltr'>et</span> <span class='ocrx_word' id='word_1_425' title='bbox 1093 2945 1201 2985; x_wconf 76' lang='lat' dir='ltr'>fluent</span> <span class='ocrx_word' id='word_1_426' title='bbox 1227 2943 1273 2976; x_wconf 78' lang='lat' dir='ltr'>ad</span> <span class='ocrx_word' id='word_1_427' title='bbox 1299 2954 1374 2975; x_wconf 78' lang='lat' dir='ltr'>eum</span> <span class='ocrx_word' id='word_1_428' title='bbox 1404 2952 1517 2975; x_wconf 75' lang='lat' dir='ltr'>omnes</span> <span class='ocrx_word' id='word_1_429' title='bbox 1532 2945 1655 2984; x_wconf 66' lang='lat' dir='ltr'>ymnus.</span> <span class='ocrx_word' id='word_1_430' title='bbox 1692 2940 1738 2971; x_wconf 67' lang='lat' dir='ltr'>E!</span> <span class='ocrx_word' id='word_1_431' title='bbox 1756 2939 1852 2970; x_wconf 78' lang='lat' dir='ltr'>ibunt</span> <span class='ocrx_word' id='word_1_432' title='bbox 1863 2948 1925 2979; x_wconf 74' lang='lat' dir='ltr'>pct-</span> 
     </span>
    </p>

    <p class='ocr_par' dir='ltr' id='par_1_13' title="bbox 187 2991 1924 3040">
     <span class='ocr_line' id='line_1_42' title="bbox 187 2991 1924 3040; baseline -0.005 -10"><span class='ocrx_word' id='word_1_433' title='bbox 187 2998 271 3040; x_wconf 75' lang='lat' dir='ltr'>puli</span> <span class='ocrx_word' id='word_1_434' title='bbox 286 2999 399 3040; x_wconf 77' lang='lat' dir='ltr'>nnclti,</span> <span class='ocrx_word' id='word_1_435' title='bbox 418 3003 448 3031; x_wconf 76' lang='lat' dir='ltr'>et</span> <span class='ocrx_word' id='word_1_436' title='bbox 465 2999 600 3032; x_wconf 81' lang='lat' dir='ltr'>dicent:</span> <span class='ocrx_word' id='word_1_437' title='bbox 625 2999 743 3033; x_wconf 78' lang='lat' dir='ltr'>Venite</span> <span class='ocrx_word' id='word_1_438' title='bbox 761 3003 791 3032; x_wconf 77' lang='lat' dir='ltr'>et</span> <span class='ocrx_word' id='word_1_439' title='bbox 809 2998 1038 3031; x_wconf 78' lang='lat' dir='ltr'>ascendamus</span> <span class='ocrx_word' id='word_1_440' title='bbox 1057 2998 1103 3030; x_wconf 80' lang='lat' dir='ltr'>ad</span> <span class='ocrx_word' id='word_1_441' title='bbox 1119 3002 1266 3030; x_wconf 69' lang='lat' dir='ltr'>montem</span> <span class='ocrx_word' id='word_1_442' title='bbox 1287 2997 1445 3039; x_wconf 79' lang='lat' dir='ltr'>Domini,</span> <span class='ocrx_word' id='word_1_443' title='bbox 1474 2996 1563 3028; x_wconf 79' lang='lat' dir='ltr'>etad</span> <span class='ocrx_word' id='word_1_444' title='bbox 1576 2994 1712 3027; x_wconf 76' lang='lat' dir='ltr'>domum</span> <span class='ocrx_word' id='word_1_445' title='bbox 1733 2993 1795 3023; x_wconf 84' lang='lat' dir='ltr'>Dei</span> <span class='ocrx_word' id='word_1_446' title='bbox 1805 2991 1924 3030; x_wconf 79' lang='lat' dir='ltr'>Jacob,</span> 
     </span>
    </p>
   </div>
   <div class='ocr_carea' id='block_1_5' title="bbox 124 3044 1924 3092">
    <p class='ocr_par' dir='ltr' id='par_1_14' title="bbox 124 3044 1924 3092">
     <span class='ocr_line' id='line_1_43' title="bbox 124 3044 1924 3092; baseline -0.006 -8"><span class='ocrx_word' id='word_1_447' title='bbox 124 3076 127 3079; x_wconf 83' lang='lat'><em>-</em></span> <span class='ocrx_word' id='word_1_448' title='bbox 192 3055 224 3084; x_wconf 81' lang='lat' dir='ltr'>et</span> <span class='ocrx_word' id='word_1_449' title='bbox 237 3051 365 3084; x_wconf 81' lang='lat' dir='ltr'>docebit</span> <span class='ocrx_word' id='word_1_450' title='bbox 377 3052 534 3085; x_wconf 72' lang='lat' dir='ltr'>nos&#39;cias</span> <span class='ocrx_word' id='word_1_451' title='bbox 548 3063 642 3085; x_wconf 82' lang='lat' dir='ltr'>suas.</span> <span class='ocrx_word' id='word_1_452' title='bbox 658 3056 688 3085; x_wconf 81' lang='lat' dir='ltr'>et</span> <span class='ocrx_word' id='word_1_453' title='bbox 702 3052 958 3085; x_wconf 77' lang='lat' dir='ltr'>ambulabivms</span> <span class='ocrx_word' id='word_1_454' title='bbox 971 3052 1007 3083; x_wconf 76' lang='lat' dir='ltr'>in</span> <span class='ocrx_word' id='word_1_455' title='bbox 1027 3051 1156 3083; x_wconf 71' lang='lat' dir='ltr'>sentitis</span> <span class='ocrx_word' id='word_1_456' title='bbox 1169 3051 1242 3092; x_wconf 75' lang='lat' dir='ltr'>ejus</span> <span class='ocrx_word' id='word_1_457' title='bbox 1253 3062 1263 3082; x_wconf 91' lang='lat'>.·</span> <span class='ocrx_word' id='word_1_458' title='bbox 1279 3050 1361 3092; x_wconf 70' lang='lat' dir='ltr'>quia</span> <span class='ocrx_word' id='word_1_459' title='bbox 1385 3050 1426 3081; x_wconf 80' lang='lat' dir='ltr'>de</span> <span class='ocrx_word' id='word_1_460' title='bbox 1444 3048 1527 3081; x_wconf 82' lang='lat' dir='ltr'>Sion</span> <span class='ocrx_word' id='word_1_461' title='bbox 1550 3047 1653 3080; x_wconf 66' lang='lat' dir='ltr'>eoeibit</span> <span class='ocrx_word' id='word_1_462' title='bbox 1677 3046 1730 3078; x_wconf 71' lang='lat' dir='ltr'>lm·</span> <span class='ocrx_word' id='word_1_463' title='bbox 1744 3050 1773 3077; x_wconf 68' lang='lat' dir='ltr'>ec</span> <span class='ocrx_word' id='word_1_464' title='bbox 1788 3044 1924 3076; x_wconf 74' lang='lat' dir='ltr'>rei-bum</span> 
     </span>
    </p>
   </div>
   <div class='ocr_carea' id='block_1_6' title="bbox 192 3105 1709 3191">
    <p class='ocr_par' dir='ltr' id='par_1_15' title="bbox 192 3105 1709 3191">
     <span class='ocr_line' id='line_1_44' title="bbox 192 3105 625 3140; baseline 0 -2"><span class='ocrx_word' id='word_1_465' title='bbox 192 3106 341 3138; x_wconf 77' lang='lat' dir='ltr'>Domini</span> <span class='ocrx_word' id='word_1_466' title='bbox 358 3106 398 3138; x_wconf 80' lang='lat' dir='ltr'>de</span> <span class='ocrx_word' id='word_1_467' title='bbox 415 3105 625 3140; x_wconf 78' lang='lat' dir='ltr'>Jerusalem.</span> 
     </span>
     <span class='ocr_line' id='line_1_45' title="bbox 1673 3158 1709 3191; baseline 0 -22"><span class='ocrx_word' id='word_1_468' title='bbox 1673 3158 1709 3191; x_wconf 78' lang='grc'>6.</span> 
     </span>
    </p>
   </div>
  </div>
 </body>
</html>
