2175 3382
632 141 675 175 de
693 140 814 175 medio
831 139 1094 185 propagandae
1114 140 1300 174 doct-rinae
1320 141 1464 174 Christi.
1824 145 1905 187 135

176 264 336 302 emersit
357 265 397 301 et
417 262 543 300 adhuc
564 262 676 299 hodie
699 264 894 310 superstes
916 264 1002 298 est?
1033 274 1082 297 an
1105 262 1172 308 qui
1208 264 1296 298 ante
1320 274 1389 298 1105
1411 263 1532 298 testes
1557 262 1795 299 exstiterunt
1816 263 1903 311 qui-

176 336 252 372 que
274 324 364 360 ante
384 333 455 359 nos
478 320 640 358 eandem
662 320 917 358 traditionem
937 320 979 356 in
1002 320 1172 357 Ecclesia
1193 322 1419 363 tenuerunt,
1443 333 1559 368 quam
1584 322 1623 357 et
1645 321 1718 369 ipsi
1733 334 1906 369 aparen-

175 383 283 420 tibus
305 381 387 418 suis
409 381 636 428 acceperant
656 382 697 416 et
718 380 893 428 ipsorum
915 380 1095 426 parentes
1119 392 1139 415 a
1161 379 1375 426 majoribus
1400 379 1481 415 suis
1505 379 1747 416 didicerant?
1769 392 1906 428 quem-

176 440 384 478 admodum
407 438 590 482 Ecclesia,
614 451 732 486 quam
754 451 775 474 a
797 437 975 486 patribus
999 437 1079 474 suis
1094 437 1252 485 accepit,
1275 439 1419 474 rectam
1435 440 1474 473 et
1488 438 1674 474 sinceram
1689 438 1801 475 fidem
1816 451 1904 475 eum

175 498 459 537 traditionibus
483 497 531 534 ad
553 497 656 534 hunc
678 496 781 534 diem
803 497 994 534 observat.
1006 501 1022 519 «

293 566 336 610 4.
373 564 573 606 Statuunt
606 569 748 616 patres
782 563 1145 615 praedicationem
1180 563 1510 603 ecclesiasticam
1546 574 1779 603 consonam
1815 575 1906 604 esse

177 648 385 684 normam,
403 636 526 688 juxta
548 647 676 688 quam
699 634 750 675 de
772 634 959 674 revelata
978 633 1190 686 judicetur
1212 633 1427 680 doctriiia;
1463 636 1502 673 et
1535 637 1751 685 tamquam
1785 646 1908 685 argu-

178 711 322 748 mento
344 707 546 759 principe,
578 710 727 746 contra
759 704 872 758 quod
907 704 1021 745 nulla
1044 704 1204 744 valeret
1226 704 1429 755 exceptio,
1464 703 1528 743 usi
1563 707 1660 743 sunt
1691 708 1908 755 pastorum

179 789 390 819 consensu
422 781 465 836 ‘et
499 776 743 818 testimonio
778 787 1075 816 successorum
1109 774 1401 826 apostolorum
1443 773 1497 813 ad
1532 773 1909 813 demonstrandam

183 848 421 890 doctrinam
442 847 550 897 fidei,
573 851 615 888 et
638 847 692 887 ad
715 845 1052 887 convincendam
1075 845 1231 886 erroris
1253 844 1490 885 doctrinam
1514 844 1782 884 contrariam.

295 924 357 960 Ita
377 923 416 960 in
440 922 605 960 concilio
640 922 904 970 ephesino,
939 922 1040 958 teste
1062 920 1335 958 Vincentio
1367 919 1557 965 lirinensi,
1595 930 1711 961 „cum
1743 917 1910 960 de‚san-

179 983 326 1021 ciendis
346 982 437 1019 fidei
457 982 606 1032 regulis
629 981 929 1030 disceptaretur,
953 992 1002 1017 ne
1025 992 1102 1027 qua
1123 980 1205 1016 illic
1227 979 1389 1027 profana
1411 978 1563 1015 novitas
1584 978 1626 1015 in
1648 976 1806 1013 modum
1829 989 1912 1024 per-

179 1042 293 1079 fidiae
314 1041 562 1078 ariminensis
585 1041 801 1089 obreperet,
826 1039 1024 1077 universis
1047 1038 1329 1083 sacerdotibus,
1353 1037 1421 1086 qui
1443 1037 1513 1073 1110
1537 1036 1696 1073 ducenti
1730 1035 1808 1071 sere
1838 1048 1911 1072 nu-

179 1113 286 1139 mero
319 1102 590 1144 convenerant,
626 1100 697 1137 hoc
732 1098 1089 1142 catholicissimum,
1125 1097 1396 1134 fidelissimum
1431 1098 1548 1143 atque
1583 1094 1775 1144 optimum
1808 1093 1914 1131 factu

178 1160 310 1198 visum
332 1161 403 1203 est,
438 1161 484 1196 ut-
505 1159 547 1196 in
569 1159 742 1196 medium
765 1160 990 1195 sanctorum
1012 1158 1169 1205 patrum
1193 1156 1409 1194 sententiae
1432 1154 1712 1203 proferrentur,
1747 1165 1911 1200 quorum

181 1219 277 1257 alios
299 1220 504 1267 martyres,
540 1218 637 1255 alios
669 1217 921 1260 confessores,
955 1227 1089 1253 omnes
1112 1227 1203 1252 vero
1236 1214 1443 1252 catholicos
1475 1213 1694 1250 sacerdotes
1726 1211 1844 1248 fuisse
1877 1214 1915 1248 et

179 1277 438 1327 permansisse
461 1279 679 1320 constaret;
714 1278 761 1314 ut
795 1276 946 1313 scilicet
966 1275 1041 1312 rite
1077 1276 1195 1322 atque
1227 1273 1454 1311 solemniter
1485 1285 1529 1309 ex
1561 1284 1692 1309 eorum
1727 1282 1917 1308 consensu

180 1338 298 1385 atque
311 1338 463 1373 decreto
477 1336 631 1384 antiqui
653 1335 845 1385 dogmatis
867 1334 1008 1383 religio
1032 1333 1325 1370 confirmaretur
1347 1335 1386 1369 et
1407 1331 1588 1380 profanae
1610 1329 1798 1367 novitatis
1812 1329 1915 1366 blas-

180 1396 338 1445 phemia
358 1395 708 1433 condemnaretur«
732 1394 772 1443 l).
794 1417 851 1421 -—
873 1394 953 1430 Ire
967 1405 1120 1430 naeus
1142 1392 1261 1441 praef.
1284 1393 1308 1431 1.
1334 1398 1354 1431 5
1382 1391 1531 1435 scribit,
1559 1402 1598 1426 50
1621 1389 1805 1426 evertisse
1828 1388 1915 1425 doc-

180 1455 304 1492 trinas
324 1454 608 1492 haereticorum
634 1480 651 1498 »
661 1454 908 1491 manifestato
931 1452 1136 1500 praeconio
1168 1451 1374 1495 Ecclesiae,
1399 1449 1503 1498 quod
1525 1449 1736 1497 prophetae
1759 1447 1916 1495 quidem

179 1516 533 1563 praeconaverunt,
576 1512 905 1561 quemadmodum
941 1510 1317 1555 demonstravimus,
1362 1508 1525 1557 perfecit
1559 1510 1690 1544 autem
1725 1506 1914 1550 Christus,

182 1573 349 1621 apostoli
370 1585 460 1610 vero
481 1572 741 1616 tradiderunt,
766 1584 788 1608 a
810 1570 955 1619 quibus
980 1570 1152 1606 Ecclesia
1175 1568 1368 1616 accipiens
1390 1580 1458 1615 per
1480 1567 1710 1604 universum
1725 1564 1917 1601 mundum

183 1632 266 1669 sola
287 1632 385 1669 110110
407 1631 634 1669 custodiens
656 1630 822 1668 tradidit
844 1629 934 1666 filiis
958 1629 1078 1666 51115.<<
1115 1628 1261 1664 Eadem
1282 1627 1434 1663 ratione
1456 1625 1590 1673 rejecit
1604 1623 1751 1661 Florini
1766 1635 1917 1660 errores

185 1689 305 1743 (apud
326 1690 600 1728 Eusebium
623 1690 670 1728 H.
693 1690 734 1726 E.
758 1689 803 1730 V.
831 1687 924 1740 20):
960 1714 976 1731 »
987 1688 1092 1724 Haec
1115 1687 1296 1736 dogmata
1318 1684 1511 1722 Ecclesiae
1532 1696 1610 1721 non
1633 1684 1727 1720 sunt
1749 1694 1917 1720 consona

185 1779 192 1786 .
216 1782 224 1788 .
248 1780 255 1786 .
278 1749 371 1787 haec
393 1750 577 1799 dogmata
598 1749 667 1797 qui
689 1751 779 1785 ante
802 1760 872 1785 nos
895 1747 1077 1784 exstitere
1109 1745 1328 1794 presbyteri
1360 1744 1506 1792 quique
1539 1743 1805 1791 apostolorum
1839 1741 1917 1778 dis—

183 1809 305 1858 cipuli
336 1808 455 1852 fuere,
488 1821 568 1845 non
599 1807 888 1844 tradiderunt.«
913 1827 968 1833 —-
991 1806 1050 1842 Ita
1071 1803 1391 1841 Athanasius
1429 1815 1486 1850 ep.
1509 1802 1557 1839 ad
1578 1801 1800 1849 Epictetum
1832 1813 1869 1836 11.
1895 1806 1916 1839 3

182 1867 317 1905 relatis
340 1867 579 1916 quibusdam
601 1866 801 1904 erroribus
825 1877 889 1902 eos
911 1864 1096 1913 reprobat
1117 1864 1189 1900 hoc
1210 1865 1326 1900 utens
1349 1861 1524 1898 criterio:
1551 1860 1681 1904 „Haec
1709 1859 1918 1896 catholicae

183 1926 378 1963 Ecclesiae
401 1939 480 1963 non
503 1928 607 1970 sunt,
631 1938 701 1962 nec
724 1938 766 1962 ea
789 1926 850 1962 est
870 1926 1028 1972 patrum
1052 1922 1256 1960 sententia.
1269 1927 1286 1944 «
1310 1944 1367 1948 —
1387 1921 1448 1957 Ita
1471 1919 1720 1968 Origenes
1743 1918 1790 1954 de
1812 1917 1919 1966 prin—

181 1985 295 2035 cipiis
315 1985 434 2033 praef.
456 1998 493 2022 11.
520 1991 563 2024 2:
599 1985 722 2028 „Cum
745 1983 862 2020 multi
885 1982 975 2027 sint,
1011 1981 1079 2030 qui
1108 1994 1146 2018 se
1168 1982 1314 2029 putant
1337 1979 1482 2017 sentire
1515 1991 1614 2027 quae
1638 1976 1783 2015 Christi
1815 1979 1918 2021 sunt,

181 2046 221 2081 et
242 2045 425 2081 nonnulli
448 2056 584 2081 eorum
606 2044 760 2080 diversa
782 2056 803 2079 a
816 2042 1014 2091 prioribus
1030 2040 1214 2085 sentiant,
1239 2041 1416 2076 servetur
1429 2049 1521 2075 vero
1537 2036 1795 2074 ecclesiastica
1808 2048 1919 2084 prae-

182 2103 323 2141 dicatio
344 2116 414 2152 per
436 2103 694 2140 successionis
717 2100 895 2139 ordinem
918 2101 966 2137 ab
988 2099 1175 2148 apostolis
1197 2098 1343 2135 tradita
1375 2099 1414 2134 et
1435 2108 1561 2144 usque
1585 2095 1631 2132 ad
1663 2106 1847 2143 praesens
1878 2094 1920 2130 in

181 2162 351 2199 ecclesiis
373 2174 627 2211 permanens:
663 2161 732 2198 illa
754 2161 837 2197 sola
859 2159 1050 2197 credenda
1072 2160 1132 2195 est
1152 2158 1310 2201 veritas,
1343 2168 1441 2204 quae
1464 2156 1506 2192 in
1528 2155 1639 2192 nullo
1662 2154 1708 2191 ab
1741 2153 1919 2190 ecclesia-

182 2221 279 2258 stica
300 2223 339 2258 et
361 2221 575 2270 apostolica
596 2220 793 2257 discordat
814 2219 1070 2256 traditiona«
1107 2217 1217 2254 Unde
1240 2216 1403 2264 pulchre
1426 2215 1527 2252 110111.
1556 2220 1604 2253 18
1629 2213 1670 2250 111
1683 2213 1774 2249 Luc.
1796 2212 1920 2249 homi-

182 2293 272 2317 nem
293 2280 474 2317 veritatis
498 2280 684 2328 cupidum
714 2279 917 2315 hortatur:
954 2277 1039 2321 „Tu
1071 2288 1161 2325 ergo
1195 2287 1381 2324 quaerere
1413 2273 1550 2310 ε10511111
1585 2272 1627 2308 111
1661 2271 1807 2319 templo
1838 2270 1919 2314 Dei,

184 2351 370 2387 quaerere
392 2339 435 2375 in
456 2338 648 2376 Ecclesia:
684 2349 869 2386 quaerere
904 2349 994 2374 eum
1016 2335 1120 2384 apud
1142 2333 1364 2383 magistros,
1401 2332 1471 2380 qui
1500 2331 1541 2368 in
1573 2331 1720 2379 templo
1756 2331 1848 2366 511111
1883 2332 1920 2365 et

184 2410 264 2435 non
286 2398 547 2447 egrediuntur
568 2410 613 2434 ex
637 2408 692 2434 00.
736 2396 776 2432 Si
799 2396 903 2432 enim
925 2395 981 2431 ita
1004 2392 1230 2442 quaesieris,
1255 2392 1432 2429 invenies
1456 2395 1587 2427 011111.<<

305 2467 346 2509 5.
368 2465 532 2506 Docent
545 2476 720 2505 causam
743 2462 993 2504 efficientem
1015 2461 1189 2502 unitatis
1210 2459 1306 2500 fidei
1329 2463 1370 2499 et
1392 2458 1610 2499 doctrinae
1637 2467 1730 2496 esse
1754 2454 1921 2505 conspi-

185 2537 395 2577 rationem
418 2547 514 2576 cum
537 2534 748 2576 sententia
771 2532 968 2585 episcopi,
1004 2532 1074 2584 qui
1096 2535 1137 2572 et
1158 2531 1247 2582 ipse
1271 2541 1366 2569 cum
1390 2527 1482 2568 aliis
1505 2527 1728 2578 conspiret.
1779 2523 1918 2574 „Prius

187 2606 390 2647 admonui
411 2618 502 2655 vos,
525 2604 669 2646 scribit
689 2608 866 2656 paterne
889 2616 920 2646 5.
942 2602 1190 2654 Ignatius
1213 2600 1266 2640 ad
1289 2599 1484 2651 ephesios
1507 2611 1545 2637 n.
1569 2601 1606 2645 3,
1630 2601 1674 2637 ut
1696 2596 1917 2636 unanimes

189 2677 278 2717 sitis
309 2677 354 2717 in
383 2676 597 2718 sententia
626 2675 711 2718 Dei.
753 2674 918 2715 Etenim
951 2673 1073 2714 Jesus
1105 2672 1295 2713 Christus
1329 2667 1623 2721 inseparabilis
1655 2667 1742 2706 vita
1772 2669 1917 2705 nostra

188 2746 331 2787 Patris
353 2751 417 2787 est
446 2750 667 2792 sententia.v
698 2746 806 2786 510111
837 2748 879 2785 et
911 2744 1097 2796 episcopi
1128 2755 1204 2795 per
1234 2741 1340 2782 fines
1361 2745 1500 2781 terrae
1524 2737 1738 2778 constituti
1760 2736 1801 2775 in
1823 2734 1920 2775 Jesu

191 2815 345 2858 Christi
356 2818 566 2858 sententia
580 2821 688 2858 sunt.
700 2815 820 2858 Unde
833 2818 999 2867 oportet
1013 2826 1089 2855 vos
1103 2813 1326 2854 unanimes
1342 2822 1435 2852 esse
1450 2808 1684 2850 sententiae
1697 2805 1913 2858 episcopi:

339 2949 361 2987 ¹)
380 2945 598 2980 commonit.
617 2956 667 2979 ec.
687 2948 741 2979 28.
762 2947 805 2978 29
825 2946 861 2977 et
879 2947 919 2977 31
943 2954 1025 2976 cum
1044 2943 1169 2976 annot.
1190 2941 1286 2974 511115.
1307 2949 1427 2984 opusc.
1443 2940 1467 2971 t.
1486 2937 1546 2976 IX,
1566 2937 1602 2969 in
1621 2931 1916 2977 (111ι1111ιι1-111ὶω111

191 2999 383 3033 luculenta
397 2999 566 3043 reperies.
585 2998 639 3034 Cf.
659 2998 743 3032 Lib
756 3010 774 3032 e
786 2999 863 3031 1111
875 3009 890 3030 s
909 3008 964 3040 ep.
984 2997 1030 3029 ad
1046 2995 1303 3029 Constantium
1318 3005 1351 3026 n.
1368 2995 1409 3029 ὃς
1429 2992 1454 3024 F
1466 3002 1487 3023 n
1500 2990 1511 3023 1
1524 3002 1547 3031 a·
1558 3000 1575 3022 e
1588 2990 1635 3021 nt
1649 2989 1657 3020 i
1671 2999 1693 3019 u
1705 2999 1719 3016 s
1738 2986 1781 3018 de
1793 2984 1920 3017 Trinit.

192 3062 220 3085 0.
245 3054 280 3090 1;
300 3051 565 3085 Cassianus
583 3051 626 3084 de
644 3051 781 3084 incarn.
800 3050 827 3091 I,
845 3053 885 3087 ὃς
914 3049 974 3089 VI,
994 3054 1013 3083 5
1032 3058 1155 3092 opusc‘.
1174 3049 1200 3081 t.
1219 3045 1371 3083 XXX&
1401 3044 1628 3084 aliorumque·
1654 3036 1865 3072 testimonia
1883 3035 1921 3068 in

192 3103 308 3148 praef.
329 3114 452 3147 opusc.
471 3105 497 3137 t.
519 3103 565 3137 [Χ
583 3116 618 3138 11.
638 3106 693 3137 19.
712 3107 775 3141 2‘2;
795 3102 1034 3136 Heinrich
1054 3102 1081 3135 t.
1100 3101 1116 3133 I
1133 3102 1152 3145 ξ
1172 3102 1226 3135 66.
