2175 3382
186 152 269 192 :25⁴6
447 144 565 176 'si-act.
589 142 647 175 [ll.
666 140 719 175 De
740 141 908 174 Ecclesia.
930 143 1036 174 (jone.
1056 140 1373 174 oecumenicorum
1394 137 1655 173 infallibilitate.

304 273 396 305 271.
433 261 676 305 Scholion.
714 263 968 300 Conciliorum
993 262 1248 309 infallibiliter.»-
1281 267 1332 298 est
1350 262 1467 309 plane
1490 262 1743 310 independens
1777 274 1800 298 a
1834 274 1919 298 con-

183 338 292 363 sensu
315 330 346 361 et
369 325 619 372 acceptatione
640 322 876 371 subsequenti
897 321 1088 358 Ecclesiae
1107 318 1152 372 1).
1194 320 1317 365 Quam
1340 319 1604 358 conditionem
1635 319 1778 357 idcirco
1811 332 1921 358 exco-

183 385 364 434 gitarunt
380 381 686 431 janseniani
719 381 937 428 horumque
960 380 1139 424 asseclae,
1174 382 1217 416 ut
1251 379 1406 417 facilius
1439 379 1646 416 eluderent
1677 379 1922 416 decretorum

184 442 468 480 auctoritatem.
511 441 605 478 Eam
629 453 719 477 vero
743 452 827 477 esse
849 440 964 488 plane
987 438 1238 487 rejiciendam
1261 438 1598 487 damnandamque
1622 439 1748 487 patet:

304 499 343 542 l.
367 501 461 550 quia
482 500 670 537 innititur
694 499 854 536 immani
878 498 1001 536 errori
1033 498 1078 535 de
1110 499 1306 546 potestate
1338 497 1595 535 ecclesiastica
1625 510 1647 534 a
1669 497 1820 534 Christo
1851 497 1923 533 im-

184 561 349 598 mediate
372 572 552 597 concessa
573 558 750 595 fidelium
774 557 912 601 coetui,
937 570 956 594 e
979 569 1057 605 quo
1081 557 1123 594 in
1145 557 1338 594 Ecclesiae
1360 556 1563 593 ministros
1585 555 1809 599 derivetur;

300 617 344 659 2.
369 619 464 667 quia
486 618 633 656 accedit
657 617 703 654 ad
726 616 1030 666 protestantium
1054 628 1223 653 errorem
1257 615 1383 653 omnis
1414 627 1527 652 verae
1550 615 1739 652 Ecclesiae
1762 615 1924 652 subver-

185 679 313 716 sivum
337 678 384 715 de
400 679 490 727 jure
513 677 700 715 examinis
721 676 887 725 privati;
912 674 1005 724 quia
1027 675 1258 712 adversatur

302 736 345 777 3.
369 737 498 775 verbis
521 736 676 778 Christi.
701 735 769 784 qui
794 734 1093 771 infallibilitatis
1114 734 1427 783 praerogativam
1460 733 1769 783 independenter
1790 746 1812 770 a
1833 732 1925 769 fide·

184 798 280 834 lium
304 800 417 835 coetu
440 795 632 834 concessit
654 794 842 843 apostolis
866 805 1083 841 eorumque
1106 793 1147 830 in
1169 793 1331 830 docendi
1354 805 1515 830 munere
1538 791 1845 835 successoribus;

302 853 345 896 4.
371 855 463 904 quia
487 854 684 892 subvertit
715 853 908 890 Ecclesiae
939 844 1264 890 constitutionem
1299 852 1566 901 ordinemque,
1599 863 1687 889 cum
1718 851 1928 888 Ecclesiam

186 915 401 952 discentem
425 914 448 951 i.
472 927 504 952 e.
527 913 755 962 discipulos,
779 912 924 955 fideles,
949 922 1051 956 oves,
1075 911 1269 948 Ecclesiae
1292 910 1468 948 docentis
1492 911 1515 950 i.
1538 923 1568 947 e.
1592 911 1873 960 magistrorum
1889 912 1928 946 et

187 976 390 1023 pastorum
414 973 627 1011 constituat
649 983 850 1015 censores;
874 970 966 1019 quia

304 1031 347 1073 5.
371 1034 523 1082 pugnat
545 1044 633 1069 cum
655 1032 845 1080 perpetua
867 1030 1018 1067 ratione
1040 1029 1182 1079 agendi
1204 1029 1410 1073 Ecclesiae,
1435 1041 1534 1077 quae
1551 1029 1631 1078 jam
1655 1028 1823 1077 aprimo
1838 1040 1929 1065 cou-

185 1092 272 1131 cilio
296 1094 379 1129 Act.
410 1099 470 1137 15,
497 1098 518 1131 6
544 1103 593 1132 ss,
627 1094 664 1128 et
698 1090 880 1138 deinceps
916 1089 1081 1126 decretis
1116 1088 1197 1126 vim
1231 1089 1360 1126 inesse
1396 1087 1565 1125 credidit
1600 1087 1805 1137 obligandi
1838 1089 1929 1124 ante

186 1163 458 1200 quamcunque
481 1150 657 1188 fidelium
679 1149 985 1198 acceptationem
1009 1151 1049 1185 et
1071 1147 1417 1186 confirmationem.
1460 1147 1632 1195 Ideoque
1654 1147 1814 1192 Paulus,
1839 1158 1929 1183 cum

185 1210 476 1259 perambularet
499 1209 652 1259 Syriam
675 1210 713 1246 et
736 1208 910 1246 Ciliciam
932 1207 1105 1256 aliasque
1141 1207 1322 1244 civitates
1355 1206 1587 1244 confirmans
1619 1205 1812 1250 ecclesias,
1851 1217 1929 1243 non

185 1270 402 1319 exploravit
431 1269 606 1306 fidelium
639 1280 870 1306 consensum
902 1267 943 1304 in
964 1267 1231 1315 apostolorum
1255 1266 1536 1314 seniorumque
1559 1265 1839 1309 definitionem,
1863 1263 1931 1302 sed

186 1328 386 1378 praecepit
407 1330 446 1366 et
467 1327 636 1365 tradidit
658 1328 710 1364 eis
731 1327 918 1364 custodire
939 1327 1130 1375 docmata,
1169 1337 1265 1374 quae
1286 1329 1397 1362 erant
1428 1326 1577 1362 decreta
1608 1324 1654 1361 ab
1688 1324 1868 1373 apostolis
1899 1327 1931 1360 et

186 1388 410 1434 senioribus,
433 1389 498 1436 qui
520 1391 629 1424 erant
651 1386 903 1435 Jerosonmz’s
924 1385 976 1422 ib.
1007 1392 1069 1429 16,
1096 1393 1119 1424 4
1144 1385 1213 1422 col.
1243 1391 1306 1424 15,
1333 1392 1398 1424 41-

304 1444 345 1487 6.
369 1446 468 1490 Quia
490 1446 633 1484 evertit
657 1445 911 1482 conciliorum
933 1444 1139 1493 ipsiusque
1155 1443 1457 1480 infallibilitatis
1474 1442 1701 1488 utilitatem,
1726 1455 1815 1480 nam
1830 1454 1931 1479 sem·

186 1519 255 1555 per
276 1506 352 1543 erit
373 1505 550 1550 dubium,
574 1505 701 1554 qualis
725 1506 976 1553 quantusque
1006 1503 1235 1551 requiratur
1267 1502 1442 1540 fidelium
1476 1513 1710 1545 consensus;
1744 1501 1932 1550 quamdiu

188 1565 239 1602 sit
261 1564 577 1614 exspectandum,
601 1566 647 1601 ut
669 1563 763 1600 satis
786 1563 1027 1600 innotescat:
1052 1575 1129 1610 qua
1151 1562 1302 1599 ratione
1317 1562 1563 1598 innotescere
1578 1561 1717 1598 debeat
1728 1563 1799 1598 etc.
1832 1560 1934 1597 Hinc

187 1624 370 1661 damnata
392 1624 469 1661 fuit
490 1635 599 1672 prop,
631 1630 672 1663 11
703 1635 787 1672 syn.
811 1621 1177 1671 pistoriensis:
1204 1647 1221 1665 »
1232 1620 1437 1658 Sententia
1459 1620 1683 1666 enuntians,
1707 1619 1831 1657 veteri
1852 1632 1934 1656 ma-

190 1685 316 1732 jorum
340 1683 539 1727 instit-uto,
565 1683 612 1719 ab
635 1681 862 1730 apostolicis
884 1693 1009 1730 usque
1031 1680 1277 1730 temporibus
1300 1680 1430 1725 ducto,
1465 1692 1535 1728 per
1556 1679 1719 1717 meliora
1739 1678 1934 1716 Ecclesiae

189 1743 318 1780 secula
350 1744 513 1788 servato,
545 1743 747 1790 receptum
779 1740 909 1785 fuisse,
947 1742 1003 1785 ,ut
1039 1740 1195 1777 decreta
1229 1741 1298 1776 aut
1332 1739 1581 1777 definitiones
1616 1740 1686 1775 aut
1719 1737 1935 1776 sententiae

188 1801 307 1839 etiam
329 1802 519 1850 majorum
545 1800 696 1838 sedium
718 1813 795 1837 non
819 1801 1125 1848 acceptarentur,
1161 1799 1238 1836 nisi
1277 1798 1499 1848 recognitae
1521 1797 1688 1835 fuissent
1721 1799 1760 1835 et
1794 1809 1934 1846 appro-

188 1862 300 1898 batae
323 1874 345 1897 a
367 1860 516 1909 synodo
540 1860 801 1899 dioecesan32‘
826 1858 970 1903 falsa,
994 1858 1287 1904 temeraria,
1323 1857 1578 1907 derogans
1612 1869 1682 1906 pro
1715 1869 1787 1894 sua
1816 1867 1935 1906 gene-

188 1920 343 1957 ralitate
366 1919 612 1956 obedientiae
636 1919 787 1955 debitae
820 1917 1171 1956 constitutionibus
1194 1916 1429 1965 apostolicis,
1462 1919 1549 1954 tum
1581 1918 1620 1953 et
1651 1916 1857 1953 sententiis
1888 1915 1936 1952 ab

190 1978 426 2016 hierarchica
460 1978 659 2027 superiore
691 1977 869 2027 legitima
903 1978 1100 2025 potestate
1131 1976 1395 2021 manantibus,
1431 1975 1649 2013 schisma
1679 1975 1856 2012 fovens
1888 1976 1936 2011 et

190 2037 482 2075 haeresims'*
528 2037 580 2075 Of.
605 2037 867 2074 Scheeben
891 2034 910 2078 ἓ
936 2042 1001 2075 31.

310 2119 406 2161 272.
437 2117 803 2161 Demonstratio
827 2130 870 2171 p.
893 2115 974 2159 IV.
1019 2115 1176 2156 Verum
1211 2115 1400 2167 episcopi
1432 2127 1517 2155 non
1551 2113 1688 2155 solum
1719 2113 1762 2153 in
1793 2112 1937 2153 conci—

191 2188 293 2229 lium
316 2189 639 2229 oecumenicum
664 2186 841 2235 collecti,
869 2186 943 2227 sed
968 2187 1096 2227 etiam
1119 2198 1195 2238 per
1218 2185 1367 2226 orbem
1390 2184 1581 2237 dispersi,
1612 2185 1647 2224 si
1680 2183 1939 2225 unanimiter

193 2259 349 2311 aliquid
384 2259 426 2299 in
460 2258 589 2299 rebus
620 2257 718 2298 fidei
751 2258 906 2299 docent
939 2262 979 2298 et
1010 2257 1270 2309 praedicant,
1308 2255 1617 2296 infallibilitatis
1639 2254 1938 2307 praerogativa

192 2335 289 2370 sunt
320 2329 510 2382 praediti.
554 2328 676 2370 Patet
709 2332 799 2369 tum
831 2342 874 2372 a.
908 2340 959 2369 ex
990 2327 1347 2380 promissionibus
1380 2325 1533 2368 Christi
1564 2326 1620 2381 (n.
1647 2328 1732 2370 263
1750 2326 1794 2380 2),
1828 2336 1938 2378 quae

195 2405 415 2452 pastorum
431 2400 573 2441 coetui
588 2403 837 2451 competunt
852 2399 1119 2451 praecisione
1142 2397 1256 2438 facta
1280 2396 1334 2438 ab
1357 2409 1506 2438 eorum
1521 2396 1851 2449 congregatione
1872 2395 1939 2436 vel

195 2470 456 2522 dispersione
479 2470 604 2511 locali
617 2486 629 2519 ,·
651 2474 740 2510 tum
764 2471 812 2513 b.
837 2481 888 2510 ex
910 2469 1189 2522 persuasione
1213 2468 1490 2521 antiquitatis,
1512 2478 1622 2520 quae
1645 2466 1861 2507 doctrinas
1883 2465 1939 2506 ab

193 2541 385 2581 unanimi
408 2541 730 2593 praedicatione
752 2545 988 2593 pastorum,
1020 2541 1098 2581 etsi
1130 2551 1206 2592 per
1228 2539 1376 2580 orbem
1399 2538 1699 2591 dispersorum,
1731 2537 1938 2585 dissonas,

194 2612 433 2653 haereticas
457 2612 514 2667 (n.
544 2612 641 2668 121)
667 2612 843 2652 censuit.
886 2610 992 2651 Hinc
1025 2610 1186 2663 absque
1209 2609 1399 2651 conciliis
1423 2608 1710 2651 oecumenicis
1732 2607 1939 2660 plurimae

195 2683 396 2724 haereses
431 2682 665 2723 exstinctae
696 2682 814 2723 fuere
846 2682 937 2723 sola
968 2682 1160 2722 unanimi
1192 2681 1490 2734 episcoporum
1524 2678 1854 2731 conspiratione,
1895 2682 1940 2719 ut

195 2753 650 2794 Thommassinus
683 2752 779 2793 diss.
802 2758 830 2797 4
863 2753 914 2794 de
937 2752 1098 2801 concil.,
1130 2756 1299 2805 patrum
1326 2750 1474 2800 effatis,
1505 2755 1551 2791 ut
1580 2748 1940 2798 Tertulliani,

198 2823 482 2878 Cypriani,
504 2823 742 2872 Irenaei,
765 2823 1014 2872 Pac-iani,
1036 2820 1939 2875 Hieronymi,Augustinietc.osten-

345 2999 367 3044 ¹)
386 2998 517 3042 Neque
536 2998 582 3032 ad
602 3009 682 3032 eam
700 2998 839 3041 requiri
860 2998 1116 3043 suffragiorum
1143 2997 1430 3031 unanimitatem
1459 2996 1621 3031 ostendit
1648 2995 1837 3030 Civilta
1867 2995 1940 3028 cat-

200 3052 316 3086 tolica
338 3052 426 3087 1870
444 3053 470 3086 t.
494 3055 536 3087 10
553 3062 639 3096 pag.
661 3053 727 3085 100
746 3062 810 3089 ss.;
830 3055 899 3087 450
917 3062 982 3086 ss.:
1003 3053 1070 3085 657
1090 3062 1154 3089 ss.;
1176 3050 1256 3084 Ste
1268 3061 1286 3084 c
1299 3060 1316 3082 c
1328 3061 1384 3084 an
1397 3049 1496 3083 ella
1514 3049 1558 3083 de
1576 3048 1794 3083 necessitate
1811 3047 1941 3081 unani-

207 3106 276 3139 mis
295 3106 552 3150 episcoporum
571 3114 767 3138 consensus
785 3104 897 3138 theol.
919 3103 1139 3147 disquisitio.
1158 3103 1297 3137 Romae
1318 3103 1420 3136 1870.
