2175 3382
249 136 324 175 133
509 129 629 162 'l'rai-t.
652 128 692 161 11.
711 127 764 162 De
783 127 997 161 traditione.
1017 127 1125 160 Ratio
1145 127 1378 170 incorruptae
1397 126 1693 160 conservationis.

240 248 412 296 debant,
435 246 698 288 damnabant
714 251 955 294 novatores,
977 245 1216 286 haereticos
1238 257 1263 285 a
1287 244 1470 284 fidelium
1493 247 1618 284 coetu
1641 243 1854 284 arcebant.
1877 244 1975 286 Ideo

241 319 370 360 etiarn
395 319 532 358 omnis
555 318 840 358 innovationis
864 317 903 356 in
928 316 1120 356 doctrina
1150 321 1191 356 et
1213 320 1364 355 auctor
1386 319 1426 355 et
1450 314 1567 355 locus
1590 319 1632 355 et
1654 319 1819 367 tempus
1841 316 1974 368 assig-

239 389 333 429 nari
365 394 553 441 possunt.
597 387 737 439 Quare
770 400 866 427 cum
890 386 1104 426 Ecclesiae
1128 391 1320 437 pastores
1349 390 1467 426 tanta
1490 385 1769 426 sollicitudine
1801 390 1843 427 et
1872 386 1975 439 vigi-

239 460 384 511 lantia,
407 460 535 500 etiam
558 459 667 500 ultro
691 459 881 510 citroque
905 457 1044 497 missis
1067 456 1253 509 epistolis
1277 456 1490 509 synodicis
1510 457 1552 511 1).
1576 468 1685 509 quae
1708 461 1851 498 essent
1871 468 1975 498 suae

240 531 335 572 sidei
366 535 506 572 testes.
550 529 891 570 conservandum
925 527 1020 568 fidei
1053 526 1289 579 depositum
1323 527 1531 579 integrum
1566 531 1693 579 atque
1727 540 1878 580 purum
1912 529 1978 569 usi

239 608 349 650 sunt,
373 600 602 642 accedente
626 600 681 641 ad
704 600 814 640 hanc
838 598 1096 651 vigilantiam
1121 597 1362 637 assistentia
1384 595 1539 637 Christi
1561 602 1603 637 et
1625 595 1805 649 Spiritus
1827 598 1974 647 sancti,

240 673 365 726 plane
390 673 526 713 securi
549 673 710 723 tutique
744 682 837 711 esse
870 681 1108 721 possumus,
1141 679 1216 720 per
1246 667 1359 708 hunc
1390 667 1585 708 canalem
1608 681 1825 720 nunquam
1848 669 1978 710 inter-

243 749 394 796 ruptae
417 748 636 796 pastorum
660 742 783 782 seriei
806 752 957 792 puram
981 739 1034 779 ad
1058 751 1135 779 nos
1158 750 1292 791 usque
1308 737 1460 779 Christi
1475 739 1712 780 doctrinam
1728 739 1977 782 redundare.

359 814 464 854 Hinc
487 813 663 854 solvitur
677 812 951 864 praecipuum
968 810 1311 851 adversariorum
1328 814 1636 861 argumentum,
1659 810 1729 863 qui
1751 815 1978 863 propterea

242 885 514 926 traditionem
531 888 794 931 aversantur,
818 882 930 935 quod
946 886 1096 934 putant
1118 893 1170 922 ea
1193 881 1313 922 facile
1331 880 1485 922 Christi
1499 881 1737 923 doctrinam
1753 883 1977 936 corrumpi.

242 953 556 997 Obliviscuntur
578 956 662 996 scil.
686 954 922 1006 promissae
945 953 1214 994 assistentiae
1238 952 1392 993 Christi
1425 958 1466 994 et
1488 951 1666 1005 Spiritus
1688 954 1836 1001 sancti,
1867 965 1977 1006 quae

240 1027 408 1079 supplet
442 1037 611 1067 omnem
636 1025 977 1066 insufficientiam
1009 1024 1245 1065 mediorum
1282 1024 1552 1070 naturalium,
1588 1035 1840 1077 semperque
1861 1036 1976 1065 som-

240 1103 358 1138 mant
380 1097 653 1138 traditionem
676 1107 792 1137 mere
815 1095 1041 1141 oralem;
1074 1094 1188 1136 fama
1211 1095 1336 1142 enim,
1358 1095 1561 1147 inquiunt,
1585 1095 1737 1136 crescit
1758 1095 1911 1145 eundo,
1933 1101 1975 1138 et

240 1181 290 1209 ex
323 1168 428 1209 orali
459 1168 686 1209 traditione
710 1167 903 1208 oriuntur
924 1166 1129 1218 legendae
1161 1171 1202 1207 et
1233 1166 1378 1219 mythi.
1411 1165 1517 1206 orali
1549 1178 1717 1218 quoque
1748 1166 1975 1208 traditione

242 1244 442 1291 corrupta
464 1239 539 1279 fuit
560 1238 763 1279 revelatio
789 1238 1011 1290 primitiva.
1054 1237 1227 1289 Insuper
1260 1242 1471 1284 notamus,
1502 1237 1774 1278 traditionem
1797 1238 1975 1279 catholi-

241 1323 349 1359 cam,
381 1322 467 1351 non
500 1322 550 1351 eo
583 1321 710 1350 sensu
733 1321 827 1350 esse
851 1308 1024 1355 oralem,
1058 1308 1171 1361 quod
1194 1320 1268 1349 ore
1290 1314 1456 1349 tantum
1479 1308 1640 1361 absque
1663 1308 1756 1348 aliis
1777 1308 1975 1350 subsidiis

239 1386 518 1434 propagetur:
550 1385 650 1422 tunc
682 1381 807 1429 enim,
838 1380 1103 1432 praecisione
1127 1379 1237 1420 sacta
1271 1391 1295 1419 a
1323 1379 1464 1419 divina
1487 1380 1741 1428 assistentia,
1772 1384 1839 1420 sat
1869 1391 1978 1432 vaga

241 1458 354 1493 esset
375 1458 416 1493 et
438 1451 573 1494 fluxa:
607 1451 682 1492 sed
705 1451 786 1492 dici
810 1451 971 1492 oralem
994 1450 1060 1491 vel
1083 1450 1137 1490 ad
1161 1450 1450 1491 exclusionem
1473 1450 1712 1502 scriptionis
1735 1451 1976 1504 inspira-

239 1529 347 1570 tae,
382 1528 428 1564 ut
462 1523 643 1564 diximus
669 1535 709 1564 n.
735 1526 830 1570 112,
866 1534 948 1574 quo
982 1533 1110 1562 sensu
1141 1533 1240 1573 pars
1272 1526 1439 1561 tantum
1473 1521 1613 1562 minor
1637 1522 1872 1563 traditionis
1901 1521 1977 1562 fuit

240 1594 379 1641 oralis,
411 1606 520 1647 quae
544 1599 689 1635 tamen
711 1606 812 1634 mox
834 1592 888 1634 ab
912 1592 1205 1645 apostolorum
1228 1591 1549 1633 successoribus
1572 1597 1613 1633 et
1635 1592 1825 1645 patribus
1847 1592 1977 1634 literis

238 1666 315 1706 fuit
336 1666 598 1717 consignata,
619 1665 740 1717 praxi
763 1665 940 1717 aliisque
962 1664 1249 1705 monumentis
1274 1663 1355 1704 fixa
1377 1668 1418 1704 et
1440 1675 1662 1716 expressa3
1686 1664 1751 1705 vel
1774 1664 1856 1705 dici
1878 1676 1976 1705 ora-

237 1736 332 1783 lem,
355 1741 401 1777 ut
422 1736 681 1788 significetur
696 1736 860 1784 modus,
883 1747 966 1788 quo
983 1735 1177 1776 doctrina
1193 1733 1347 1775 Christi
1362 1735 1561 1776 universa
1583 1735 1637 1775 ad
1660 1747 1810 1776 omnes
1831 1739 1978 1787 gentes

238 1819 313 1859 per
335 1806 501 1859 singula
523 1806 859 1848 transfundenda
881 1807 935 1847 sit
956 1806 1112 1849 secula.
1155 1805 1250 1846 Fuit
1271 1807 1383 1846 enim
1406 1805 1683 1858 propaganda
1705 1806 1802 1846 viva
1822 1818 1976 1855 voce,

238 1878 468 1930 magisterii
491 1878 766 1919 ecclesiastici
784 1878 874 1930 J'ugi
895 1877 1343 1929 praedicatione,
1374 1889 1463 1918 non
1484 1882 1628 1917 tamen
1651 1877 1826 1918 seclusis
1847 1877 1975 1918 variis

239 1949 455 1996 subsidiis,
503 1948 655 2001 quibus
689 1948 904 1989 Ecclesiae
938 1953 1133 2000 pastores
1176 1948 1219 1988 in
1253 1960 1330 1988 sua
1365 1948 1682 2000 praedicatione
1711 1948 1974 2000 juvarentur,

239 2020 478 2072 cujusmodi
500 2024 598 2060 sunt
620 2020 662 2060 in
684 2020 831 2072 primis
862 2032 893 2059 s.
916 2017 1145 2071 Scriptura,
1181 2031 1265 2071 qua
1300 2019 1438 2072 major
1472 2020 1562 2071 ejus
1596 2031 1695 2071 pars
1727 2019 1978 2068 continetur,

239 2091 406 2144 aliaque
421 2091 683 2143 antiquitatis
699 2094 977 2130 monumenta
993 2088 1053 2145 (cf
1074 2102 1114 2130 n.
1133 2090 1246 2145 129),
1270 2089 1421 2142 quibus
1444 2089 1615 2131 traditio
1639 2088 1822 2130 fluminis
1844 2090 1976 2130 instar

238 2162 428 2202 terminis
450 2161 577 2202 certis
600 2161 775 2214 fixisque
799 2161 1002 2202 conclusa
1034 2166 1075 2201 et
1107 2160 1389 2202 determinata
1413 2161 1499 2211 fuit,
1530 2166 1577 2201 ut
1603 2161 1693 2213 jam
1725 2160 1864 2202 eundo
1896 2172 1976 2202 nec

239 2244 432 2273 crescere
453 2233 588 2285 possit
609 2244 748 2285 neque
771 2232 1036 2284 multiloquio
1061 2232 1286 2284 corrumpi.

359 2317 453 2358 123.
476 2314 798 2359 corollarium
820 2314 862 2357 I.
891 2314 1109 2355 Jsetllodus
1122 2315 1397 2369 peremptorie
1419 2315 1646 2356 dirimendi
1669 2315 1974 2357 controversia&

238 2412 294 2416 —
308 2385 608 2427 Demonstrata
623 2385 869 2426 exsistentia
892 2390 933 2425 et
955 2385 1210 2426 auctoritate
1225 2397 1393 2437 semper
1407 2385 1587 2426 viventis
1610 2386 1758 2437 organi
1780 2389 1822 2426 et
1844 2396 1975 2425 cana-

238 2457 286 2497 lis
322 2457 375 2497 ad
411 2456 751 2498 conservandam
787 2461 829 2496 et
865 2456 1023 2508 ubique
1058 2456 1375 2497 diffundendam
1409 2454 1564 2496 Christi
1598 2456 1847 2505 doctrinam,
1885 2455 1975 2508 J'am

239 2527 448 2580 dirempta
471 2533 535 2569 est
549 2529 842 2569 controversia
865 2527 916 2569 de
939 2528 1112 2579 singulis
1127 2528 1346 2569 doctrinae
1362 2528 1570 2581 capitibus
1592 2541 1618 2569 a
1638 2527 1973 2581 protestantibus

238 2599 282 2638 in
303 2598 478 2639 dubium
501 2600 675 2640 vocatis.
703 2610 840 2651 neque
862 2599 1152 2639 necessarium
1177 2603 1240 2640 est
1262 2599 1313 2639 de
1336 2599 1508 2651 singulis
1530 2598 1738 2651 prolixam
1762 2599 1866 2639 inire
1889 2597 1975 2639 dis-

238 2669 524 2721 putationem·,
559 2670 696 2710 omnis
720 2670 833 2710 enim
856 2670 1049 2722 quaestio
1073 2669 1127 2710 ad
1149 2670 1262 2710 hanc
1283 2683 1413 2710 unam
1436 2674 1674 2719 revocatur,
1704 2669 1778 2710 ubi
1807 2670 1861 2710 sit
1890 2669 1973 2710 hoc

239 2753 459 2792 organum,
493 2741 561 2781 hic
597 2741 770 2791 canalis,
805 2753 881 2782 seu
914 2741 1023 2782 haec
1056 2753 1275 2794 nunquam
1310 2742 1546 2794 interrupta
1580 2746 1799 2793 pastorum
1834 2739 1978 2787 series,

240 2812 423 2864 quidque
456 2823 506 2852 ea
538 2812 589 2853 de
621 2813 841 2865 proposita
875 2812 1128 2865 quaestione
1159 2812 1322 2856 doceat.
1371 2811 1479 2853 Nam
1511 2812 1716 2861 doctrina,
1749 2822 1876 2863 quam
1906 2809 1977 2851 illa

387 2938 412 2977 ¹)
432 2934 543 2979 Cujus
562 2946 648 2968 usus
666 2936 760 2968 banc
774 2935 910 2969 bellam
924 2935 1046 2968 reddit
1059 2935 1243 2969 rationem
1259 2947 1284 2968 s.
1302 2937 1328 2966 (1⁴
1343 2946 1361 2968 ι·
1373 2935 1572 2979 egoi-ius
1590 2934 1638 2968 M.
1654 2934 1676 2968 1.
1690 2935 1714 2969 ’7
1729 2945 1784 2978 ep.
1798 2938 1838 2968 4:
1861 2933 1977 2972 ,Nam

240 2999 322 3021 cun]
340 2987 499 3021 vicissim
520 2988 626 3021 nobis
653 2987 737 3021 fidei
766 2990 914 3021 nostrae
941 2987 1207 3021 confeSsionem
1234 2987 1523 3021 transmittimus
1549 2989 1585 3020 et
1604 2987 1797 3020 caritatem
1816 2987 1980 3020 nostram

239 3052 327 3085 erga
343 3052 410 3075 nos
429 3041 667 3078 ostendimus,
686 3041 774 3084 quid
793 3041 897 3074 aliud
915 3041 952 3074 in
971 3042 1098 3074 sancta
1116 3041 1181 3074 Dei
1200 3040 1365 3074 Ecclesia
1384 3039 1539 3085 agimus,
1566 3039 1639 3073 nisi
1657 3050 1779 3074 arcam
1796 3038 1980 3073 bitumine

239 3094 392 3127 linimus
411 3094 513 3138 (Gen.
533 3096 566 3135 6,
590 3097 653 3136 14),
672 3103 717 3127 ne
735 3094 835 3128 unda
854 3094 984 3128 erroris
1001 3093 1162 3127 intrem<
