2175 3382
627 111 754 146 Thesis
772 111 878 145 LXV.
898 112 942 147 de
964 112 1082 146 medio
1103 111 1197 146 effic.
1215 113 1372 146 unitatis
1391 113 1591 148 ecclesiast.
1893 118 1979 159 343

243 231 452 283 primatus
496 231 838 271 convenientiam
874 235 915 271 et
949 231 1248 271 necessitatem
1284 242 1334 271 ex
1372 231 1570 283 analogia
1604 231 1861 284 dogmatum,
1903 244 1980 274 seu

244 301 518 343 ostendemus
540 303 696 350 omnia,
729 313 838 354 quae
870 301 922 342 de
944 301 1133 342 Ecclesia
1164 302 1252 342 sive
1285 301 1497 342 credimus
1529 302 1617 343 sive
1640 303 1810 357 scimus,
1842 303 1980 355 logica

243 372 547 425 consequentia
579 372 746 424 exigere
780 377 822 412 et
852 370 1070 424 postulare
1091 384 1221 412 unum
1247 371 1459 424 quendam
1483 384 1727 424 supremum
1751 378 1981 426 pastorem,

242 454 296 483 ne
318 443 371 483 sit
392 455 558 491 manca,
591 454 645 483 ne
676 442 937 494 imperfecta,
969 454 1076 483 neve
1100 441 1338 483 collabatur
1360 441 1559 483 Ecclesia.
1602 441 1721 483 Unde
1742 444 1893 484 merito
1915 444 1979 484 in-

242 511 350 554 ferre
382 513 535 562 licebit,
568 512 792 562 Christum,
825 514 896 566 qui
926 517 973 554 ut
1003 514 1174 565 sapiens
1207 513 1465 554 architectus
1487 512 1720 554 Ecclesiam
1752 519 1867 555 certo
1891 526 1979 555 non

241 595 441 625 mancam
463 583 714 632 aedificavit,
744 596 832 624 non
853 583 1034 633 labilem,
1066 596 1154 625 non
1185 584 1418 633 ruinosam,
1449 584 1645 633 voluisse,
1678 588 1725 624 ut
1755 597 1864 625 unus
1895 585 1979 637 pri-

242 655 368 694 matis
390 654 524 695 instar
545 655 601 695 illi
623 666 792 706 semper
814 655 982 706 praesit.

999 783 1168 839 eaput
1201 785 1225 827 Ι.

269 865 338 906 De
369 866 606 917 primatu
638 867 688 906 in
721 867 1037 908 universam
1069 866 1377 908 Ecclesiam
1411 880 1471 909 ex
1505 867 1638 909 fidei
1672 868 1943 920 analogia.

358 963 454 1005 329.
476 961 644 1004 TheSiS
672 960 813 1004 LXV.
846 976 962 1016 Ipsa
1001 976 1228 1010 catholica
1255 977 1429 1018 unitas,
1456 986 1550 1019 qua
1574 977 1781 1011 Ecclesia
1798 985 1980 1018 semper

238 1034 438 1076 insiqnis
463 1043 558 1067 esse
584 1034 727 1075 debet,
747 1034 970 1076 postulat,
987 1037 1038 1067 ut
1056 1035 1325 1068 institutum
1357 1038 1602 1069 censeatur
1621 1045 1651 1069 a
1679 1035 1859 1070 Christo
1884 1045 1979 1070 me-

239 1094 371 1128 dium
397 1096 658 1135 ewtcrnwm,
683 1103 773 1136 quo
799 1094 947 1129 eidem
973 1093 1148 1136 myster
1171 1095 1503 1135 prospiciatur.

356 1175 737 1218 Demonstratio.
762 1173 966 1225 Quamvis
982 1173 1359 1223 demonstratione,
1382 1186 1510 1227 quam
1535 1175 1662 1216 modo
1678 1187 1979 1228 proponemus,

238 1246 303 1286 usi
329 1246 420 1298 jam
444 1245 577 1285 simus
598 1245 855 1285 disserentes
886 1244 938 1285 de
973 1245 1217 1296 magisterio
1242 1245 1530 1286 ecclesiastico
1554 1245 1690 1299 deque
1708 1246 1852 1299 judice
1873 1259 1980 1288 con-

239 1316 544 1357 troversiarum
568 1316 623 1371 (n.
647 1316 765 1371 257),
797 1319 943 1356 tamen
976 1316 1075 1368 quia
1107 1327 1158 1355 ea
1189 1315 1420 1356 admodum
1454 1321 1515 1357 est
1549 1315 1696 1358 efficax
1728 1317 1869 1371 ibique
1901 1318 1978 1358 ad-

237 1387 436 1428 umbrata
458 1391 624 1427 tantum
646 1385 732 1433 fuit,
765 1386 1004 1437 diligentius
1026 1386 1194 1427 videtur
1216 1386 1479 1438 exponenda.
1523 1385 1810 1440 Supponimus
1841 1388 1978 1441 igitur,

1995 1391 2175 1488 Md

237 1457 469 1499 Ecclesiam
495 1469 546 1498 ex
569 1457 787 1498 voluntate
802 1455 959 1498 Christi
974 1457 1180 1498 excellere
1203 1457 1359 1498 debere
1382 1458 1621 1508 unitate,
1645 1463 1686 1499 et
1706 1460 1868 1500 unitate
1890 1472 1978 1501 non
1970 1448 2175 1535 Μ

236 1540 501 1582 quacunque,
523 1528 598 1569 sed
620 1541 660 1571 a.
676 1529 968 1569 extensionem
992 1529 1027 1569 si
1049 1532 1227 1580 spectes,
1250 1529 1534 1570 catholica
1558 1534 1598 1570 et
1612 1530 1852 1579 universali,
1867 1498 2175 1607 quaefflv

236 1599 588 1652 complectaturt>
566 1603 710 1640 erentes
734 1598 937 1648 moribus,
970 1599 1110 1640 indole
1138 1603 1179 1639 et
1202 1599 1316 1640 cultu
1338 1611 1467 1651 quam
1490 1601 1675 1641 maxime
1698 1601 1908 1649 diversas;
1941 1602 1977 1642 si
1992 1587 2175 1624 *W

236 1682 338 1711 vero
361 1670 630 1711 durationem
654 1670 898 1711 consideres
931 1671 978 1713 b.
1012 1683 1141 1722 perp
1156 1675 1302 1719 etua,
1335 1683 1445 1723 quae
1476 1671 1530 1712 ad
1562 1672 1975 1713 consummationem

235 1753 369 1794 usque
392 1741 523 1782 seculi
544 1741 767 1793 perduret,·
790 1754 831 1784 c.
856 1741 1018 1781 unitate
1041 1741 1281 1790 interna,
1305 1753 1414 1794 quae
1429 1746 1566 1782 totum
1583 1741 1738 1783 afficiat
1759 1746 1801 1783 et
1822 1754 1975 1795 perva-

237 1812 310 1853 dat
330 1812 561 1858 hominem,
593 1811 852 1852 intellectum
875 1811 1027 1852 eadem
1054 1811 1147 1860 fide,
1179 1812 1221 1852 in
1254 1824 1381 1864 quam
1406 1824 1555 1853 omnes
1578 1813 1834 1865 conspirent,
1867 1813 1974 1854 adeo

236 1887 282 1923 ut
302 1883 386 1923 sint
406 1881 582 1935 perfecti
603 1882 646 1922 in
670 1882 822 1922 eodem
845 1894 972 1923 sensu
997 1887 1038 1923 et
1059 1884 1101 1922 in
1125 1882 1275 1923 eadem
1298 1884 1510 1924 sententia
1532 1884 1687 1939 (11.287
1713 1886 1806 1940 ss‚);
1831 1884 1974 1925 volun-

234 1958 366 1995 tatem
390 1953 646 2001 obedientia,
678 1958 719 1993 et
751 1965 825 1994 cor
847 1953 999 1994 eodem
1023 1953 1157 1994 cultu:
1190 1954 1351 1994 unitate
1374 1955 1418 1997 d.
1444 1954 1597 1995 visibili
1620 1959 1661 1995 et
1683 1954 1903 2005 sociali,
1935 1955 1976 1995 vi

234 2010 353 2077 cujus
376 2036 526 2065 omnes
551 2036 683 2064 unum
707 2025 969 2065 constituant
991 2036 1157 2076 corpus,
1181 2025 1323 2065 vivum
1346 2025 1491 2077 utique
1514 2029 1642 2078 atque
1665 2025 1975 2075 harmonicum,

234 2094 343 2136 adeo
365 2094 564 2147 perfecta,
596 2099 641 2134 ut
669 2106 720 2135 ea
743 2094 1034 2136 credibilitatis
1057 2096 1191 2147 possit
1214 2107 1308 2136 esse
1330 2096 1536 2136 motivum
1558 2095 1620 2140 JO.
1649 2099 1713 2145 17,
1738 2100 1804 2140 21.
1848 2096 1975 2148 Atqui

233 2166 330 2207 talis
351 2166 493 2206 unitas
516 2170 716 2206 constare
748 2165 828 2206 sibi
857 2166 1002 2218 nequit
1034 2166 1077 2206 in
1108 2166 1324 2218 praesenti
1345 2177 1489 2206 rerum
1512 2166 1660 2207 ordine
1683 2167 1774 2207 sine
1797 2171 1974 2208 externo

234 2237 480 2278 authentico
503 2236 657 2285 medio,
689 2249 772 2289 quo
801 2237 956 2289 Jugiter
987 2235 1204 2285 efficiatur,
1237 2241 1430 2277 servetur
1462 2241 1503 2277 et
1530 2236 1803 2287 defendatur,·
1835 2249 1973 2289 neque

234 2309 346 2349 enim
369 2306 657 2359 exspectanda
688 2312 786 2348 sunt
816 2308 961 2348 nescio
996 2319 1105 2360 quae
1139 2307 1356 2355 miracula,
1389 2306 1541 2359 quibus
1563 2307 1675 2348 Deus
1697 2308 1972 2357 invisibiliter,

232 2379 399 2420 secluso
413 2378 563 2431 quovis
577 2377 716 2419 medio
740 2382 916 2419 externo
945 2390 996 2419 ac
1019 2378 1132 2419 velut
1153 2378 1432 2420 connaturali.
1456 2383 1620 2419 tantam
1643 2383 1842 2431 operetur
1864 2380 1973 2420 inter

231 2449 375 2491 fideles
396 2450 617 2490 unitatem.

355 2535 406 2572 Et
428 2547 519 2572 sane
541 2545 581 2575 a.
605 2535 636 2571 si
661 2535 850 2581 homines,
882 2537 983 2573 teste
1004 2536 1126 2573 Paulo
1148 2536 1254 2575 Rom.
1284 2542 1345 2581 10,
1376 2544 1420 2575 11
1451 2548 1511 2581 ss„
1534 2549 1582 2573 ne
1605 2536 1650 2573 ad
1675 2536 1791 2573 fidem
1812 2536 1974 2584 quidem

233 2594 429 2631 ordinario
451 2594 703 2631 adducuntur
725 2594 824 2631 citra
845 2597 1051 2631 externum
1073 2594 1232 2641 aliquod
1255 2595 1439 2640 medium,
1462 2595 1728 2632 ministerium
1751 2595 1832 2632 scil.
1847 2596 1971 2632 homi-

232 2665 328 2690 num
350 2653 623 2690 authenticum
644 2652 762 2701 idque
784 2653 957 2698 visibile;
989 2654 1115 2690 multo
1138 2653 1269 2690 minus
1290 2655 1353 2690 tot
1374 2653 1580 2691 hominum
1601 2654 1794 2703 myriades
1816 2654 1857 2691 in
1879 2655 1970 2691 uni-

230 2714 312 2749 tate
335 2712 426 2749 fidei
447 2712 785 2749 conservabuntur
806 2712 892 2749 sine
915 2712 1050 2749 eodem
1071 2713 1133 2749 vel
1156 2712 1279 2749 simili
1300 2713 1441 2750 medio.
1477 2713 1536 2750 Ad
1558 2713 1651 2750 haec
1672 2711 1716 2753 b.
1732 2713 1970 2751 considerat-a

231 2770 434 2808 hominum
456 2770 671 2820 fragilitate
693 2771 947 2819 expensisque
970 2771 1306 2819 praedictionibus
1330 2772 1473 2809 Christi
1508 2773 1672 2818 constat,
1705 2772 1855 2809 oritura
1886 2784 1969 2809 esse

231 2829 397 2866 subinde
418 2829 524 2866 inter
545 2829 738 2867 Ecclesiae
760 2831 933 2867 membra
955 2829 1127 2874 dissidia,
1152 2843 1251 2878 quae
1274 2833 1377 2868 certe
1400 2831 1664 2880 componenda
1686 2833 1790 2876 sunt,
1826 2843 1875 2867 ne
1897 2831 1967 2868 Ec—

232 2887 352 2925 clesia
380 2888 423 2924 in
451 2888 671 2937 fragmenta
699 2888 924 2937 dissipetur,
958 2889 1026 2926 sed
1058 2901 1208 2938 semper
1239 2889 1393 2926 unitate
1426 2902 1496 2927 sua
1526 2889 1682 2939 agnosci
1715 2889 1968 2938 dignoscique

230 2947 366 2995 possit.
407 2946 533 2995 Atqui
553 2947 657 2984 Deus
679 2960 723 2984 ea
744 2960 823 2985 non
846 2948 1048 2995 componit
1070 2948 1183 2985 modo
1205 2948 1410 2994 invisibili,
1435 2948 1506 2996 qui
1528 2948 1651 2998 gratis
1673 2949 1873 2992 asseritur,
1897 2960 1967 2985 nec

231 3005 433 3043 hominum
454 3007 618 3043 naturae
639 3007 700 3043 est
721 3007 1045 3045 accommodatus.
1088 3007 1201 3044 Modo
1225 3019 1316 3057 ergo
1339 3007 1488 3045 visibili
1512 3007 1688 3044 Christus
1710 3006 1854 3043 unitati
1875 3019 1966 3043 suae

229 3064 423 3101 Ecclesiae
445 3065 630 3109 consulet,
654 3065 819 3113 ideoque
842 3068 881 3102 et
903 3065 1031 3102 medio
1053 3065 1211 3111 visibili,
1235 3070 1405 3113 externo,
1428 3066 1665 3103 authentico.
1710 3065 1814 3109 Quae
1840 3064 1966 3102 illatio
