2175 3382
241 139 318 177 1532
439 131 560 164 Traei.
585 129 623 163 ll.
644 129 695 163 Dc
715 129 926 163 traditione.
948 128 1110 172 lit-gulae
1130 129 1166 161 in
1188 130 1332 172 patruni
1356 127 1519 161 dissensu
1540 128 1749 161 servandac.

233 253 501 291 benevolentia
533 252 795 289 ecclesiastica
827 252 934 301 legit,
976 264 1053 299 qua
1084 264 1105 288 a
1137 250 1377 288 secularibus
1409 250 1598 288 secularia
1628 251 1828 301 leguntur,
1864 251 1969 289 inter

233 326 328 362 quos
352 313 565 361 plurimum
590 311 775 349 laudatur
805 311 884 354 ille,
918 310 989 358 qui
1011 310 1227 358 quemlibet
1249 312 1449 346 auctorem
1471 309 1608 347 docere
1630 310 1806 358 potuerit
1826 310 1969 348 melius

233 372 383 415 dixisse,
407 383 486 408 non
509 371 721 420 ambigens,
744 370 849 418 quod
872 370 954 418 ipse
976 370 1110 418 potius
1133 382 1264 406 errare
1286 369 1450 413 dicetur,
1479 369 1509 406 si
1532 369 1766 417 persuadere
1789 369 1968 413 voluerit,

233 431 345 468 illum
370 430 411 467 in
433 431 565 479 aliquo
588 442 737 467 errare:
771 430 838 478 qui
863 429 927 471 sic,
960 429 1131 476 inquam,
1166 429 1263 477 legit
1284 428 1533 465 ecclesiastici
1556 428 1724 465 doctoris
1748 427 1904 473 librum,
1937 429 1970 466 si

232 490 326 538 quis}
351 490 392 527 in
414 502 458 527 eo
480 489 594 538 quasi
618 488 783 526 dubium
807 492 842 526 et
869 488 1143 536 scrupulosum
1168 487 1328 526 invenit.
1361 499 1439 524 non
1462 486 1594 524 statim
1618 486 1717 524 illud
1741 487 1972 525 exsecrando

232 549 394 590 invadit.
419 549 486 586 sed
510 548 667 597 inspicit
689 551 729 585 et
750 547 915 585 discutit
937 553 973 584 et
998 549 1184 583 retractat
1206 559 1250 583 ex
1268 545 1450 583 lectionis
1466 545 1762 583 circumstantia
1775 548 1815 583 et
1827 558 1872 583 ex
1887 546 1972 583 aliis

234 608 393 657 scriptis
415 608 589 656 ejusdem
613 607 802 644 auctoris:
836 610 875 644 et
907 606 953 643 ad
977 606 1161 643 ultimum
1186 606 1295 653 prius
1317 605 1430 653 eligit
1451 604 1627 642 confiteri
1649 618 1687 643 se
1710 605 1888 654 ignorare
1910 605 1972 642 vel

233 679 309 704 non
331 667 566 717 intelligere,
591 680 708 714 quam
731 666 790 702 illi
814 668 944 703 notam
968 665 1110 701 erroris
1133 664 1388 714 impingere«

352 725 392 767 2.
417 727 468 764 Ut
491 726 751 763 concilientur
767 725 918 773 juverit
941 736 994 763 ea,
1019 736 1118 772 quae
1141 723 1286 771 aliquis
1308 725 1428 772 pater,
1452 723 1498 760 de
1523 734 1598 771 quo
1622 725 1682 760 est
1696 723 1971 768 controversia,

234 786 407 831 obscure,
431 785 624 835 ambigue,
648 784 816 833 implere
839 783 949 829 dixit,
983 783 1180 820 declarare
1202 783 1261 827 iis,
1295 795 1395 831 quae
1417 783 1480 819 vel
1501 782 1582 831 ipse
1604 782 1693 820 aliis
1717 783 1755 819 in
1780 782 1874 819 locis
1895 782 1972 820 cla-

235 844 318 882 rius
342 845 541 888 disseruit,
573 844 634 880 vel
657 843 737 889 alii,
772 843 1006 891 quibuscum
1039 842 1081 878 in
1107 842 1241 878 eadem
1262 841 1363 879 vixit
1384 841 1654 879 communione
1676 841 1778 886 fidei,
1810 841 1911 879 clare
1934 844 1973 878 et

233 916 411 952 expresse
443 904 697 951 scripserunt.
741 929 758 947 »
770 902 843 947 Qui
875 902 990 946 enim,
1023 901 1156 948 inquit
1187 900 1289 938 card.
1312 901 1587 938 Bessarion
1620 902 1659 937 in
1682 900 1867 950 perdocta
1888 913 1972 939 ora-

235 963 340 1000 tione
363 962 581 1013 dogmatica
602 962 643 999 in
666 962 828 999 concilio
850 961 1058 998 florentino
1080 959 1214 997 habita
1237 957 1296 1012 (in
1318 973 1395 1008 qua
1417 960 1532 1008 plura
1554 959 1601 996 ad
1623 972 1703 997 rem
1726 963 1900 997 nostram
1913 972 1973 996 re-

233 1020 475 1072 periuntur),
507 1022 548 1058 in
570 1022 663 1066 illis,
698 1021 800 1058 idem
833 1023 872 1058 et
903 1020 944 1057 in
976 1019 1036 1056 his
1069 1020 1223 1056 locutus
1261 1022 1321 1055 est
1345 1019 1515 1068 Spiritus
1539 1031 1582 1064 s,
1615 1022 1654 1056 et
1675 1031 1774 1067 quae
1795 1032 1864 1067 per
1885 1019 1974 1056 illos

234 1081 484 1126 subobscure,
517 1080 652 1118 eadem
687 1093 754 1129 per
786 1080 854 1117 hos
886 1082 1019 1128 aperte
1041 1078 1185 1123 docuit,
1217 1078 1265 1115 ob
1288 1091 1371 1115 eam
1394 1091 1511 1126 quam
1533 1078 1600 1114 ille
1623 1078 1740 1115 scivit
1761 1090 1913 1115 causam
1935 1081 1975 1115 et

234 1147 395 1189 propter
425 1140 684 1177 necessariam
716 1143 812 1176 tunc
843 1139 1016 1176 fortassis
1049 1137 1420 1184 dispensationem«
1466 1136 1548 1181 Qua
1579 1137 1762 1175 methodo
1783 1139 1976 1174 conantur

234 1199 313 1247 ipsi
344 1202 475 1248 patres
507 1198 720 1237 orthodoxe
751 1198 944 1246 explicare
967 1211 1020 1237 ea.
1054 1209 1152 1245 quae
1175 1196 1244 1234 alii
1266 1197 1398 1233 minus
1423 1199 1602 1234 accurate
1624 1196 1886 1245 scripserunt;
1918 1196 1975 1232 ita

234 1259 482 1308 Augustinus
505 1259 925 1307 Chrysostomum
960 1256 1268 1295 c.Jul.1n.22
1295 1268 1366 1299 ss.;
1401 1255 1711 1304 Dionysium
1733 1255 1974 1293 Athanasius

235 1318 275 1354 in
306 1318 331 1354 l.
353 1318 401 1354 de
432 1318 516 1366 ejus
547 1317 743 1355 sententia
774 1319 812 1354 et
846 1316 1014 1354 Basilius
1046 1328 1104 1363 ep.
1141 1321 1221 1354 210
1255 1328 1292 1351 n.
1327 1321 1348 1354 5
1383 1315 1551 1364 benigne
1583 1319 1676 1352 suut
1710 1314 1975 1363 interpretati.

237 1376 440 1425 „Oportet
464 1377 596 1425 inquit
617 1376 664 1414 ad
686 1389 767 1413 rem
789 1375 1042 1425 Eulogius
1074 1375 1169 1412 alex.
1195 1374 1275 1424 (ap.
1300 1374 1485 1411 Photium
1508 1373 1588 1414 cod.
1615 1371 1716 1426 215)
1740 1377 1976 1417 sanctorum,

235 1436 304 1483 qui
325 1436 439 1473 certis
459 1436 705 1484 temporibus
729 1435 907 1472 doctores
929 1435 1177 1474 exstiterunt.
1202 1433 1419 1470 doctrinam
1441 1433 1595 1483 integre
1609 1433 1822 1482 perlegere,
1844 1435 1885 1470 et
1898 1444 1976 1470 non

235 1507 279 1531 ex
301 1499 411 1543 parte
435 1494 596 1532 illorum
629 1494 802 1543 proferre
835 1493 1061 1538 sententias,
1095 1493 1264 1540 indeque
1288 1492 1334 1529 de
1357 1494 1441 1529 tota
1462 1505 1598 1530 eorum
1630 1498 1761 1529 mente
1782 1504 1862 1529 non
1893 1490 1977 1528 sine

235 1553 411 1602 periculo
434 1555 699 1601 conjecturam
722 1553 846 1590 facere
867 1583 874 1589 .
898 1587 905 1593 ,
930 1584 937 1590 .
961 1551 1281 1601 quandoquidem
1298 1564 1341 1588 ex
1358 1564 1435 1589 uno
1451 1552 1582 1600 aliquo
1599 1551 1702 1588 dicto
1717 1551 1798 1588 sive
1813 1551 1979 1599 epistola

236 1613 314 1650 sive
347 1613 619 1650 lucubratione
651 1616 734 1650 tota
772 1612 974 1661 scriptoris
995 1612 1118 1660 pietas
1151 1611 1303 1648 ostendi
1333 1623 1413 1647 non
1435 1612 1604 1658 potest.«
1641 1611 1821 1648 Ceterum
1844 1609 1979 1647 licebit

237 1672 297 1708 uti
319 1675 359 1709 et
380 1673 527 1722 regula,
551 1684 669 1720 quam
693 1672 874 1721 suggerit
896 1684 924 1708 s.
947 1672 981 1708 A
996 1685 1029 1707 m
1045 1670 1255 1707 brosius
1277 1683 1334 1718 ep.
1361 1676 1411 1710 48
1436 1682 1473 1707 n.
1499 1677 1543 1709 4:
1578 1696 1595 1714 »
1606 1669 1779 1707 Verbum
1802 1669 1834 1706 si
1856 1668 1978 1706 offen-

236 1731 350 1771 derit.
373 1732 563 1768 virtutem
586 1731 838 1779 professionis
860 1731 1174 1780 interrogato...
1198 1729 1315 1766 etiam
1339 1741 1558 1766 sermonem
1580 1729 1745 1766 dubium
1768 1741 1878 1765 mens
1899 1740 1980 1765 non

237 1791 356 1827 dubia
378 1791 587 1828 obumbrat
610 1792 650 1827 et
671 1790 849 1827 defendit
870 1803 891 1827 a
913 1790 1066 1835 lapsu.<⁴1

355 1847 399 1890 3.
425 1849 464 1886 Si
479 1862 569 1887 vero
591 1855 747 1898 patrum
772 1849 874 1886 dicta
896 1849 1006 1886 nullo
1027 1848 1141 1886 modo
1163 1847 1361 1885 conciliari
1381 1849 1548 1896 possunt
1569 1859 1658 1884 cum
1677 1858 1772 1883 sana
1790 1846 1978 1890 doctrina,

239 1909 462 1957 seponenda
484 1912 588 1947 sunt.
634 1908 707 1945 Sed
741 1920 830 1945 cum
853 1914 1001 1956 quanta
1023 1907 1217 1944 modestia
1238 1909 1278 1944 et
1300 1907 1459 1943 honoris
1483 1906 1766 1955 significatione
1787 1905 1827 1942 id
1851 1905 1904 1942 sit
1924 1904 1980 1942 fa-

238 1967 431 2011 ciendum,
455 1968 568 2005 docet
598 1980 668 2005 nos
692 1980 720 2004 s.
744 1967 1005 2016 Augustinus.
1040 1980 1126 2004 cum
1159 1968 1365 2016 cogeretur
1387 1979 1409 2002 a
1432 1978 1461 2002 s.
1485 1965 1668 2014 Cypriani
1689 1964 1870 2002 iecedere
1893 1976 1980 2001 sen-

238 2027 373 2064 tentia.
427 2027 704 2075 „Quapropter
735 2027 901 2064 reddens
935 2026 1107 2062 debitam
1138 2025 1409 2070 reverentiam,
1442 2026 1497 2061 ita
1527 2025 1595 2061 ille
1626 2024 1673 2060 de
1705 2024 1811 2072 bapt.
1841 2023 1907 2067 VI,
1944 2029 1980 2067 2,

239 2086 483 2135 dignumque
516 2086 702 2123 honorem
734 2089 929 2134 quantum
950 2085 1062 2122 valeo
1089 2085 1317 2133 persolvens
1350 2084 1509 2132 pacifico
1542 2084 1723 2132 episcopo
1745 2085 1785 2119 et
1806 2083 1980 2132 glorioso

238 2147 403 2194 martyri
427 2145 631 2194 Cypri-ano,
665 2145 788 2182 audeo
824 2148 956 2182 tamen
977 2144 1104 2181 dicere
1127 2156 1217 2181 eum
1239 2143 1355 2180 aliter
1379 2142 1548 2180 sensisse
1571 2142 1617 2179 de
1641 2141 1896 2179 schismaticis
1918 2141 1982 2178 vel

239 2205 446 2241 haereticis
469 2204 726 2252 baptizandis,
758 2216 876 2252 quam
899 2206 1037 2252 postea
1058 2203 1204 2240 veritas
1228 2202 1414 2251 prodidit,
1447 2214 1525 2239 non
1547 2214 1591 2239 ex
1614 2213 1710 2246 mea,
1735 2201 1801 2238 sed
1825 2213 1869 2237 ex
1892 2200 1980 2237 uni-

239 2275 373 2300 versae
394 2263 590 2301 Ecclesiae
614 2263 811 2300 sententia
831 2262 983 2312 plenari
1005 2261 1160 2299 concilii
1187 2261 1419 2299 auctoritate
1442 2261 1624 2298 roborata
1646 2264 1764 2308 atque
1787 2259 1979 2296 firmata«

242 2322 294 2359 Cf.
317 2323 402 2371 ejus
426 2336 484 2371 ep.
510 2330 555 2362 81
586 2336 623 2359 n.
650 2329 694 2363 3:
719 2323 765 2360 cle
788 2322 929 2359 Trinit.
953 2321 1009 2358 III
1031 2334 1069 2358 11.
1095 2328 1140 2365 2;
1164 2332 1194 2358 c.
1216 2321 1409 2358 Faustum
1432 2320 1495 2356 XI.
1519 2331 1550 2359 e.
1575 2326 1611 2360 5.
1634 2319 1771 2367 Neque
1793 2330 1884 2356 vero
1907 2318 1979 2355 mi·

242 2394 327 2417 rum
352 2381 476 2418 videri
499 2381 624 2426 «lebet,
658 2382 810 2430 aliquos
846 2381 888 2418 in
909 2380 1112 2418 nonnullis
1134 2392 1281 2417 errasse
1305 2383 1464 2428 propter
1484 2381 1832 2416 monumentorum
1853 2379 1894 2414 et
1914 2377 1980 2414 de-

241 2439 432 2478 finitionis
464 2440 748 2478 ecclesiasticae
779 2441 820 2477 in
851 2439 1130 2477 controversiis
1162 2439 1336 2476 subortis
1365 2438 1580 2475 defectum:
1613 2437 1718 2474 unde
1739 2436 1886 2474 factum
1908 2438 1980 2482 est,

242 2501 289 2536 ut
309 2511 383 2536 non
408 2512 560 2548 semper
582 2500 678 2536 satis
701 2500 804 2536 clare
825 2499 955 2536 videre
980 2499 1183 2546 potuerint
1206 2498 1444 2535 sententiam
1465 2497 1638 2545 aliquam
1661 2496 1899 2533 revelatione
1921 2495 1980 2532 di·

242 2557 334 2594 vina
355 2558 557 2595 contineri.
582 2585 599 2602 »
611 2558 713 2595 Haec
728 2562 859 2596 autem
876 2558 1069 2600 scandala,
1093 2558 1223 2606 inquit
1239 2558 1287 2594 ad
1309 2570 1388 2594 rem
1405 2557 1496 2594 Fac
1509 2569 1534 2593 u
1546 2569 1571 2593 n
1583 2556 1607 2592 d
1619 2568 1646 2592 11
1658 2568 1675 2592 s
1698 2554 1981 2592 hermianensis

242 2617 270 2653 l.
285 2629 314 2654 c.
329 2616 394 2661 VI,
415 2624 448 2662 5,
464 2617 527 2654 vel
549 2617 748 2665 quaelibet
768 2617 909 2654 merito
932 2629 1002 2654 nos
1024 2617 1229 2654 offendunt·
1250 2617 1291 2653 in
1309 2616 1499 2665 patribus,
1522 2627 1620 2664 quos
1643 2618 1841 2662 tamquam
1863 2613 1980 2650 lumi-

242 2676 351 2713 naria
373 2677 476 2713 Deus
509 2677 549 2712 in
573 2676 741 2713 Ecclesia
772 2689 845 2713 sua
876 2676 1096 2717 construit,
1129 2682 1176 2713 ut
1207 2688 1343 2713 eorum
1375 2675 1543 2723 desuper
1565 2673 1836 2710 illuminemur
1856 2673 1981 2710 excel-

243 2735 341 2771 lenti
363 2734 527 2772 scientia
548 2737 667 2782 atque
689 2735 875 2779 doctrina,
900 2735 955 2772 sic
978 2735 1153 2782 habenda
1172 2735 1269 2771 mihi
1287 2734 1480 2778 videntur,
1505 2733 1608 2770 sicut
1629 2733 1801 2780 ipsorum
1825 2743 1981 2780 quoque

244 2794 503 2831 luminarium
537 2794 633 2831 coeli
657 2794 842 2837 defectus,
868 2807 966 2841 quae
988 2794 1077 2831 licet
1102 2806 1387 2841 nonnunquam
1416 2791 1636 2841 splendoris
1659 2791 1719 2828 sui
1743 2790 1982 2828 detrimenta

245 2853 479 2897 sustineant,
513 2865 591 2890 non
613 2855 743 2890 tamen
768 2853 958 2889 amittunt
981 2852 1191 2890 luminaria
1213 2865 1295 2890 esse
1319 2852 1421 2901 quod
1445 2854 1551 2888 sunt.
1594 2851 1643 2886 Et
1663 2850 1799 2887 crebro
1822 2849 1981 2898 quidem

245 2911 395 2957 accidit,
418 2915 465 2949 ut
486 2911 561 2949 ista
583 2924 739 2960 quoque
753 2911 946 2949 Ecclesiae
970 2911 1189 2957 luminaria,
1213 2911 1397 2960 quoniam
1423 2910 1550 2947 multa
1571 2922 1592 2946 a
1613 2909 1727 2946 nobis
1750 2908 1981 2946 celsitudine

246 2975 489 3019 separantur,
513 2983 583 3020 pro
605 2971 775 3018 quodam
797 2973 953 3007 nostrae
976 2970 1219 3019 ignorantiae
1242 2969 1392 3013 nubilo,
1416 2982 1504 3006 cum
1527 2967 1569 3004 in
1584 2980 1624 3004 se
1639 2967 1886 3016 splendentia
1899 2980 1981 3004 ma-

250 3033 380 3075 neant,
402 3030 515 3067 nobis
536 3029 749 3067 videantur
770 3029 945 3068 obscura.
959 3034 975 3051 «
1001 3029 1091 3066 ldeo
1113 3030 1177 3069 XI.
1213 3036 1235 3070 3
1260 3028 1419 3066 statuit:
1451 3027 1590 3072 „Quod
1613 3026 1646 3064 si
1666 3031 1749 3064 tam
1771 3030 1901 3064 certus
1921 3038 1981 3063 er-

248 3101 312 3125 ror
334 3091 394 3126 est
415 3089 639 3138 aliquorum
661 3088 703 3125 in
724 3100 816 3136 pace
830 3088 1025 3125 Ecclesiae
1047 3088 1332 3134 defunctorum,
1354 3089 1402 3124 ut
1423 3087 1483 3123 his
1503 3098 1602 3135 quae
1623 3085 1793 3123 diximus
1813 3087 1982 3133 nequeat
