2175 3382
219 130 302 169 234
533 123 650 156 Tract.
673 122 732 156 ΙΙΙ.
753 121 803 155 De
822 121 993 156 Ecclesia.
1014 121 1106 156 Eccl.
1124 123 1181 156 est
1199 131 1328 165 corpus
1347 120 1430 155 Chr.
1449 120 1658 164 mysticum.

337 244 603 282 Pulcherrime
626 256 716 281 vero
739 243 779 281 id
802 244 915 281 docet
936 244 976 281 in
1000 245 1061 281 Ps.
1087 251 1132 283 61
1164 256 1201 280 11.
1228 250 1271 282 4;
1297 243 1434 287 „Unus
1457 243 1561 280 enim
1584 243 1697 280 homo
1720 255 1808 280 cum
1831 243 1957 292 capite

219 309 258 343 et
280 316 439 353 corpore
463 316 534 341 suo
557 304 593 343 J.
617 303 807 348 Christus,
833 304 1003 341 salvator
1025 303 1198 351 corporis
1221 304 1261 339 et
1283 302 1457 339 membra
1480 302 1666 350 corporis,
1689 301 1767 339 duo
1789 301 1831 339 in
1845 313 1959 340 carne

219 377 297 402 una
318 368 358 401 et
379 364 420 400 in
443 375 534 400 voce
557 375 635 400 una
657 365 698 399 et
720 363 761 399 in
784 363 966 410 passione
988 375 1077 407 una,
1111 366 1150 399 et
1172 374 1259 399 cum
1283 361 1487 398 transierit
1518 360 1719 408 iniquitas,
1753 360 1793 397 in
1825 361 1959 408 requie

219 436 307 463 una.
350 422 555 459 Passiones
578 422 713 469 itaque
737 421 879 459 Christi
903 434 981 459 non
1004 421 1045 458 in
1067 421 1146 458 solo
1172 420 1339 464 Christo,
1364 420 1440 456 imo
1464 419 1666 468 passiones
1693 419 1834 457 Christi
1860 432 1958 458 non-

218 482 293 519 nisi
316 481 356 518 in
379 481 542 519 Christo.
587 480 626 518 Si
649 480 751 517 enim
773 480 972 518 Christum
994 479 1194 529 intelligas
1217 482 1337 528 caput
1359 482 1397 516 et
1420 491 1569 527 corpus,
1594 478 1790 527 passiones
1811 478 1957 516 Christi

218 540 375 578 nonnisi
395 541 436 577 in
459 540 632 579 Christo:
656 539 688 576 si
711 542 841 576 autem
865 539 1063 576 Christum
1085 539 1286 588 intelligas
1310 539 1437 575 solum
1453 542 1582 585 caput,
1606 538 1802 586 passiones
1817 537 1962 575 Christi

219 611 298 637 non
319 600 360 636 in
392 599 474 637 solo
497 599 671 642 Christo3
705 598 738 634 si
771 598 875 635 enim
908 598 1106 646 passiones
1139 598 1281 634 Christi
1313 597 1353 634 in
1386 597 1465 634 solo
1499 596 1661 641 Christo,
1698 596 1775 634 imo
1806 596 1847 634 in
1878 597 1960 634 solo

220 659 357 708 capite,
382 658 487 695 unde
510 658 604 695 dicit
626 657 821 705 quoddam
845 657 1110 694 membrorum
1143 658 1227 705 ejus
1252 657 1397 693 Paulus
1428 655 1648 704 apostolus:
1690 655 1734 692 Ut
1764 656 1960 704 suppleam

219 731 316 768 quae
349 719 486 755 desunt
515 729 791 765 pressurarum
830 716 976 753 Christi
1009 717 1047 753 ιή
1078 728 1192 753 carne
1224 728 1307 752 mea
1341 713 1504 767 (Coloss.
1535 722 1565 759 l,
1593 712 1692 766 24)‘?
1725 714 1765 752 Si
1795 726 1887 764 ergo
1918 714 1962 752 in

219 778 404 814 membris
428 776 570 813 Christi
593 787 646 819 eS,
671 775 897 823 quicunque
921 775 1046 821 homo,
1072 774 1254 823 quisquis
1278 775 1368 811 haec
1390 774 1512 818 audis,
1541 773 1722 822 quisquis
1744 773 1835 811 haec
1857 786 1962 811 nunc

219 849 296 874 non
318 836 429 873 audis
462 832 549 887 (sed
571 836 703 871 tamen
735 834 856 875 audis,
893 833 925 871 si
957 834 997 871 in
1030 834 1215 870 membris
1239 833 1380 871 Christi
1404 833 1474 883 es),
1508 832 1705 881 quidquid
1736 832 1882 881 pateris
1913 833 1961 870 ab

220 895 286 939 eis,
311 895 379 943 qui
400 906 479 931 non
503 896 598 931 sunt
620 893 662 930 in
684 893 872 935 membris
895 893 1051 937 Christi,
1074 892 1207 930 deerat
1228 892 1477 940 passionibus
1500 892 1655 929 Christi.
1687 891 1777 929 Ideo
1791 891 1961 936 additur,

221 954 315 1002 quia
337 954 495 997 deerat;
518 965 744 989 mensuram
767 952 918 1000 imples,
942 965 1021 989 non
1044 951 1320 1000 superfundis;
1344 954 1499 988 tantum
1521 951 1676 999 pateris,
1701 953 1896 999 quantum
1917 963 1961 988 ex

219 1012 467 1062 passionibus
490 1012 571 1049 tuis
595 1011 844 1048 inferendum
868 1013 952 1048 erat
973 1011 1177 1048 universae
1208 1010 1379 1060 passioni
1401 1010 1554 1054 Christi,
1588 1010 1656 1058 qui
1678 1022 1817 1058 passus
1839 1012 1899 1048 est
1921 1010 1962 1047 in

220 1072 344 1120 capite
366 1073 501 1109 nostro
524 1074 564 1108 et
584 1071 737 1120 patitur
758 1070 800 1107 in
822 1070 1008 1107 membris
1041 1069 1123 1107 suis
1159 1070 1183 1106 i.
1207 1082 1238 1110 e,
1260 1070 1301 1106 in
1332 1069 1445 1106 nobis
1477 1069 1583 1117 ipsis.
1625 1069 1686 1106 Ad
1717 1081 1960 1107 communem

220 1132 317 1168 hanc
341 1131 455 1179 quasi
476 1129 758 1179 rempublicam
780 1132 957 1166 nostram
979 1129 1148 1178 quisque
1170 1140 1242 1177 pro
1264 1128 1424 1166 modulo
1448 1131 1583 1165 nostro
1605 1128 1840 1165 exsolvimus
1856 1127 1961 1177 quod

221 1191 416 1236 debemus.
440 1192 479 1227 et
500 1201 571 1238 pro
595 1189 835 1238 possessione
859 1188 1002 1226 virium
1024 1193 1251 1226 nostrarum
1284 1187 1395 1236 quasi
1427 1199 1612 1225 canonem
1643 1187 1869 1236 passionum
1902 1187 1962 1224 in·

218 1250 390 1287 ferimus.
432 1249 651 1286 Pariatoria
673 1246 714 1297 (i
739 1260 769 1285 e.
794 1248 940 1285 solutio
963 1247 1086 1285 debiti
1110 1247 1322 1296 paritatem
1343 1243 1505 1297 faciens)
1538 1246 1714 1295 plenaria
1734 1246 1960 1295 passionum

221 1309 400 1347 omnium
422 1320 503 1345 non
527 1307 615 1352 erit,
639 1307 719 1344 nisi
743 1319 829 1344 cum
854 1307 1031 1344 seculum
1054 1307 1210 1344 finitum
1232 1306 1393 1343 fuerit<<

341 1390 438 1431 210.
459 1387 650 1428 Vocatur
673 1391 814 1428 autem
830 1386 1029 1436 Ecclesia,
1051 1387 1303 1439 praesertim
1328 1398 1353 1427 a
1375 1386 1582 1438 theologis
1606 1385 1792 1434 scholae,
1814 1398 1963 1440 corpus

225 1458 380 1499 Christi
402 1461 632 1512 mysticam.
674 1458 834 1498 Dicitur
855 1471 898 1501 a.
924 1458 1161 1510 mysticum,
1191 1462 1237 1498 ut
1259 1457 1539 1509 distinguatur
1561 1469 1586 1497 a
1609 1468 1790 1508 corpore
1812 1454 1966 1497 Christi

222 1543 248 1582 p
260 1530 288 1570 h
299 1543 325 1582 y
337 1530 414 1570 sic
426 1541 451 1570 o
466 1561 475 1579 ,
497 1529 611 1583 quod
626 1541 755 1570 carne
770 1534 812 1570 et
826 1529 993 1570 ossibus
1011 1534 1190 1577 constat,
1215 1529 1323 1570 sicut
1338 1529 1519 1570 aliorum
1534 1529 1755 1569 hominum
1770 1539 1963 1580 corpora.

222 1601 382 1642 Dicitur
403 1603 450 1644 b.
476 1603 714 1655 mysticum,
736 1606 780 1642 ut
803 1606 981 1653 negetur
995 1613 1088 1642 esse
1101 1613 1256 1652 corpus
1278 1600 1500 1641 natural
1514 1612 1556 1647 e,
1584 1597 1840 1652 significetur
1861 1610 1963 1639 vero

223 1685 264 1716 0.
299 1684 394 1713 eam
426 1685 520 1714 esse
543 1673 805 1722 societatem,
838 1684 947 1725 quae
971 1672 1165 1713 ordinem
1188 1671 1428 1712 naturalem
1449 1671 1573 1723 longe
1597 1669 1963 1723 praetergreditur,

223 1743 343 1794 cujus
357 1748 569 1793 naturam,
591 1742 895 1796 perfectionem
920 1748 961 1784 et
983 1743 1169 1784 indolem
1188 1743 1384 1783 animalis
1406 1742 1536 1783 homo
1559 1753 1647 1782 11011
1668 1741 1857 1793 percipit,
1878 1752 1965 1781 non

223 1814 473 1867 assequitur,
500 1815 575 1855 sed
600 1819 766 1855 tantum
791 1814 1035 1866 spiritualis,
1068 1814 1139 1867 qui
1171 1825 1221 1855 ex
1254 1813 1515 1854 revelatione
1538 1825 1568 1853 s.
1592 1810 1771 1864 Spiritus
1793 1823 1965 1852 sensum

224 1884 377 1925 Christi
400 1885 530 1927 habet
546 1886 603 1942 (1.
619 1884 712 1927 Cor.
729 1889 767 1935 2,
786 1889 839 1928 14
855 1886 952 1941 88.);
974 1890 1020 1926 ut
1041 1884 1299 1938 significetur
1312 1883 1491 1936 proinde
1505 1883 1739 1924 Ecclesiam
1761 1886 1963 1936 myste—

222 1957 357 1996 rium
381 1968 474 1997 esse
496 1956 712 2005 bonitatis,
735 1957 982 2008 sapientiae,
998 1956 1214 2009 potentiae
1227 1955 1303 1996 Dei
1325 1967 1413 1996 non
1435 1967 1558 1996 secus
1578 1958 1704 2007 atque
1728 1954 1810 1995 alia
1833 1965 1965 2006 opera

222 2027 382 2068 ordinis
404 2028 754 2079 supernaturalis.
797 2027 957 2068 Dicitur
989 2028 1037 2070 d.
1070 2028 1308 2080 mysticum,
1341 2031 1386 2067 ut
1417 2026 1666 2075 insinuetur,
1697 2037 1853 2077 corpus
1882 2024 1964 2065 hoc

222 2099 434 2151 mysteriis
449 2099 573 2150 gigni,
596 2099 663 2143 ali,
686 2098 832 2148 foveri,
853 2099 953 2150 regi,
976 2099 1190 2152 mysteriis
1206 2098 1458 2140 redundare.
1480 2097 1640 2138 Dicitur
1661 2110 1703 2140 e.
1727 2096 1966 2150 mysticum,

222 2173 268 2209 ut
289 2169 500 2218 innuatur,
524 2169 624 2210 illud
646 2182 733 2210 non
757 2169 949 2210 dissimili
971 2169 1131 2219 habitu,
1153 2169 1331 2222 proinde
1354 2168 1586 2209 admodum
1608 2168 1875 2221 mysterioso,
1896 2178 1964 2208 re-

222 2238 318 2279 ferri
342 2239 396 2279 ad
419 2238 636 2281 Christum
660 2245 799 2293 caput,
823 2253 906 2294 quo
928 2240 1173 2281 humanitas
1197 2244 1416 2292 assumpta
1439 2239 1493 2280 ad
1514 2238 1705 2280 Verbum
1728 2220 1962 2279 asmiwwrii‘ffns.

350 2323 447 2366 211.
469 2321 751 2367 Corollaria.
794 2323 854 2363 Ex
876 2323 957 2363 hac
978 2322 1194 2364 Ecclesiae
1217 2322 1516 2375 praerogativa
1537 2320 1722 2362 inferunt
1744 2325 1886 2373 patres

348 2395 384 2434 l.
409 2392 635 2434 Ecclesiam
658 2397 804 2446 utpote
827 2405 982 2445 corpus
996 2392 1151 2434 Christi
1166 2394 1324 2447 Spiritu
1340 2392 1420 2433 Dei
1440 2392 1587 2446 fot-eri,
1601 2392 1701 2443 regi,
1717 2391 1897 2431 animari
1918 2390 1964 2446 l).

222 2510 411 2553 pellax-it<
449 2510 590 2552 Quibus
609 2511 747 2544 similia
765 2511 881 2545 habet
899 2510 922 2544 l.
942 2513 987 2544 83
1008 2523 1068 2554 qq.
1088 2522 1123 2554 q.
1143 2513 1187 2546 69
1205 2522 1240 2544 11.
1261 2512 1314 2549 10,
1345 2509 1410 2543 ubi
1428 2509 1551 2542 citatis
1569 2507 1702 2542 iisdem
1719 2508 1841 2542 verbis
1859 2507 1965 2541 Pauli

223 2563 477 2606 prosequitur:
501 2565 550 2603 ,N
557 2575 602 2598 on
623 2563 717 2597 dixit
736 2564 899 2609 (Paulus)
921 2567 969 2598 ita
983 2568 1014 2597 et
1028 2565 1171 2606 Christi,
1185 2561 1250 2596 sed
1265 2565 1313 2596 ita
1328 2568 1359 2596 et
1375 2563 1548 2606 Christus,
1565 2560 1762 2595 ostendens
1777 2559 1965 2595 Christum

225 2619 323 2650 recte
343 2618 523 2661 appellari
543 2618 656 2651 etiam
675 2618 889 2651 universum
909 2617 944 2651 h.
964 2628 992 2651 e.
1012 2618 1124 2661 eaput
1137 2629 1218 2651 cum
1238 2627 1388 2662 corpore
1415 2627 1491 2656 suo,
1519 2615 1618 2659 quod
1637 2615 1694 2649 est
1713 2614 1888 2649 Ecclesia.
1920 2612 1968 2647 Et

225 2669 352 2703 multis
367 2669 638 2714 Scripturarum
653 2670 742 2704 locis
757 2670 964 2704 invenimus
980 2670 1164 2703 Christum
1181 2669 1294 2703 etiam
1308 2671 1377 2703 hoc
1391 2668 1500 2703 modo
1516 2667 1706 2713 appellari,
1724 2669 1766 2701 ut
1787 2678 1870 2701 cum
1892 2676 1966 2699 om-

222 2722 331 2756 nibus
359 2723 434 2756 suis
461 2724 636 2757 membris
664 2723 933 2768 intelligatu1·.‘
970 2723 1020 2756 Cf.
1050 2724 1162 2757 etiam
1192 2722 1225 2755 H
1238 2726 1284 2757 et
1296 2724 1400 2756 eriu
1412 2735 1448 2756 m
1475 2724 1512 2756 et
1530 2721 1681 2755 Beatu
1694 2732 1728 2754 m
1747 2721 1786 2754 in
1802 2720 1827 2754 l.
1847 2724 1866 2754 2
1885 2720 1967 2756 adv.

224 2775 446 2820 Elipandum
462 2777 682 2822 11.-1061113
693 2789 717 2810 n
730 2787 748 2810 e
766 2776 900 2821 patrol.
916 2777 983 2811 lat.
998 2779 1054 2813 96,
1072 2778 1188 2822 1001);
1209 2778 1240 2810 A
1251 2789 1276 2821 g
1287 2787 1306 2810 ο
1318 2776 1341 2810 b
1353 2787 1375 2810 a
1385 2788 1403 2809 r
1415 2776 1437 2809 d
1448 2787 1472 2809 u
1483 2787 1519 2808 m
1537 2775 1618 2808 adv.
1630 2773 1789 2809 Felicem
1803 2772 1966 2819 urgellit.

223 2840 258 2862 n.
278 2831 322 2863 37
344 2829 405 2874 (ib.
428 2832 504 2869 104,
526 2830 604 2874 62);
632 2830 816 2874 Algeru
829 2842 863 2863 m
883 2830 927 2863 de
946 2840 1035 2864 sacr.
1055 2829 1078 2866 l.
1099 2833 1116 2863 1
1138 2842 1172 2864 n.
1192 2833 1237 2865 20
1257 2841 1282 2863 s.
1303 2839 1427 2873 opusc.
1445 2827 1558 2868 XXlI,
1577 2828 1615 2861 et
1631 2826 1740 2871 plura
1757 2826 1831 2860 alia
1849 2838 1875 2859 8.
1895 2828 1966 2860 Au-

223 2882 369 2926 gustini
386 2882 601 2916 testimonia
619 2883 717 2926 apud
735 2883 759 2918 S
771 2895 794 2926 p
807 2894 825 2917 e
839 2894 857 2916 0
869 2883 893 2915 h
905 2885 921 2917 t
938 2888 954 2924 ξ
973 2886 994 2919 9
1007 2897 1014 2921 ;
1034 2883 1056 2917 S
1070 2894 1088 2917 c
1098 2883 1123 2916 h
1135 2892 1153 2915 e
1165 2894 1183 2916 e
1196 2883 1218 2916 b
1231 2893 1250 2916 e
1261 2895 1286 2916 n
1305 2880 1506 2926 Mysterien
1524 2882 1544 2926 ἓ
1564 2882 1618 2915 56.

375 2940 396 2978 ¹)
417 2935 499 2969 Non
517 2936 635 2969 solum
656 2947 698 2970 ex
712 2936 847 2970 intima
865 2936 1052 2970 Ecclesiae
1071 2947 1153 2970 cnm
1173 2935 1317 2970 Christo
1348 2935 1469 2979 capite
1496 2933 1757 2978 conjunctione
1774 2933 1893 2967 fluunt
1909 2934 1967 2966 tot

224 2988 391 3033 ejusdem
410 2989 704 3033 praerogativae,
724 2992 767 3022 ut
783 2990 984 3033 innuimus,
1003 2990 1066 3024 sed
1084 2990 1230 3034 plenius
1245 2989 1356 3023 etiam
1372 2987 1578 3032 explicatur
1591 2998 1726 3020 munus
1739 2986 1966 3027 mediatoris,

222 3053 295 3085 quo
313 3040 482 3076 Christus
498 3040 667 3085 fungitur
684 3042 897 3076 universum
910 3043 1090 3076 muudum
1105 3042 1204 3076 Patri
1219 3041 1419 3084 subjiciens
1444 3042 1481 3074 et
1495 3039 1542 3073 ad
1556 3039 1704 3073 Patrem
1717 3048 1904 3079 revocanS,
1923 3043 1966 3073 ut

224 3095 323 3129 Deus
342 3094 390 3128 sit
407 3094 531 3127 omnia
548 3094 587 3128 in
606 3094 777 3128 omnibus
796 3099 841 3134 (1.
860 3094 939 3129 Cor.
962 3098 1014 3136 15,
1037 3098 1081 3129 24
1095 3100 1165 3135 ss).
1184 3095 1279 3128 Nam
1296 3093 1457 3128 visibilia
1470 3094 1690 3127 revocantur
1704 3093 1752 3127 ad
1766 3093 1964 3133 hominem,
