2175 3382
114 3062 221 3181 Q>

270 156 324 194 Bt!
427 149 482 182 Tr.
504 148 526 180 I.
547 148 729 192 Apologia
747 147 849 188 rvlig.
865 146 988 180 christ.
1005 146 1131 180 'l'liesis
1149 146 1223 179 XV.
1241 146 1471 180 praestantia
1487 147 1676 180 doctrinae
1692 146 1840 181 Christi.

269 268 421 319 ligione
444 271 641 319 paratum
660 278 745 306 non
761 266 814 306 sit
828 265 1076 312 remedium,
1101 265 1164 306 vel
1180 265 1234 305 ad
1250 265 1363 318 quod
1380 265 1611 306 tollendum
1628 271 1669 306 et
1685 266 2006 318 temperandum

269 338 436 378 animae
470 338 550 377 hac
582 336 784 389 religione
817 336 1001 389 perfecte
1034 335 1222 376 imbutae
1255 348 1340 376 non
1372 335 1653 388 impellantur.
1696 336 1745 377 Et
1767 349 1850 390 quo
1874 338 2007 390 magis

268 409 360 460 quis
383 398 463 448 hac
486 408 689 460 religione
712 407 924 456 imbuitur,
948 419 999 448 eo
1015 406 1167 459 majori
1183 406 1331 446 fruitur
1346 418 1451 458 pace
1466 407 1646 455 interna,
1670 407 1888 449 mundana
1902 419 2007 449 con-

268 479 427 527 temnit,
455 479 497 518 in
529 480 645 520 omni
667 479 868 519 virtutum
900 489 1055 530 genere
1078 476 1253 526 excellit,
1284 478 1461 518 caritate
1484 489 1583 518 vere
1615 477 1807 519 benefica
1838 479 1881 519 in
1902 478 2008 520 alios

267 549 398 590 fertur
417 561 551 602 usque
572 549 624 590 ad
641 549 856 601 sanguinis
872 548 1173 601 profusionem.v
1198 548 1494 599 magnanimus
1509 548 1698 589 redditur
1713 548 1766 589 ad
1782 548 2008 590 durissima

267 632 462 673 quaeque
484 633 560 673 pro
578 621 728 661 virtute
752 619 995 660 toleranda:
1020 631 1070 660 eo
1087 618 1312 672 perfectior
1328 618 1370 659 lit
1383 619 1514 660 homo
1530 620 1694 660 virtutis
1710 620 1848 661 omnis
1863 631 2009 661 exem-

266 691 368 744 plar.
411 691 506 732 Jam
528 703 630 732 vero
663 692 781 743 origo
813 689 1025 731 sufficiens
1060 695 1148 731 tam
1171 690 1375 742 sapientis
1397 690 1610 742 religionis
1633 691 1841 743 assignari
1864 691 2008 743 nequit

267 767 437 814 praeter
459 762 645 802 divinam
659 779 668 811 ;
692 774 778 802 non
800 761 1062 813 praecedens
1078 761 1220 813 aliqua
1235 761 1429 802 doctrina
1443 761 1645 810 humana,
1669 769 1766 802 cum
1781 761 1890 802 adeo
1905 761 2007 802 sub-

267 833 376 874 limis
408 838 449 874 et
480 845 586 885 pura
619 831 732 873 nulla
764 832 969 873 exstiterit
1000 836 1099 872 ante
1122 830 1356 879 Christum;
1392 843 1479 872 non
1501 832 1707 873 institutio
1730 832 1920 873 humana
1941 831 2006 873 vel

267 904 464 951 studium,
498 916 594 944 cum
619 902 810 944 Christus
841 903 984 943 literas
1025 915 1112 943 non
1144 902 1347 943 didicerit.
1390 901 1532 952 Quare
1563 903 1644 943 nisi
1674 903 1869 944 effectum
1902 903 2007 944 citra

267 987 443 1016 causam
475 974 698 1016 admittere
730 973 919 1020 velimus,
952 985 1038 1013 non
1071 972 1153 1014 alia
1185 973 1309 1025 hujus
1343 973 1563 1014 doctrinae
1596 978 1658 1014 est
1687 985 1819 1015 causa
1840 978 2009 1026 praeter

268 1059 376 1092 eam,
409 1057 537 1098 quam
569 1044 770 1096 magister
801 1048 946 1084 noster
977 1044 1067 1095 ipse
1094 1043 1387 1084 sanctissimus
1408 1043 1578 1095 judaeis
1601 1043 1852 1085 mirantibus
1875 1044 2007 1097 assig-

266 1118 383 1158 navit
415 1117 559 1157 dicens
591 1114 654 1156 Jo.
678 1119 715 1159 7.
744 1119 815 1159 16:
849 1115 947 1155 Mea
970 1115 1161 1155 doctrina
1198 1127 1278 1154 non
1301 1120 1357 1154 est
1379 1128 1484 1168 mea,
1507 1115 1576 1155 secl
1598 1114 1684 1167 ejus
1706 1117 1776 1170 qui
1798 1115 1911 1155 misit
1933 1128 2006 1168 me,

267 1188 446 1240 ideoque
478 1187 685 1227 coelestis.
731 1185 1033 1227 Consideretur
1065 1199 1104 1229 c.
1139 1185 1368 1235 fiducia,
1411 1198 1495 1238 qua
1525 1186 1633 1227 haec
1665 1186 1870 1236 doctrina,
1901 1186 2011 1227 sicut

267 1257 456 1300 Christus
489 1258 759 1299 adversarios
792 1270 893 1298 suos
924 1269 1163 1310 provocare
1198 1258 1355 1310 potuit:
1387 1257 1489 1307 Quis
1511 1271 1560 1298 eat
1581 1257 1691 1298 robis
1713 1263 1857 1311 aryuet
1878 1271 1940 1298 me
1961 1258 2008 1299 de

261 1335 430 1385 peccato
451 1329 513 1371 Jo.
539 1333 576 1377 S,
598 1332 681 1378 46,-
718 1329 762 1369 Se·
785 1329 886 1368 mihi
909 1342 988 1370 non
1012 1328 1134 1369 vultis
1157 1329 1332 1376 eredere,
1355 1328 1546 1382 operibus
1576 1329 1726 1369 credite
1748 1328 1819 1385 (ib.
1846 1332 1911 1377 10,
1932 1329 2006 1385 38)

267 1407 365 1449 etc.;
396 1402 455 1442 ita
481 1405 523 1441 et
544 1401 637 1453 ipsa
659 1412 760 1440 suos
783 1399 1053 1440 adversarios
1076 1399 1338 1440 confidenter
1360 1411 1596 1452 provocare
1618 1404 1779 1452 potest:
1812 1398 1915 1450 Quis
1937 1412 2006 1441 me

266 1472 402 1523 arguit
424 1472 475 1512 de
499 1474 673 1513 errore?
696 1470 792 1513 Non
814 1472 933 1512 timet
955 1471 1133 1512 rationis
1156 1471 1476 1518 discussionem,
1499 1483 1582 1523 qua
1605 1471 1716 1511 serio
1739 1471 1782 1510 in
1797 1469 2008 1512 credibili-

266 1543 365 1583 tatis
397 1543 556 1583 motiva
587 1543 835 1595 inquiratur,
867 1547 909 1583 et
939 1542 1213 1594 investigetur
1234 1542 1412 1582 rationis
1435 1553 1532 1581 cum
1556 1541 1817 1582 revelatione
1840 1541 2009 1593 conspi-

266 1614 374 1654 ratio
399 1619 527 1666 atque
549 1613 795 1654 harmonia:
823 1613 908 1653 imo
933 1613 985 1653 ad
1009 1613 1120 1653 hanc
1143 1613 1311 1661 excitat,
1333 1616 1449 1653 certo
1473 1612 1623 1661 sciens,
1647 1611 1808 1652 bonum
1829 1611 2007 1653 rationis

267 1698 390 1726 usum
423 1697 503 1737 ope
532 1684 805 1725 revelationis
827 1688 869 1724 et
891 1683 1053 1734 gratiae
1076 1683 1131 1724 ad
1154 1682 1279 1724 fidem
1302 1683 1536 1736 perducere
1559 1687 1686 1736 atque
1708 1683 1752 1723 in
1775 1682 1856 1723 fide
1878 1682 2009 1724 semel

266 1761 463 1808 suscepta
486 1755 742 1796 confirmare
765 1766 851 1796 eos.
886 1755 957 1808 qui
986 1754 1129 1795 bonae
1151 1754 1235 1795 sint
1256 1754 1498 1795 voluntatis.
1541 1753 1634 1805 Qua
1661 1753 1815 1795 fiducia
1837 1765 2009 1795 omnem

267 1827 393 1868 aliam
425 1827 673 1878 religionem
705 1825 942 1878 praecellit:
974 1825 1155 1878 ideoque
1188 1824 1450 1866 confidenter
1471 1825 1667 1865 hortatur
1688 1837 1790 1866 suos
1812 1824 2007 1866 cultores,

266 1903 311 1939 ut
332 1898 468 1950 parati
492 1898 575 1938 sint
597 1908 766 1948 semper
799 1896 854 1936 ad
876 1896 1211 1937 satisfactionem
1244 1896 1360 1936 omni
1383 1896 1576 1948 poscenti
1597 1895 1652 1936 ab
1675 1896 1776 1948 ipsis
1798 1896 2009 1937 rationem

266 1969 318 2010 de
351 1980 401 2009 ea
434 1979 544 2021 quae
578 1968 622 2008 in
643 1967 745 2019 ipsis
769 1972 832 2008 est
854 1979 928 2019 spe
951 1967 993 2023 (1
1019 1966 1128 2008 Petr.
1153 1971 1191 2015 3,
1219 1968 1301 2023 15).
1346 1966 1438 2017 Quo
1462 1967 1597 2019 magis
1621 1971 1763 2007 autem
1785 1967 1894 2007 ratio
1916 1967 2009 2020 ipsa

266 2039 538 2080 revelationis
569 2038 773 2091 mysteria
804 2050 854 2078 ea
883 2050 967 2090 qua
988 2050 1067 2090 par
1089 2042 1153 2078 est
1176 2037 1387 2078 modestia
1410 2042 1634 2086 scrutatur,
1667 2049 1718 2078 eo
1741 2037 1920 2090 pleniori
1941 2049 2008 2078 re-

266 2110 451 2152 funditur
473 2110 577 2157 luce,
602 2121 686 2162 qua
708 2109 967 2161 dissipantur
981 2108 1208 2149 dubiorum
1223 2108 1416 2157 nebulae,
1439 2109 1661 2149 solvuntur
1674 2108 1859 2160 implexa
1871 2100 2008 2149 scien-

265 2181 349 2221 tiae
372 2179 649 2233 problemata,
674 2179 957 2221 dilucidantur
979 2179 1139 2220 ordinis
1161 2179 1398 2232 praesentis
1422 2180 1676 2231 aenigmata,
1704 2178 1918 2231 perficitur
1937 2191 2007 2220 ra-

265 2252 435 2292 tionalis
477 2252 681 2303 cognitio:
724 2251 833 2291 adeo
873 2255 920 2291 ut
950 2250 1165 2304 mysteria,
1206 2262 1316 2303 quae
1348 2255 1476 2291 antea
1506 2249 1761 2291 videbantur
1791 2248 2006 2298 tenebrae,

265 2328 478 2363 astrorum
502 2322 740 2363 lucidorum
763 2322 897 2362 instar
919 2321 1151 2362 reddantur
1173 2322 1350 2374 ipsaque
1372 2333 1451 2361 sua
1466 2320 1724 2362 sublimitate
1738 2321 1916 2362 rationis
1930 2320 2006 2361 ad-

266 2394 536 2434 mirationem
559 2397 853 2446 extorqueant.
900 2391 1042 2443 Quare
1065 2391 1320 2433 concludere
1342 2391 1439 2432 licet
1459 2391 1601 2433 verbis
1626 2391 1881 2432 Balduini
1903 2404 2006 2433 can-

267 2464 492 2505 tuariensis
524 2464 576 2505 de
609 2463 846 2505 commend.
879 2463 943 2503 fid.
966 2463 1049 2518 (Mi
1061 2476 1095 2515 g.
1128 2465 1226 2511 204,
1259 2464 1384 2518 630:
1424 2462 1671 2514 „Quomodo
1703 2466 1934 2515 potuerunt
1963 2462 2006 2502 in

265 2547 351 2576 uno
373 2535 546 2575 homine
569 2535 798 2575 convenire
813 2539 932 2575 tanta
947 2535 1164 2586 signorum
1180 2535 1383 2586 potentia,
1408 2539 1528 2575 tanta
1541 2533 1771 2574 verborum
1786 2533 2008 2585 sapientia,

266 2610 386 2646 tanta
407 2606 607 2646 virtutum
640 2605 785 2657 gratia,
817 2610 937 2646 tanta
959 2607 1071 2646 vitae
1094 2605 1266 2657 puritas,
1298 2610 1387 2645 tam
1414 2604 1666 2645 manifestae
1689 2603 1910 2645 doctrinae
1930 2614 2007 2644 ve-

265 2676 378 2724 ritas,
402 2676 482 2716 nist
505 2688 530 2716 a
552 2676 639 2717 Deo
665 2681 788 2724 esset,
811 2676 892 2716 nisi
914 2675 1053 2716 bonus
1076 2681 1117 2716 et
1134 2676 1274 2728 justus
1297 2677 1440 2716 esset?

383 2750 443 2786 Ad
465 2761 547 2786 rem
569 2750 697 2799 igitur
718 2750 839 2787 infert-
859 2750 1164 2787 Lactantius
1186 2749 1366 2787 Institut.
1390 2749 1461 2797 ΙΙΙ,
1488 2755 1563 2789 30:
1587 2749 1700 2793 „Hie‚
1724 2748 1787 2785 hic
1808 2749 1869 2785 est
1891 2747 2004 2794 illud,

264 2808 369 2857 quod
392 2808 613 2857 philosophi
635 2821 768 2846 omnes
792 2810 832 2845 in
854 2812 938 2846 tota
973 2821 1044 2846 sua
1066 2809 1147 2846 vita.
1177 2809 1442 2857 quaesierunt,
1473 2820 1545 2845 nec
1575 2820 1751 2855 unquam
1780 2811 1913 2844 tamen
1943 2807 2004 2844 in-

263 2867 472 2916 vestigare,
505 2868 840 2916 comprehendere,
872 2871 1005 2905 tenere
1037 2868 1259 2912 valuerunt,
1292 2868 1361 2916 qui
1383 2867 1617 2916 religionem
1639 2868 1708 2903 aut
1730 2879 1889 2914 parvam
1909 2866 2004 2903 reti-

263 2929 449 2971 nuerunt,
473 2930 542 2963 aut
555 2929 678 2963 totam
693 2927 853 2975 penitus
867 2927 1126 2963 sustulerunt.
1162 2927 1370 2964 Facessant
1391 2926 1520 2976 igitur
1540 2925 1602 2962 illi
1617 2937 1760 2970 omnes,
1784 2925 1853 2974 qui
1869 2925 2004 2962 huma—

264 2999 354 3022 nam
375 2985 500 3022 vitam
522 2996 599 3022 nou
614 2986 833 3030 instruunt,
859 2985 927 3022 sed
942 2985 1117 3022 turbant.
1153 2985 1255 3030 Quid
1270 2987 1376 3023 enim
1389 2985 1548 3022 dolent?
1570 2986 1639 3021 aut·
1653 2996 1770 3032 quem
1784 2985 2002 3030 instruunt,

264 3045 334 3093 qui
356 3056 396 3082 se
418 3045 525 3093 ipsos
547 3037 722 3081 nendum
746 3044 1041 3081 instruxerant?
1063 3044 1197 3088 ,Quem
1229 3056 1366 3082 sanare
1396 3043 1557 3093 aegroti,
1590 3055 1708 3091 quem
1737 3055 1872 3093 regere
1903 3043 2004 3080 coeci

264 3105 458 3152 possunt?
491 3104 576 3140 Huc
599 3115 691 3153 ergo
713 3115 783 3140 nos
815 3115 961 3146 omnes.
996 3103 1141 3150 quibus
1173 3106 1233 3140 est
1265 3115 1357 3140 cura
1388 3102 1613 3151 sapientiae,
1646 3101 1900 3140 conferamus.
1941 3103 2005 3139 An
