2175 3382
248 138 335 179 43ss
747 130 867 165 Tract.
888 130 946 164 IV.
967 129 1011 164 de
1031 129 1110 163 fide.
1132 129 1181 163 De
1200 139 1396 173 puerorum
1417 128 1487 162 fide

248 257 335 292 rent
359 255 405 292 ad
428 253 641 302 prudenter
663 252 962 297 formidandum,
998 264 1074 289 non
1099 253 1227 300 potest
1248 251 1330 299 ipse
1353 250 1567 299 prudenter
1589 250 1807 294 formidare,
1839 252 1879 287 et
1909 262 1979 299 pro

249 315 331 363 ejus
354 317 469 361 captu
490 312 636 350 motiva
659 311 726 349 illa
747 311 959 349 fortissima
981 314 1086 354 sunt,
1109 323 1207 359 quae
1231 310 1374 347 debilia
1396 311 1526 346 essent
1550 309 1590 346 in
1613 308 1749 346 ordine
1771 308 1818 346 ad
1840 309 1976 347 alios‘

369 403 463 436 470.
502 396 556 433 De
572 406 785 444 puerorum
806 395 888 443 fide.
912 416 966 421 -—-
991 392 1030 434 5.
1065 393 1173 437 Quod
1196 393 1427 430 nominatim
1452 404 1591 441 pueros
1614 392 1770 437 attinet,
1795 392 1887 429 haec
1908 404 1977 429 no-

249 460 400 493 tentur:
437 465 479 495 a.
513 455 629 493 etiam
661 454 914 504 parvulorum
947 465 1026 490 esse
1058 452 1183 495 fidem,
1218 452 1352 488 talium
1386 456 1437 488 est
1468 452 1565 488 enim
1602 463 1758 500 reynum
1793 452 1980 488 coelorum

250 514 404 566 (Matth.
434 522 495 559 19,
527 512 615 563 14):
648 526 767 562 quare
791 511 835 552 b.
858 525 945 550 cum
968 513 1072 549 Deus
1095 510 1357 560 impossibilia
1389 523 1467 547 non
1497 510 1699 559 praecipit,
1733 510 1793 547 his
1821 522 1979 559 quoque

249 574 526 611 revelationem
548 573 603 610 ita
626 573 707 610 fieri
730 571 964 610 credibilem.
997 574 1041 607 ut
1072 583 1141 619 pro
1171 569 1363 607 tenuitate
1395 569 1584 619 ingenioli
1616 569 1677 606 sui
1708 571 1797 607 tuto
1827 570 1979 618 possint

249 633 414 670 credere.
458 633 581 670 Multo
616 644 706 669 vero
739 631 921 680 pauciora
955 640 994 670 e.
1029 629 1076 666 ad
1111 631 1180 666 hoc
1202 629 1350 677 requiri
1384 629 1424 665 in
1460 640 1582 677 puero
1617 641 1734 676 quam
1767 629 1809 665 in
1843 629 1979 667 adulto

249 707 286 732 α.
308 696 468 741 propt-er
489 692 618 729 minus
641 691 839 728 excultum
862 689 1065 738 ingenium
1088 688 1275 736 dubiique
1298 700 1376 725 non
1400 688 1494 725 adeo
1526 700 1653 736 capax,
1685 700 1774 725 nam
1805 688 1981 736 pronitas

250 751 457 788 dubitandi
480 750 618 788 crescit
641 762 727 787 cum
751 752 888 794 aetate,
912 748 1173 793 institutione,
1206 747 1445 796 experientia
1480 750 1519 784 et-
1541 746 1669 795 ipsius
1702 747 1866 785 hominis
1896 760 1979 785 ma-

249 810 357 854 litia:
383 811 416 862 β.
439 813 597 859 propter
617 810 789 846 innatam
814 807 932 844 animi
955 806 1219 844 humilitatem
1242 808 1281 843 et
1303 806 1484 843 credendi
1497 806 1816 855 propensionem;
1839 821 1873 858 γ.
1888 807 1983 855 quia

249 870 402 918 parvuli
425 870 553 906 anima
574 868 705 905 tabula
731 871 787 904 est
810 879 895 903 rasa
915 866 1088 903 nondum
1112 866 1235 914 spinis
1268 865 1595 914 praejudiciorum
1626 877 1881 912 errorumque
1911 878 1980 903 ne-

249 929 351 966 bulis
382 929 526 972 obsita;
559 927 590 966 δ.
623 927 715 975 quia
746 926 928 975 pauciora
957 937 1077 973 eaque
1108 924 1239 962 minus
1270 924 1450 973 explicite
1482 924 1636 962 credere
1670 927 1839 962 tenetur.
1881 924 1983 962 Hinc

251 985 297 1028 d.
321 988 474 1036 quoties
497 987 538 1024 in
560 986 731 1024 Ecclesia
753 998 843 1022 vera
863 984 1050 1022 revelatio
1073 996 1117 1021 eo
1140 983 1264 1028 modO,
1296 984 1364 1032 qui
1396 984 1651 1032 parvulorum
1684 983 1890 1032 capacitati
1919 996 1981 1021 re-

250 1046 448 1096 spondeat.
472 1046 716 1095 proponitur,
740 1044 852 1093 pueri
874 1044 1041 1081 animam
1063 1046 1223 1092 propter
1244 1042 1440 1091 quandam
1454 1042 1611 1080 habitus
1627 1042 1714 1080 fidei
1730 1042 1772 1080 in
1785 1043 1981 1091 baptismo

249 1105 371 1143 infusi
395 1105 657 1155 sympathiam
681 1117 766 1142 cum
790 1103 1026 1141 revelatione
1048 1103 1287 1140 extrinsecus
1308 1102 1513 1150 proposita
1535 1114 1605 1139 sua
1627 1104 1766 1150 sponte
1790 1102 1979 1151 suavique

250 1165 398 1202 ratione
421 1165 467 1201 ad
491 1164 726 1201 credendum
747 1162 890 1200 induci.
935 1161 1018 1205 Qua
1039 1162 1079 1198 in
1102 1174 1144 1198 re
1165 1162 1277 1210 pueri
1300 1166 1339 1198 et
1360 1161 1498 1198 rustici
1520 1161 1711 1198 feliciores
1733 1163 1829 1198 sunt
1842 1161 1980 1206 doctis,

250 1237 340 1261 nam
373 1224 504 1261 nativa
538 1223 718 1272 aptitudo
752 1221 910 1259 videndi
940 1233 1076 1258 verum
1110 1233 1180 1269 per
1212 1221 1352 1257 nimias
1385 1220 1627 1257 subtilitates
1660 1220 1815 1269 saepius
1837 1221 1981 1258 obtun-

250 1283 359 1320 ditur
380 1283 505 1332 magis
527 1295 644 1331 quam
667 1282 833 1319 acuitur.
869 1281 986 1329 Cujus
1008 1280 1102 1317 facti
1123 1280 1372 1317 luculentum
1394 1280 1513 1317 habes
1535 1279 1757 1328 exemplum
1779 1280 1820 1316 in
1830 1279 1983 1328 judaeis

253 1342 393 1380 Christi
425 1346 611 1390 tempore.
654 1341 752 1378 Nam
774 1339 890 1377 rudes
924 1339 1098 1377 homines
1131 1338 1242 1376 facile
1276 1342 1522 1388 agnoverunt
1556 1338 1754 1376 Christum
1788 1338 1981 1384 Messiam,

250 1414 366 1449 quem
387 1401 576 1450 pharisaei
599 1403 637 1437 et
660 1399 808 1437 scribae
838 1398 917 1436 suis
952 1398 1199 1448 praejudiciis
1225 1398 1496 1447 praeoccupati
1521 1398 1736 1435 noluerunt
1762 1409 1982 1448 agnoscere.

250 1460 361 1504 Quod
396 1460 539 1497 factum
575 1458 752 1508 quotidie
785 1471 854 1507 per
888 1458 1016 1495 secula
1049 1460 1261 1494 renovatur
1288 1458 1401 1506 juxta
1435 1457 1552 1494 verba
1588 1457 1731 1494 Christi
1753 1457 1890 1494 Matth.
1916 1462 1981 1503 21,

254 1525 304 1559 33
330 1531 378 1556 ss.
401 1523 439 1555 et
461 1519 574 1555 Pauli
603 1525 635 1558 1.
659 1518 739 1555 Cor.
769 1525 801 1562 1,
832 1524 878 1557 19
904 1529 954 1554 SS.
997 1516 1049 1555 Cf.
1073 1517 1231 1554 Pesch
1253 1516 1345 1553 VIII
1375 1517 1431 1553 th.
1460 1523 1522 1556 16.
1565 1516 1673 1554 Idem
1696 1526 1737 1556 e.
1761 1516 1915 1553 dicatur
1935 1516 1984 1554 de

250 1578 382 1627 pueris
405 1578 509 1615 inter
530 1577 745 1615 haereticos
768 1576 883 1621 natis,
916 1579 1096 1624 respectu
1118 1588 1285 1624 quorum
1307 1578 1489 1624 parentes
1511 1575 1585 1612 etsi
1617 1576 1803 1613 haeretici
1833 1575 1982 1613 instru-

253 1640 429 1674 mentum
452 1639 547 1674 sunt
568 1636 760 1674 Ecclesiae
782 1635 828 1672 ad
859 1635 1094 1685 gignendam
1123 1635 1239 1672 fidem
1269 1635 1470 1680 actualem,
1503 1635 1606 1672 sicut
1637 1635 1679 1671 in
1709 1635 1905 1683 baptismo
1935 1634 1984 1672 ad

253 1708 316 1733 eos
339 1696 631 1746 regenerandos.
668 1694 777 1739 Quod
801 1695 834 1732 si
856 1692 893 1734 f.
915 1696 1096 1743 parentes
1117 1696 1343 1743 proponunt
1365 1706 1514 1731 errores
1537 1706 1630 1731 suae
1654 1698 1780 1731 sectae
1795 1693 1983 1742 proprios,

251 1767 294 1792 ea
316 1755 500 1793 missione
523 1768 600 1792 non
622 1755 822 1798 fruuntur,
845 1766 972 1802 neque
994 1753 1120 1803 gratia
1141 1754 1315 1802 ipsorum
1335 1753 1629 1790 institutionem
1650 1754 1691 1790 in
1713 1752 1884 1790 filiorum
1897 1753 1982 1790 ani-

250 1815 322 1851 mis
341 1814 517 1863 juvabit:
540 1815 617 1852 imo
641 1813 848 1863 illegitime
872 1810 1069 1865 (quamvis
1092 1812 1191 1849 forte
1212 1813 1313 1850 bona
1336 1809 1427 1864 fide)
1450 1812 1546 1849 hanc
1570 1812 1647 1849 sibi
1669 1814 1865 1861 usurpant
1889 1824 1981 1850 auc—

249 1873 463 1914 toritatem,
487 1874 587 1911 sicut
610 1886 698 1911 cum
721 1874 902 1921 parentes
925 1871 1106 1909 catholici
1128 1871 1230 1909 filios
1253 1872 1352 1908 male
1373 1872 1606 1909 instituunt.
1647 1871 1829 1909 Ceterum
1852 1881 1897 1922 g.
1913 1871 1984 1908 filii

250 1932 533 1970 haereticorum
556 1932 705 1969 haeresi
725 1931 880 1976 imbuti,
904 1932 935 1969 si
958 1933 1053 1968 sunt
1073 1931 1196 1968 bonae
1217 1931 1433 1968 voluntatis
1448 1934 1488 1968 et
1500 1930 1649 1980 gratiae
1663 1943 1808 1968 morem
1824 1933 1981 1980 gerunt,

252 1994 461 2040 postquam
483 1991 748 2034 adoleverunt,
772 1991 834 2027 vel
856 1986 1025 2027 errorem
1048 1993 1262 2039 agnoscent
1282 1991 1345 2027 vel
1366 1990 1582 2027 manebunt
1602 1990 1645 2027 in
1658 1990 1762 2027 bona
1775 1990 1861 2036 fide,
1884 2002 1984 2038 quae

252 2062 317 2088 eos
340 2051 386 2087 ab
410 2051 578 2088 haeresis
600 2051 762 2088 crimine
793 2054 949 2087 excusat
981 2056 1098 2098 atque
1129 2062 1151 2086 a
1173 2050 1251 2087 Deo
1282 2049 1461 2098 permitti
1493 2052 1634 2097 potest,
1665 2051 1753 2086 tum
1783 2049 1876 2097 quia
1905 2061 1984 2086 non

251 2112 409 2147 tenetur
430 2114 583 2158 patrare
605 2109 792 2147 miracula
814 2110 859 2146 ad
876 2109 1161 2158 praecavendos
1175 2121 1323 2146 errores
1337 2109 1580 2156 aliorumque
1596 2108 1873 2152 seductionem,
1895 2110 1983 2145 tum

249 2168 335 2206 ideo
359 2182 407 2206 ne
429 2169 600 2206 Ecclesia
622 2170 786 2218 ejusque
808 2168 979 2205 ministri
1002 2167 1178 2205 secordes
1199 2167 1414 2205 reddantur
1436 2168 1476 2205 in
1497 2168 1741 2216 procuranda
1763 2167 1980 2205 errantium

251 2229 375 2265 salute
395 2225 436 2279 l).

370 2317 464 2350 471,
492 2310 651 2347 Gratiae
675 2311 711 2346 in
733 2311 856 2359 genesi
876 2311 965 2358 fidei
986 2314 1226 2347 momentum.
1249 2332 1305 2337 —
1327 2308 1368 2350 6.
1391 2310 1580 2348 Memores
1612 2322 1766 2358 semper
1798 2321 1883 2346 esse
1915 2309 1981 2345 de-

250 2369 398 2412 bemus,
423 2369 594 2406 multum
617 2369 790 2406 conferre
805 2381 1014 2418 supernam
1030 2369 1205 2418 gratiam,
1229 2370 1277 2406 ut
1289 2370 1351 2406 vel
1366 2369 1529 2406 minima
1543 2368 1820 2406 credibilitatis
1836 2367 1983 2405 motiva

250 2428 507 2476 respectivam
528 2429 693 2477 gignant
715 2428 1004 2467 certitudinem.
1038 2428 1119 2465 sive
1141 2428 1377 2465 illustrando
1407 2428 1666 2471 intellectum,
1699 2430 1744 2465 ut
1775 2427 1809 2464 is
1839 2427 1908 2464 illa
1939 2438 1983 2463 ea

250 2487 515 2535 apprehendat
538 2488 698 2531 ratione,
722 2491 767 2524 ut.
790 2487 979 2525 suadeant
1000 2490 1039 2524 et
1060 2487 1340 2535 persuadeant3
1364 2487 1446 2525 sive
1467 2488 1565 2525 bene
1586 2486 1827 2536 disponendo
1840 2486 1981 2523 volun-

249 2548 385 2590 tatem,
408 2549 455 2583 ut
478 2550 658 2595 prompte
680 2546 864 2583 obaudiat
885 2547 970 2584 voci
991 2546 1168 2584 veritatis
1191 2559 1354 2594 eamque
1377 2547 1487 2584 corde
1509 2558 1696 2596 generoso
1709 2545 1982 2594 amplectatur.

250 2604 376 2649 Quam
398 2605 447 2642 ob
470 2618 549 2642 rem
566 2605 621 2641 ita
639 2605 893 2653 prosequitur
907 2605 1117 2643 concilium
1137 2605 1433 2643 vaticanum
1455 2606 1479 2643 l.
1493 2618 1523 2643 c.
1540 2619 1548 2643 :
1573 2605 1669 2649 ,Oui
1692 2604 1851 2653 quidem
1863 2603 1979 2641 testi-

250 2663 381 2700 monio
405 2661 633 2715 (Ecclesiae)
657 2663 789 2700 efficax
812 2664 1032 2701 subsidium
1055 2664 1204 2702 accedit
1234 2677 1279 2702 ex
1301 2677 1469 2714 superna
1489 2665 1651 2702 virtute.
1692 2663 1850 2701 Etenim
1871 2661 1981 2699 beni-

253 2722 467 2772 gnissimus
490 2723 679 2760 Dominus
701 2725 740 2759 et
761 2726 934 2760 errantes
957 2723 1083 2773 gratia
1105 2735 1176 2760 sua
1197 2724 1337 2761 excitat
1368 2726 1485 2772 atque
1509 2723 1682 2772 adjuvat,
1714 2724 1762 2760 ut
1791 2722 1839 2759 ad
1870 2721 1981 2772 agni-

394 2888 418 2925 1)
438 2883 489 2918 Cf.
509 2884 553 2918 de
572 2884 641 2918 hac
659 2885 876 2927 quaestione
895 2886 1037 2920 difficili
1064 2885 1094 2920 G
1106 2885 1235 2920 erdil
1261 2885 1518 2921 Introduzione
1546 2885 1620 2920 allo
1641 2886 1764 2920 studio
1782 2884 1882 2920 della
1898 2885 1982 2919 reli·

241 2937 360 2982 ‘gione
377 2948 461 2982 pag.
482 2940 548 2972 137
568 2948 632 2972 ss.:
652 2937 677 2971 Ρ
689 2947 708 2970 o
722 2949 791 2981 mp
803 2939 815 2971 i
827 2950 852 2982 g
864 2951 886 2972 n
899 2950 918 2972 a
931 2952 965 2983 n,
995 2940 1235 2973 Controverse
1252 2939 1435 2984 pacifique
1455 2943 1559 2973 entre
1577 2939 1624 2974 M.
1642 2938 1796 2973 Lefranc
1814 2939 1859 2972 de
1878 2938 1980 2972 Pom-

247 2990 393 3034 pignan
413 2991 450 3024 et
468 3000 518 3023 un
536 2990 665 3023 savant
683 2988 728 3023 de
746 2989 775 3023 G
788 2991 901 3024 enev
913 3002 931 3025 e
959 3004 1020 3025 sur
1045 2992 1234 3027 l'autorite‘
1259 2991 1418 3036 d'Egliee
1436 3003 1480 3026 en
1498 2992 1660 3036 general,
1689 2992 1728 3025 in
1745 2991 1858 3025 theol.
1876 3001 1982 3025 cursu

249 3044 434 3088 completo
453 3043 508 3077 ed.
527 3043 563 3077 M
574 3043 586 3077 i
597 3055 622 3088 g
633 3055 656 3077 n
667 3053 685 3076 6
705 3045 735 3084 6,
760 3045 847 3079 1096
865 3055 928 3081 ss.;
948 3045 974 3078 P
987 3057 1004 3079 e
1016 3056 1061 3079 rr
1073 3056 1092 3079 o
1106 3059 1128 3079 n
1140 3057 1158 3080 e
1175 3045 1344 3090 praelect.
1359 3047 1385 3079 t.
1400 3048 1422 3079 8
1437 3046 1481 3079 de
1492 3045 1593 3089 bapt.
1609 3056 1637 3080 c.
1651 3049 1675 3079 4
1689 3055 1792 3090 prop.
1808 3047 1848 3083 2:
1866 3044 1980 3079 theol.

250 3097 397 3131 wirceb.
416 3100 441 3131 t.
460 3102 483 3131 4
499 3096 544 3131 de
562 3097 646 3132 virt.
662 3096 824 3141 theolog.
843 3109 878 3131 11.
899 3099 964 3133 172
983 3109 1027 3132 ss.
