2175 3382
73 171 159 210 ’.ΠΟ
233 165 290 198 Τι’.
312 163 371 196 111.
392 162 443 196 De
467 161 635 196 Ecclesia.
655 161 721 195 Th.
743 160 883 195 XLVII.
903 162 936 195 S.
953 162 1183 206 Augustinus
1199 161 1243 196 de
1259 161 1436 196 Ecclesiae
1452 162 1637 198 membris.

73 287 232 324 brorum
255 284 449 322 Ecclesiae
471 284 517 321 ad
541 284 731 322 Ecclesiae
754 296 894 333 corpus
916 287 955 321 et
987 284 1178 321 unitatem
1211 296 1279 321 seu
1311 283 1429 320 etiam
1465 285 1687 322 societatem
1723 296 1813 322 vere

72 347 112 382 et
140 344 296 394 proprie
318 343 526 393 pertinere,
551 343 618 381 sed
641 355 718 381 non
742 342 1050 393 principaliter.«

193 432 287 466 245.
311 426 521 475 Ααφιειὶηἰ
542 428 729 464 doctrina.
753 449 808 454 --
832 427 1052 464 Secundum
1087 427 1178 464 haec
1200 439 1298 474 quae
1330 427 1499 464 diximus
1522 426 1812 476 Augustini

70 486 186 524 effata
217 498 297 522 esse
332 486 567 535 explicanda,
604 488 714 535 patet
735 486 862 523 velex
886 498 941 531 66,
965 485 1068 534 quod
1093 498 1120 523 s.
1154 485 1289 523 doctor
1320 485 1598 535 operosissime
1628 485 1813 523 adversus

73 545 286 582 donatistas
308 546 369 582 tot
391 544 509 583 editis
540 545 652 582 libris
675 545 851 582 defendit
873 545 1013 594 dogma
1034 545 1279 590 catholicum,
1303 544 1514 582 Ecclesiam
1537 557 1614 582 non
1636 546 1813 583 constare

72 603 305 652 solisjustis
324 605 366 651 1).
408 604 546 653 Neque
569 604 715 642 desunt
751 604 935 649 rationes,
968 604 1111 652 quibus
1142 604 1209 641 ille
1240 604 1427 642 insolitus
1458 603 1643 652 loquendi
1674 603 1813 642 modus

73 664 103 700 A
117 662 362 713 ugustini
384 664 509 712 possit
530 663 735 713 explicari;
772 676 863 700 nam
885 672 927 703 a.
949 665 1054 700 amat
1076 664 1105 700 A
1119 663 1405 712 ugustinus
1436 663 1595 701 modum
1625 662 1812 712 loquendi

71 722 324 771 platonicum,
348 723 460 771 cujus
483 725 553 768 est,
590 723 699 759 illius
723 722 763 759 in
785 722 923 771 primis
953 722 1191 768 meminisse,
1224 723 1328 771 quod
1359 723 1400 760 in
1431 735 1472 760 re
1503 722 1635 771 aliqua
1665 721 1813 760 eminet

69 781 118 818 ad
141 793 303 829 eamque
326 794 417 830 prae
440 782 579 819 ceteris
602 781 776 830 pertinet
792 778 837 833 2).
875 781 970 819 Cum
993 792 1084 830 ergo
1107 781 1153 818 de
1176 781 1326 819 ratione
1349 781 1514 819 membri
1536 781 1700 830 perfecti
1727 793 1811 819 coe-

69 843 146 886 tus,
169 840 400 888 praesertim
423 853 467 878 ex
491 853 531 878 se
553 840 689 886 sancti,
714 840 765 877 sit
788 839 973 877 sanctitas
995 841 1034 877 et
1056 840 1148 886 vita,
1172 853 1251 889 qua
1271 843 1403 878 carent
1416 843 1645 890 peccatores,
1668 853 1811 890 negare

72 899 202 948 potuit
223 911 287 936 eos
311 912 396 936 esse
419 897 719 951 (reduplicative
753 901 792 936 et
814 911 934 937 sensu
956 900 1071 948 pleno
1095 898 1140 937 cf.
1163 912 1199 936 n.
1227 897 1352 952 2432)
1375 900 1422 937 de
1444 900 1625 937 Ecclesia.
1666 899 1814 937 Aderat

72 957 116 999 b.
140 959 257 996 etiam
278 958 378 996 ratio
400 959 599 1007 polemica.
643 958 738 995 Cum
761 958 864 995 enim
888 958 1108 995 donatistae
1130 958 1422 1006 profiterentur,
1445 958 1685 1008 baptismum
1701 960 1812 996 extra

68 1017 275 1055 Ecclesiam
298 1018 524 1055 catholicam
547 1017 721 1055 validum
743 1030 822 1055 non
843 1029 928 1054 esse
948 1019 1108 1066 propter
1122 1017 1231 1054 illam
1245 1029 1273 1054 s.
1289 1018 1471 1067 Cypriani
1485 1018 1690 1063 rationem,
1727 1017 1809 1056 fieri

72 1089 212 1125 nempe
234 1089 311 1114 non
333 1088 458 1125 posse,
483 1078 529 1114 ut
550 1077 582 1114 is
606 1076 726 1114 vitam
747 1077 810 1114 vel
833 1076 1025 1125 Spiritum
1048 1078 1227 1113 sanctum
1249 1077 1410 1121 tribuat,
1435 1077 1503 1125 qui
1526 1077 1647 1114 vitam
1669 1078 1709 1114 et
1725 1077 1810 1126 Spi-

73 1135 195 1172 ritum
219 1147 247 1174 s.
270 1135 352 1184 ipse
366 1148 445 1173 non
459 1136 610 1181 habeat,
634 1137 680 1172 ut
695 1135 914 1173 haereticus
929 1135 1076 1184 quivis:
1100 1138 1235 1173 contra
1248 1138 1366 1184 urget
1381 1148 1409 1175 s.
1425 1137 1458 1173 A
1469 1149 1533 1186 ug
1544 1149 1570 1174 u
1583 1135 1688 1173 stin
1699 1149 1727 1173 u
1739 1133 1811 1189 s3),

72 1196 295 1244 peccatores
318 1207 396 1232 non
420 1207 530 1232 secus
554 1197 671 1243 atque
694 1194 907 1232 haereticos
930 1194 1077 1232 alienos
1108 1206 1190 1232 esse
1212 1194 1259 1232 ab
1282 1195 1466 1241 Ecclesia,
1499 1197 1693 1244 quatenus
1727 1194 1811 1232 scil.

75 1254 165 1291 haec
188 1266 326 1302 corpus
348 1255 406 1291 est
427 1254 559 1291 vivum
583 1257 624 1291 et
644 1254 835 1303 templum
859 1266 886 1291 s.
911 1253 1094 1303 Spiritus.
1138 1253 1178 1290 Si
1214 1266 1306 1304 ergo
1328 1254 1399 1292 hoc
1420 1266 1499 1292 non
1521 1255 1701 1292 obstante
1723 1266 1811 1303 pec-

72 1314 222 1350 catores
244 1313 369 1350 valide
393 1313 600 1361 baptizant,
623 1315 812 1362 poterunt
833 1315 873 1350 et
894 1313 1080 1350 haeretici
1094 1313 1222 1351 valide
1236 1313 1443 1362 baptizare.
1485 1313 1567 1351 Hoc
1582 1313 1810 1362 explicatur,

72 1384 192 1419 quare
215 1384 260 1408 ea
282 1371 470 1420 loquendi
490 1372 590 1409 ratio
615 1373 656 1409 in
678 1372 757 1409 illis
779 1372 1030 1420 potissimum
1052 1373 1273 1421 reperiatur
1293 1372 1420 1418 libris,
1444 1373 1486 1409 in
1509 1373 1654 1421 quibus
1677 1374 1813 1410 contra

70 1430 294 1468 donatistas
317 1431 490 1468 valorem
512 1431 701 1480 baptismi
723 1431 772 1468 ab
793 1431 997 1469 haereticis
1020 1432 1153 1469 collati
1175 1434 1324 1469 tuetur.
1366 1433 1571 1470 Praeterea
1594 1441 1636 1473 (3.
1659 1431 1811 1470 audivi-

71 1502 158 1526 mus
192 1486 246 1541 (n.
273 1489 370 1539 242)
394 1491 749 1540 Augustinum
780 1490 1053 1536 affirmantem,
1089 1504 1127 1528 se
1160 1503 1272 1540 saepe
1303 1491 1350 1529 de
1381 1491 1554 1529 Ecclesia
1587 1491 1692 1539 loqui
1732 1503 1812 1528 non

75 1549 202 1597 qualis
225 1551 294 1592 est,
319 1549 384 1586 sed
407 1549 534 1597 qualis
554 1549 691 1587 sutura
714 1549 777 1586 sit.
809 1551 988 1588 Ceterum
1010 1547 1055 1590 d.
1079 1550 1163 1599 ipse
1179 1562 1207 1591 s,
1222 1550 1356 1588 doctor
1370 1550 1536 1588 subinde
1551 1549 1813 1588 distinctionis

73 1608 266 1656 principia
286 1608 481 1656 proponit,
506 1609 723 1646 secundum
744 1621 844 1657 quae
867 1609 994 1658 ipsius
1017 1609 1132 1647 effata
1161 1609 1203 1647 in
1225 1610 1390 1658 speciem
1414 1609 1610 1648 contraria
1631 1608 1814 1658 explicari

75 1667 235 1715 possint.
277 1668 337 1704 Ita
358 1667 555 1716 explicans
577 1668 694 1706 verba
717 1668 861 1706 Christi
884 1668 909 1706 J
913 1680 946 1706 o.
975 1675 1037 1714 13,
1064 1675 1111 1709 21
1130 1682 1137 1706 ε
1168 1669 1272 1706 Unus
1294 1682 1340 1707 ex
1361 1669 1462 1707 vobis
1483 1670 1608 1707 tradet
1620 1681 1689 1718 me,
1716 1667 1811 1706 scri—

73 1725 137 1763 bit
159 1726 220 1763 Tr.
245 1733 292 1766 61
321 1739 358 1763 11.
383 1733 427 1766 2:
466 1727 603 1772 „Unus
639 1740 682 1765 ex
716 1727 828 1765 vobis
860 1740 1034 1774 numero,
1069 1740 1148 1766 non
1179 1728 1338 1773 merito;
1374 1729 1500 1778 specie
1530 1740 1609 1766 non
1641 1727 1812 1773 virtute3

73 1785 347 1823 commixtione
370 1787 571 1835 corporali,
595 1799 672 1823 non
694 1786 852 1824 vinculo
874 1786 1093 1836 spirituali;
1129 1788 1256 1825 carnis
1280 1788 1542 1837 adjunctione,
1577 1799 1658 1824 non
1688 1786 1813 1824 cordis

79 1844 204 1881 socius
226 1845 400 1883 unitate:
424 1846 586 1894 proinde
609 1857 688 1882 non
710 1846 779 1894 qui
801 1859 846 1883 ex
868 1846 980 1883 vobis
1004 1848 1072 1891 est,
1106 1847 1172 1884 sed
1194 1847 1263 1895 qui
1285 1860 1329 1884 ex
1352 1846 1462 1885 vobis
1485 1846 1662 1884 exiturus
1683 1848 1742 1883 est
1757 1874 1765 1883 .
1780 1875 1812 1886 ..

76 1904 132 1940 Ac
153 1915 223 1951 per
245 1903 317 1941 hoc
337 1906 551 1952 utrumque
574 1918 710 1942 verum
733 1906 804 1948 est,
838 1907 877 1942 et
899 1918 944 1942 ex
974 1906 1080 1944 uobis
1112 1908 1151 1943 et
1182 1919 1256 1944 non
1287 1918 1331 1944 ea:
1362 1907 1468 1943 nobis
1491 1903 1548 1958 (l,
1572 1905 1631 1943 Jo.
1658 1911 1693 1950 2,
1723 1901 1813 1957 19):

79 1962 295 1999 secundum
319 1962 426 2000 aliud
450 1976 495 2000 ex
516 1963 641 2008 nobis,
674 1964 889 2001 secundum
911 1965 1018 2002 aliud
1040 1977 1118 2002 non
1152 1978 1196 2002 ex
1227 1966 1359 2003 nobis:
1393 1965 1609 2002 secundum
1640 1976 1813 2002 commu·

77 2021 235 2058 nionem
267 2024 600 2059 sacramentorum
632 2035 676 2059 ex
707 2023 824 2072 nobis,
861 2024 1076 2061 secundum
1105 2036 1265 2062 suorum
1296 2024 1574 2073 proprietatem
1605 2023 1815 2061 criminum

79 2092 151 2117 non
175 2093 221 2118 ex
242 2081 385 2118 nobis«
430 2081 481 2118 Et
501 2081 645 2118 iterum
669 2081 715 2118 de
736 2082 841 2130 bapt.
866 2082 948 2128 VH,
975 2090 1049 2123 51:
1083 2084 1379 2132 „Separatiores
1415 2086 1510 2121 sunt
1541 2080 1744 2136 (haeretici
1775 2084 1815 2119 et

80 2136 335 2192 schismatici)
353 2141 434 2188 jam
458 2140 576 2177 etiam
599 2141 854 2189 corporaliter
875 2142 1082 2191 segregati,
1107 2155 1225 2191 quarn
1247 2142 1318 2189 illi,
1341 2142 1410 2191 qui
1430 2142 1596 2180 interius
1622 2141 1664 2178 in
1686 2141 1812 2186 domo,

224 2279 246 2322 ¹)
261 2276 311 2311 Cf.
330 2278 575 2312 Alticozzi
596 2290 739 2312 summa
758 2290 840 2323 aug.
861 2290 895 2323 p.
915 2282 936 2313 3
954 2291 988 2323 q.
1011 2283 1027 2313 1
1048 2290 1079 2313 a.
1099 2283 1138 2319 32
1159 2279 1371 2324 speciminis
1394 2279 1517 2324 gratia-
1540 2289 1595 2324 ep.
1619 2282 1664 2313 43
1689 2291 1724 2315 n.
1749 2280 1813 2316 23,

74 2341 131 2374 ep.
151 2332 237 2369 249;
257 2330 300 2364 de
319 2331 412 2364 unit.
434 2330 527 2365 Eccl.
546 2343 580 2367 n.
600 2334 656 2373 35,
675 2332 739 2366 ubi
758 2331 831 2370 ait;
862 2332 1071 2370 ¹,Habemus
1098 2332 1387 2367 innumerabilia
1413 2331 1628 2366 testimonia
1654 2331 1698 2365 de
1716 2341 1812 2365 com-

75 2383 254 2416 mixtione
271 2381 453 2417 malorum
472 2395 555 2417 cum
573 2383 680 2417 bonis
698 2384 736 2418 in
756 2384 885 2418 eadem
904 2384 1160 2419 communione
1178 2386 1524 2420 saci-amentorum.⁶

221 2439 245 2478 2)
266 2436 318 2470 Cf.
338 2436 364 2470 F
378 2447 399 2470 a
414 2447 494 2470 ure
512 2437 551 2470 in
570 2439 683 2471 annot
702 2437 749 2471 ad
768 2449 795 2473 s.
814 2438 879 2470 Au
892 2437 1087 2481 gustini
1107 2438 1311 2472 Enchiridii
1330 2449 1358 2473 c.
1381 2442 1410 2472 l.

221 2494 245 2530 ³)
265 2489 321 2524 Ita
339 2501 393 2524 ex.
412 2501 465 2534 gr.
486 2491 529 2524 de
546 2490 648 2535 bapt.
668 2489 691 2525 l.
709 2495 731 2525 4
749 2503 777 2525 c.
796 2496 838 2527 4:
875 2491 1002 2530 ,Sicut
1019 2492 1143 2537 urgeri
1162 2493 1296 2533 videor,
1317 2502 1399 2526 cum
1418 2491 1510 2526 mihi
1528 2491 1683 2526 dicitur:
1719 2489 1814 2535 Ergo

73 2543 282 2577 haereticus
301 2544 461 2578 dimittit
473 2545 648 2588 peccata?
668 2543 726 2578 Sic
745 2546 782 2578 et
802 2554 916 2589 urgeo
935 2555 1015 2578 curn
1035 2545 1137 2580 dico:
1157 2545 1254 2590 Ergo
1273 2545 1338 2590 qui
1356 2544 1528 2580 coelestia
1544 2544 1722 2578 mandata
1740 2554 1815 2577 non

74 2598 210 2638 servat,
231 2608 373 2637 avarus,
390 2600 529 2641 raptor,
547 2596 763 2638 foenerator,
782 2597 942 2638 invidus,
970 2597 1094 2632 verbis
1121 2609 1195 2632 non
1222 2599 1331 2633 factis
1359 2598 1481 2633 seculo
1507 2596 1736 2637 renuncians,
1764 2595 1817 2629 di-

74 2650 194 2684 mittit
210 2651 383 2694 peccata?
402 2650 440 2684 Si
458 2650 611 2694 pervim
632 2651 849 2685 sacramenti
868 2651 945 2692 Dei,
974 2651 1067 2686 sicut
1085 2653 1122 2686 et
1140 2651 1217 2693 ille,
1234 2652 1288 2686 ita
1315 2653 1352 2687 et
1377 2650 1453 2687 ille.
1487 2650 1525 2685 Si
1549 2660 1615 2695 per
1643 2649 1816 2683 meritum

74 2714 194 2744 suum,
212 2713 278 2736 nec
296 2702 371 2741 ille,
389 2714 455 2736 nec
471 2703 546 2738 ille.
580 2702 677 2736 Illud
695 2704 791 2737 enim
814 2706 1085 2739 sacramentum
1113 2706 1149 2739 et
1166 2706 1205 2739 in
1224 2704 1332 2739 malis
1350 2704 1564 2739 hominibus
1583 2702 1721 2737 Christi
1739 2712 1816 2736 esse

75 2756 332 2800 cognoscitur:
351 2756 390 2790 in
409 2766 560 2800 corpore
577 2758 703 2790 autem
722 2758 850 2792 unicae
869 2758 1072 2800 columbae,
1100 2760 1345 2803 incorruptae,
1374 2758 1534 2798 sanctae,
1555 2756 1724 2802 pudicae,
1742 2766 1816 2790 non

74 2809 248 2844 habentis
268 2810 450 2844 maculam
469 2811 535 2843 aut
551 2821 692 2854 rugam,
720 2821 786 2844 nec
803 2810 877 2851 ille,
903 2822 970 2845 nec
998 2812 1061 2846 ille
1078 2812 1299 2846 invenitu1·.‘
1336 2812 1389 2846 Cf.
1407 2812 1431 2845 1.
1447 2814 1468 2846 3
1486 2824 1520 2845 n.
1540 2813 1585 2845 22
1603 2821 1648 2844 ss.
1683 2809 1815 2844 Merito

74 2865 199 2897 autem
218 2864 326 2896 notat
343 2863 437 2899 card.
457 2863 578 2897 Fran
590 2873 634 2897 ze
646 2863 717 2897 lin
734 2863 786 2898 th.
807 2863 918 2906 XXV,
938 2864 1050 2899 aliter
1077 2866 1188 2909 astque
1212 2865 1320 2899 aliter
1335 2875 1414 2899 esse
1428 2863 1656 2908 loquendum
1673 2863 1718 2897 de
1735 2873 1815 2907 pec-

74 2916 262 2951 catoribus
279 2926 322 2950 ac
339 2916 383 2950 de
401 2915 457 2956 iis,
489 2916 552 2960 qui
571 2916 660 2950 foris
679 2918 899 2951 exsistentes
918 2920 1117 2952 secundum
1135 2918 1281 2962 aliquid
1297 2919 1423 2952 tamen
1441 2917 1488 2951 ad
1506 2916 1707 2951 Ecclesiam
1725 2915 1816 2950 refe-

75 2969 219 3009 runtur,
237 2980 317 3003 cum
337 2969 512 3003 dicuntur
529 2979 605 3003 esse
623 2969 681 3003 vel
705 2971 845 3003 extra
868 2970 925 3004 vel
942 2971 1077 3005 intra
1094 2971 1306 3008 Ecclesiam.
1342 2970 1556 3005 Peccatores
1575 2969 1715 3017 (fideles
1734 2971 1815 3011 etc.)

74 3021 149 3055 dici
167 3021 303 3055 debent
321 3022 406 3055 sim
418 3022 489 3066 pli
502 3022 571 3056 cit
582 3032 601 3056 e
612 3034 630 3055 1·
647 3033 723 3056 esse
741 3023 780 3056 in
799 3022 973 3064 Ecclesia,
992 3024 1029 3057 et
1041 3024 1160 3058 solum
1171 3024 1369 3058 secundum
1385 3023 1476 3068 quid
1487 3025 1591 3058 extra
1602 3022 1814 3057 Ecclesiam.

77 3074 260 3108 Haeretici
279 3079 347 3108 etc.
378 3074 453 3108 dici
482 3075 618 3109 debent
646 3073 864 3119 simpliciter
894 3085 971 3109 esse
1004 3078 1143 3110 extra
1173 3077 1375 3111 Ecclesiam
1394 3077 1431 3111 et
1447 3076 1597 3111 nonnisi
1616 3075 1815 3110 secundum

73 3128 166 3171 quid
185 3127 257 3162 dici
276 3130 431 3173 possunt
448 3139 524 3163 esse
541 3128 580 3162 in
600 3127 772 3162 Ecclesia..
