2175 3382
212 148 295 187 3254
473 139 591 173 'ri-net.
615 138 672 172 [ll.
693 138 737 172 «le
757 139 929 182 primatu.
951 137 1079 172 Theai,
1100 136 1255 171 Lxxvl.
1279 137 1460 170 Primanus
1479 136 1689 180 perennitas

211 263 348 301 clesiae
370 262 567 299 exstitisse
590 262 806 310 primatem.
850 261 958 305 Quod
983 260 1142 309 quidem
1176 273 1201 296 u
1235 260 1271 296 iv
1298 272 1359 296 rsa
1391 258 1609 305 antiquitas
1641 257 1850 307 ignQit‚
1883 233 1987 294 περ

210 322 383 371 prudens
404 334 579 369 unquam
602 320 781 370 probabit
804 325 947 368 posteri
971 306 1281 356 ameffimen
1306 318 1408 355 inter
1429 317 1589 354 Petrum
1612 320 1653 353 et
1674 316 1841 353 Paulum
1855 315 1953 353 bene
2057 345 2063 352 .

212 381 446 431 exprimitur
467 381 509 417 in
533 381 556 417 l.
580 379 918 417 Sacramentorum
941 378 1131 416 Ecclesiae
1154 388 1335 414 romanae
1359 375 1546 428 (Migne
1572 382 1636 420 55,
1655 376 1727 427 56)
1742 374 1953 424 praefatio-

212 441 273 478 nis
295 439 442 477 verbis:
468 439 569 484 ²,Qui
593 442 638 475 ut
662 439 757 475 hanc
781 438 911 475 sedem
934 434 1169 489 (romanam)
1194 436 1366 485 regimen
1391 435 1582 472 Ecclesiae
1613 434 1738 471 totius
1771 432 1952 476 efficeres,

213 507 251 537 et
273 498 379 547 quod
403 499 495 536 haec
518 497 779 547 praedicasset
804 497 1026 535 ostenderes
1059 496 1207 544 ubique
1230 494 1476 537 servandum,
1509 493 1627 530 simul
1661 493 1702 530 in
1724 505 1769 530 ea
1798 496 1954 542 aposto·

213 559 309 596 licae
342 557 559 607 principem
593 557 797 606 dignitatis
829 560 866 593 et
900 556 1133 605 magistrum
1166 554 1343 603 gentium
1375 552 1613 592 collocasti«
1667 552 1847 589 Ceterum
1874 552 1955 600 jam
1984 540 2013 588 9

214 618 442 655 Clemens
466 617 529 654 VI.
553 616 594 653 in
618 628 676 663 ep.
699 615 918 664 dogmatica
941 615 988 651 ad
1011 626 1186 651 armenos
1220 613 1341 664 (apud
1364 611 1592 661 Raynald
1608 623 1684 648 um
1715 610 1762 647 ad
1785 623 1817 648 a.
1848 592 2032 703 lii-515p

213 690 250 714 n.
276 674 317 728 3)
341 676 575 714 credendum
609 674 754 723 exigit:
788 674 855 718 ‚Si
889 673 1026 712 credis.
1058 672 1160 721 quod
1196 673 1230 713 b,
1254 673 1394 709 Petrus
1421 671 1688 720 plenissimam
1720 672 1955 718 potestatem

208 735 498 784 jurisdictionis
521 734 709 782 acceperit
733 745 852 780 super
873 745 1006 769 omnes
1027 732 1160 769 fideles
1182 731 1412 769 christianos
1433 744 1455 767 a
1479 731 1520 767 D.
1543 729 1579 766 J.
1603 729 1764 771 Christo.
1789 731 1829 765 et
1849 703 2002 777 quod&

213 795 341 833 omnis
364 798 535 843 potestas
553 792 854 839 jurisdictionis.
887 804 1006 840 quam
1038 791 1078 827 in
1112 791 1227 827 certis·
1259 790 1374 827 terris
1405 793 1445 827 et
1476 788 1688 838 provinciis
1719 791 1760 825 et,
1790 787 1957 825 diversis
2019 764 2035 812 3

214 854 396 903 partibus
419 853 523 890 orbis
546 851 766 900 specialiter
788 856 827 888 et
849 850 1143 899 particulariter
1164 850 1389 886 habuerunt
1402 848 1426 885 J
1430 848 1526 885 udas
1540 847 1770 884 Thaddaeus
1785 849 1825 884 et
1839 846 1957 884 ceteri

214 913 393 962 apostoli,
417 912 593 960 subjecta
615 910 736 947 fuerit
756 910 1008 958 plenissimae
1031 909 1257 946 auctoritati
1280 912 1320 946 et
1340 908 1538 957 potestati,
1563 919 1678 955 quam
1703 903 1822 955 super
1842 916 1952 954 quos·

215 984 368 1020 cunque
390 972 430 1008 in
453 970 647 1008 Christum
671 968 871 1006 credentes
893 969 935 1005 in
957 968 1139 1006 omnibus
1160 967 1339 1016 partibus
1373 967 1479 1004 orbis
1514 966 1548 1003 b.
1573 966 1714 1003 Petrus
1738 965 1786 1002 ab
1807 965 1893 1014 ipso
1915 964 1957 1001 D.

214 1031 249 1069 J.
275 1031 426 1069 Christo
449 1029 616 1077 accepit:
655 1031 694 1065 et
717 1028 822 1076 quod
843 1028 979 1064 nullus
1002 1027 1203 1076 apostolus
1225 1027 1287 1064 vel
1310 1026 1536 1074 quicunque
1559 1019 1661 1062 alius
1685 1036 1804 1073 super
1825 1035 1959 1061 omnes

215 1089 446 1127 christianos
469 1088 546 1125 nisi
569 1088 673 1125 solus
697 1087 838 1124 Petrus
861 1086 1131 1136 plenissimam
1155 1089 1390 1134 potestatem
1413 1084 1571 1133 accepit.
1584 1090 1599 1106 ⁴<
1637 1083 1677 1120 Si
1699 1095 1791 1121 vero
1806 1082 1956 1120 romani

215 1149 418 1198 pontifices
442 1160 482 1185 se
507 1147 741 1185 auctoritate
763 1146 1028 1194 apostolorum
1055 1145 1158 1182 Petri
1193 1148 1232 1182 et
1250 1144 1365 1188 ⁴Pauli
1399 1144 1460 1181 uti
1491 1147 1529 1180 et
1561 1154 1676 1192 agere
1707 1141 1956 1190 profitentur.

215 1221 293 1245 non
314 1211 520 1257 propterea
541 1205 767 1256 significant
789 1209 1002 1254 utrumque
1026 1204 1242 1252 aequaliter
1256 1203 1449 1241 Ecclesiae
1464 1202 1693 1251 praefuisse,
1718 1201 1785 1239 sed
1799 1203 1956 1238 tantum

216 1267 348 1304 eadem
381 1279 420 1304 se
452 1266 572 1315 potiri
604 1264 835 1302 auctoritate
867 1263 1030 1314 regendi
1054 1263 1277 1307 Ecclesiam,
1313 1275 1390 1311 qua
1418 1261 1587 1311 praediti
1618 1262 1730 1298 erant
1751 1260 1891 1298 Petrus
1921 1262 1960 1296 et

216 1326 373 1371 Paulus,
411 1338 509 1373 quae
532 1324 574 1361 in
597 1325 711 1362 Petro
733 1323 1012 1367 ordinaria,
1037 1321 1461 1360 extraordinaria
1491 1321 1533 1357 in
1557 1320 1677 1357 Paulo
1708 1319 1787 1357 fuit
1818 1331 1967 1356 secum·

216 1385 308 1422 dum
333 1385 455 1429 dicta;
481 1384 543 1421 vel
565 1384 725 1421 illorum
748 1382 1228 1433 patrceinroant,
1252 1393 1339 1418 cum
1363 1380 1475 1418 ambo
1498 1380 1577 1417 sint
1601 1379 1795 1416 Ecclesiae
1809 1377 1959 1415 romani

216 1444 415 1493 principes
437 1443 606 1492 patroni.
649 1442 736 1479 Non
758 1444 892 1479 tamen
915 1454 954 1478 se
977 1441 1212 1490 profitentur
1227 1439 1339 1477 Pauli
1354 1451 1609 1481 successores,
1634 1437 1702 1475 sed
1718 1437 1835 1481 Petri,
1859 1437 1961 1484 ejus·

217 1516 291 1552 que
315 1503 518 1541 cathedrae
542 1501 711 1539 heredes.

962 1651 1216 1706 Caputlst

319 1747 387 1787 De
421 1758 646 1788 romano
680 1745 952 1798 pontifice
985 1744 1134 1785 Petri
1167 1746 1218 1784 in
1251 1743 1488 1795 primatu
1523 1752 1862 1784 successore.

339 1857 434 1897 2568.
458 1854 625 1897 Thesis
648 1853 868 1896 LXXVI.
917 1868 1078 1909 „Quod
1104 1868 1264 1899 autem
1290 1866 1342 1899 in
1369 1865 1408 1898 b.
1436 1863 1641 1906 apostolo
1669 1863 1807 1896 Petro
1827 1861 1964 1902 prin-

220 1936 323 1969 ceps
343 1930 595 1969 pastorum
632 1930 674 1960 et
705 1929 871 1969 pastor
904 1935 1109 1968 maanus
1149 1925 1306 1959 ovium
1334 1924 1567 1957 Dominus
1593 1922 1803 1956 Christus
1826 1921 1965 1955 Jesus

224 1988 272 2020 [n
294 1989 572 2028 perpetuam
610 1987 809 2020 salutem
848 1995 904 2020 ac
937 1994 1144 2028 perenne
1181 1985 1354 2019 bonum
1393 1982 1628 2016 Ecclesiae
1667 1981 1885 2022 instituit,
1915 1981 1965 2014 id

220 2045 379 2079 eodem
404 2047 592 2078 auctore
617 2045 668 2078 in
695 2044 915 2085 Ecclesia,
950 2052 1068 2086 quae
1098 2043 1310 2084 fundata
1344 2048 1485 2081 super
1514 2042 1700 2082 petram
1736 2039 1800 2073 ad
1819 2038 1964 2078 finem

220 2104 484 2139 seculorum
509 2113 654 2146 usque
675 2104 820 2144 firma
846 2103 1000 2144 stabit,
1017 2102 1199 2144 Juqiter
1227 2102 1405 2163 durgi-e
1431 2108 1608 2134 necesse
1634 2096 1743 2133 est.“

340 2187 718 2231 Demonstratio.
761 2185 912 2226 Thesis
944 2189 1009 2226 est
1041 2184 1093 2225 de
1124 2183 1217 2227 fide.
1261 2182 1441 2236 Saepius
1469 2182 1581 2223 enim
1605 2181 1792 2222 Ecclesia
1813 2181 1963 2222 saltem

223 2258 541 2311 aequivalenter
563 2256 735 2298 tradidit
756 2257 868 2297 hanc
890 2256 1114 2297 veritatem
1137 2259 1264 2307 atque
1288 2258 1439 2294 contra
1462 2253 1601 2293 omnis
1624 2252 1791 2304 generis
1813 2251 1964 2293 adver-

224 2331 360 2370 sarios
382 2328 576 2376 asseruit,
598 2328 828 2368 novissime
852 2327 895 2367 in
917 2325 1320 2387 cano
1334 2356 1343 2372 ,
1375 2329 1422 2365 ut
1442 2327 1560 2376 patet
1582 2334 1634 2363 ex
1656 2322 1799 2363 verbis
1821 2322 1964 2366 thesis

226 2411 335 2453 quae
359 2404 456 2440 sunt
479 2411 579 2442 sess.
603 2404 629 2441 4
653 2411 744 2451 cap.
767 2399 806 2446 2,
837 2403 879 2439 et
911 2409 962 2438 ex
984 2409 1089 2445 can.,
1122 2408 1248 2449 quem
1272 2395 1384 2436 idem
1406 2393 1633 2435 concilium
1656 2392 1858 2446 subjecit:
1897 2391 1965 2442 „Si

225 2471 317 2524 quis
340 2482 440 2521 ergo
463 2469 625 2517 dixerit,
657 2481 743 2510 non
775 2480 869 2510 esse
891 2480 943 2509 ex
965 2468 1097 2520 ipsius
1123 2465 1277 2508 Christi
1298 2465 1467 2506 Domini
1488 2464 1752 2505 institutione
1774 2475 1849 2504 seu
1867 2462 1963 2515 jure

226 2517 380 2594 dffl‘gm.
409 2547 456 2582 ut
486 2541 524 2581 b.
547 2540 695 2582 Petrus
727 2541 770 2581 in
801 2527 986 2593 pri-*rnatu
1014 2551 1141 2592 super
1163 2540 1407 2579 universam
1428 2536 1660 2577 Ecclesiam
1684 2533 1844 2575 habeat
1866 2544 1962 2586 per-

227 2617 380 2666 petuos
403 2623 684 2664 successores,
717 2617 790 2652 aut
811 2623 1038 2652 romanum
1061 2608 1303 2662 pontificem
1326 2620 1414 2649 non
1436 2619 1530 2648 esse
1552 2607 1590 2648 b.
1612 2605 1725 2647 Petri
1746 2605 1790 2645 in
1812 2604 1964 2645 eodem

227 2685 410 2736 primatu
433 2655 738 2729 succssgsorem,
761 2681 808 2722 A.
824 2679 887 2724 S.“
917 2679 1154 2732 Suppositis
1177 2683 1321 2720 autem
1335 2677 1449 2719 Petri
1466 2679 1662 2729 primatu,
1685 2687 1813 2728 quem
1834 2673 1962 2715 modo

227 2753 514 2806 probavimus,
536 2752 682 2804 iisque,
706 2763 816 2803 quae
839 2751 891 2792 de
912 2751 1120 2803 primatus
1141 2749 1397 2791 necessitate
1419 2748 1601 2788 diximus
1623 2758 1714 2799 cap.
1742 2751 1776 2795 1,
1797 2745 1867 2786 vix
1888 2745 1963 2786 du-

227 2825 344 2866 bium
367 2835 461 2865 esse
483 2822 638 2875 poterit
659 2822 711 2862 de
733 2822 940 2874 primatus
961 2822 1006 2862 in
1026 2820 1215 2862 Ecclesia
1237 2819 1512 2872 perennitate.
1555 2816 1600 2858 Si
1631 2817 1744 2858 enim
1780 2817 1820 2859 1.
1843 2814 1962 2857 Chri-

229 2899 318 2936 stus
341 2894 395 2935 ad
418 2892 674 2935 servandam
695 2891 909 2933 Ecclesiae
931 2893 1139 2933 unitatem
1157 2891 1248 2944 jam
1274 2889 1567 2942 apostolorum
1590 2894 1782 2940 tempore
1803 2887 1962 2940 prima-

229 2972 319 3007 tum
353 2966 397 3006 in
427 2964 617 3005 Ecclesia
649 2974 743 3004 esse
775 2962 918 3012 voluit,
964 2975 1060 3004 cum
1095 2963 1131 3002 is
1163 2965 1337 3014 propter
1367 2960 1628 3013 singulorum
1671 2959 1962 3011 apostolorum

230 3035 567 3077 infallibilitatem
591 3038 632 3075 et
655 3032 793 3073 omnis
807 3033 967 3086 gratiae
981 3031 1286 3084 plenitudinem
1307 3041 1395 3071 non
1417 3030 1524 3071 adeo
1549 3029 1672 3070 suerit
1684 3025 1962 3073 necessarius
