<?xml version="1.0" encoding="UTF-8"?>
<!DOCTYPE html PUBLIC "-//W3C//DTD XHTML 1.0 Transitional//EN"
    "http://www.w3.org/TR/xhtml1/DTD/xhtml1-transitional.dtd">
<html xmlns="http://www.w3.org/1999/xhtml" xml:lang="en" lang="en">
 <head>
  <title>
</title>
<meta http-equiv="Content-Type" content="text/html;charset=utf-8" />
  <meta name='ocr-system' content='tesseract 3.04.00' />
  <meta name='ocr-capabilities' content='ocr_page ocr_carea ocr_par ocr_line ocrx_word'/>
</head>
<body>
  <div class='ocr_page' id='page_1' title='image "./theologiaedogmat01hurt/theologiaedogmat01hurt_0188.png"; bbox 0 0 2175 3382; ppageno 0'>
   <div class='ocr_carea' id='block_1_1' title="bbox 57 806 203 868">
    <p class='ocr_par' dir='ltr' id='par_1_1' title="bbox 57 806 203 868">
     <span class='ocr_line' id='line_1_1' title="bbox 57 806 203 868; baseline 0 -19"><span class='ocrx_word' id='word_1_1' title='bbox 57 806 203 868; x_wconf 53' lang='grc'>0-4</span> 
     </span>
    </p>
   </div>
   <div class='ocr_carea' id='block_1_2' title="bbox 0 1564 215 1636">
    <p class='ocr_par' dir='ltr' id='par_1_2' title="bbox 0 1564 215 1636">
     <span class='ocr_line' id='line_1_2' title="bbox 0 1564 215 1636; baseline 0 -20"><span class='ocrx_word' id='word_1_2' title='bbox 0 1564 215 1636; x_wconf 63' lang='lat' dir='ltr'>³(wa</span> 
     </span>
    </p>
   </div>
   <div class='ocr_carea' id='block_1_3' title="bbox 150 1633 220 1675">
    <p class='ocr_par' dir='ltr' id='par_1_3' title="bbox 150 1633 220 1675">
     <span class='ocr_line' id='line_1_3' title="bbox 150 1633 220 1675; baseline 0 -3"><span class='ocrx_word' id='word_1_3' title='bbox 150 1633 220 1675; x_wconf 48' lang='lat' dir='ltr'>ab·</span> 
     </span>
    </p>
   </div>
   <div class='ocr_carea' id='block_1_4' title="bbox 224 82 1666 131">
    <p class='ocr_par' dir='ltr' id='par_1_4' title="bbox 224 82 1666 131">
     <span class='ocr_line' id='line_1_4' title="bbox 224 82 1666 131; baseline 0 -14"><span class='ocrx_word' id='word_1_4' title='bbox 224 92 301 131; x_wconf 54' lang='lat'>179„</span> <span class='ocrx_word' id='word_1_5' title='bbox 507 85 622 118; x_wconf 63' lang='lat' dir='ltr'>&#39;frui-t.</span> <span class='ocrx_word' id='word_1_6' title='bbox 645 84 685 119; x_wconf 84' lang='lat'>11.</span> <span class='ocrx_word' id='word_1_7' title='bbox 708 83 757 117; x_wconf 87' lang='lat' dir='ltr'>De</span> <span class='ocrx_word' id='word_1_8' title='bbox 776 95 802 117; x_wconf 84' lang='lat' dir='ltr'>s.</span> <span class='ocrx_word' id='word_1_9' title='bbox 822 83 1022 128; x_wconf 72' lang='lat' dir='ltr'>Scriptura.</span> <span class='ocrx_word' id='word_1_10' title='bbox 1042 82 1168 117; x_wconf 76' lang='lat' dir='ltr'>Tliesis</span> <span class='ocrx_word' id='word_1_11' title='bbox 1188 82 1332 117; x_wconf 82' lang='lat' dir='ltr'>XXXll.</span> <span class='ocrx_word' id='word_1_12' title='bbox 1354 82 1449 116; x_wconf 85' lang='lat' dir='ltr'>Deus</span> <span class='ocrx_word' id='word_1_13' title='bbox 1468 85 1595 117; x_wconf 74' lang='lat' dir='ltr'>auctor</span> <span class='ocrx_word' id='word_1_14' title='bbox 1612 84 1666 117; x_wconf 71' lang='lat' dir='ltr'>est</span> 
     </span>
    </p>
   </div>
   <div class='ocr_carea' id='block_1_5' title="bbox 217 200 1958 470">
    <p class='ocr_par' dir='ltr' id='par_1_5' title="bbox 217 200 1958 470">
     <span class='ocr_line' id='line_1_5' title="bbox 336 200 1953 255; baseline 0.001 -10"><span class='ocrx_word' id='word_1_15' title='bbox 336 205 379 247; x_wconf 72' lang='lat'>2.</span> <span class='ocrx_word' id='word_1_16' title='bbox 405 203 616 244; x_wconf 76' lang='lat' dir='ltr'>Probatur</span> <span class='ocrx_word' id='word_1_17' title='bbox 639 214 687 244; x_wconf 84' lang='lat' dir='ltr'>ex</span> <span class='ocrx_word' id='word_1_18' title='bbox 713 201 853 250; x_wconf 83' lang='lat' dir='ltr'>modo,</span> <span class='ocrx_word' id='word_1_19' title='bbox 887 215 971 255; x_wconf 87' lang='lat' dir='ltr'>quo</span> <span class='ocrx_word' id='word_1_20' title='bbox 995 201 1184 242; x_wconf 89' lang='lat' dir='ltr'>Christus</span> <span class='ocrx_word' id='word_1_21' title='bbox 1209 206 1249 243; x_wconf 89' lang='lat' dir='ltr'>et</span> <span class='ocrx_word' id='word_1_22' title='bbox 1272 201 1453 254; x_wconf 80' lang='lat' dir='ltr'>apostoli</span> <span class='ocrx_word' id='word_1_23' title='bbox 1475 215 1528 246; x_wconf 89' lang='lat' dir='ltr'>ss.</span> <span class='ocrx_word' id='word_1_24' title='bbox 1551 200 1789 255; x_wconf 77' lang='lat' dir='ltr'><strong>Scripturas</strong></span> <span class='ocrx_word' id='word_1_25' title='bbox 1813 205 1953 247; x_wconf 82' lang='lat' dir='ltr'>citant.</span> 
     </span>
     <span class='ocr_line' id='line_1_6' title="bbox 218 271 1953 326; baseline -0.001 -10"><span class='ocrx_word' id='word_1_26' title='bbox 218 275 324 316; x_wconf 82' lang='lat' dir='ltr'>Num</span> <span class='ocrx_word' id='word_1_27' title='bbox 349 274 413 315; x_wconf 94' lang='lat' dir='ltr'>vel</span> <span class='ocrx_word' id='word_1_28' title='bbox 444 287 483 317; x_wconf 83' lang='lat' dir='ltr'>a.</span> <span class='ocrx_word' id='word_1_29' title='bbox 511 273 622 314; x_wconf 91' lang='lat' dir='ltr'>Deus</span> <span class='ocrx_word' id='word_1_30' title='bbox 645 278 718 314; x_wconf 85' lang='lat' dir='ltr'>aut</span> <span class='ocrx_word' id='word_1_31' title='bbox 740 271 920 326; x_wconf 79' lang='lat' dir='ltr'>Spiritus</span> <span class='ocrx_word' id='word_1_32' title='bbox 943 286 974 315; x_wconf 91' lang='lat' dir='ltr'>s.</span> <span class='ocrx_word' id='word_1_33' title='bbox 998 277 1148 314; x_wconf 67' lang='lat' dir='ltr'>auctor</span> <span class='ocrx_word' id='word_1_34' title='bbox 1171 273 1341 325; x_wconf 89' lang='lat' dir='ltr'>ponitur</span> <span class='ocrx_word' id='word_1_35' title='bbox 1363 273 1404 313; x_wconf 87' lang='lat' dir='ltr'>in</span> <span class='ocrx_word' id='word_1_36' title='bbox 1428 276 1556 320; x_wconf 82' lang='lat' dir='ltr'>recto,</span> <span class='ocrx_word' id='word_1_37' title='bbox 1580 273 1708 314; x_wconf 84' lang='lat' dir='ltr'>homo</span> <span class='ocrx_word' id='word_1_38' title='bbox 1732 279 1777 315; x_wconf 89' lang='lat' dir='ltr'>ut</span> <span class='ocrx_word' id='word_1_39' title='bbox 1799 275 1953 315; x_wconf 81' lang='lat' dir='ltr'>instru-</span> 
     </span>
     <span class='ocr_line' id='line_1_7' title="bbox 218 343 1954 398; baseline -0.001 -12"><span class='ocrx_word' id='word_1_40' title='bbox 218 350 407 386; x_wconf 79' lang='lat' dir='ltr'><strong>mentum</strong></span> <span class='ocrx_word' id='word_1_41' title='bbox 431 345 472 385; x_wconf 91' lang='lat' dir='ltr'>in</span> <span class='ocrx_word' id='word_1_42' title='bbox 497 343 690 397; x_wconf 84' lang='lat' dir='ltr'>obliquo:</span> <span class='ocrx_word' id='word_1_43' title='bbox 714 348 884 398; x_wconf 74' lang='lat' dir='ltr'>Oportet</span> <span class='ocrx_word' id='word_1_44' title='bbox 909 345 1070 397; x_wconf 76' lang='lat' dir='ltr'>impleri</span> <span class='ocrx_word' id='word_1_45' title='bbox 1086 345 1364 398; x_wconf 62' lang='lat' dir='ltr'>ScripMcram,</span> <span class='ocrx_word' id='word_1_46' title='bbox 1388 357 1513 398; x_wconf 68' lang='lat' dir='ltr'>quam</span> <span class='ocrx_word' id='word_1_47' title='bbox 1532 344 1747 398; x_wconf 62' lang='lat' dir='ltr'>praedicit</span> <span class='ocrx_word' id='word_1_48' title='bbox 1770 344 1954 398; x_wconf 68' lang='lat' dir='ltr'>Spiritus·</span> 
     </span>
     <span class='ocr_line' id='line_1_8' title="bbox 217 414 1958 470; baseline 0.002 -15"><span class='ocrx_word' id='word_1_49' title='bbox 217 432 244 456; x_wconf 68' lang='lat' dir='ltr'>s.</span> <span class='ocrx_word' id='word_1_50' title='bbox 266 431 345 470; x_wconf 73' lang='lat' dir='ltr'>per</span> <span class='ocrx_word' id='word_1_51' title='bbox 367 429 410 455; x_wconf 74' lang='lat' dir='ltr'>os</span> <span class='ocrx_word' id='word_1_52' title='bbox 435 415 577 456; x_wconf 76' lang='lat' dir='ltr'>David</span> <span class='ocrx_word' id='word_1_53' title='bbox 599 415 648 455; x_wconf 83' lang='lat' dir='ltr'>‹le</span> <span class='ocrx_word' id='word_1_54' title='bbox 670 414 789 455; x_wconf 73' lang='lat' dir='ltr'>Jucla</span> <span class='ocrx_word' id='word_1_55' title='bbox 812 414 902 454; x_wconf 84' lang='lat' dir='ltr'>Act.</span> <span class='ocrx_word' id='word_1_56' title='bbox 929 418 963 462; x_wconf 82' lang='lat'>1,</span> <span class='ocrx_word' id='word_1_57' title='bbox 992 417 1064 461; x_wconf 78' lang='lat'>163</span> <span class='ocrx_word' id='word_1_58' title='bbox 1096 418 1134 462; x_wconf 73' lang='grc'>4,</span> <span class='ocrx_word' id='word_1_59' title='bbox 1169 417 1244 461; x_wconf 74' lang='grc'>25;</span> <span class='ocrx_word' id='word_1_60' title='bbox 1278 414 1398 456; x_wconf 78' lang='lat' dir='ltr'>Rom.</span> <span class='ocrx_word' id='word_1_61' title='bbox 1428 419 1460 463; x_wconf 77' lang='lat' dir='ltr'>l,</span> <span class='ocrx_word' id='word_1_62' title='bbox 1484 416 1509 456; x_wconf 76' lang='lat'>2</span> <span class='ocrx_word' id='word_1_63' title='bbox 1533 419 1630 463; x_wconf 79' lang='lat' dir='ltr'>etc.;</span> <span class='ocrx_word' id='word_1_64' title='bbox 1663 415 1726 456; x_wconf 77' lang='lat' dir='ltr'>vel</span> <span class='ocrx_word' id='word_1_65' title='bbox 1759 416 1805 459; x_wconf 85' lang='lat' dir='ltr'>b.</span> <span class='ocrx_word' id='word_1_66' title='bbox 1839 416 1958 468; x_wconf 77' lang='lat' dir='ltr'>ajunt</span> 
     </span>
    </p>
   </div>
   <div class='ocr_carea' id='block_1_6' title="bbox 218 483 1965 750">
    <p class='ocr_par' dir='ltr' id='par_1_6' title="bbox 218 483 1965 750">
     <span class='ocr_line' id='line_1_9' title="bbox 218 483 1965 566; baseline 0 -39"><span class='ocrx_word' id='word_1_67' title='bbox 218 487 469 539; x_wconf 76' lang='lat' dir='ltr'>scriptorem</span> <span class='ocrx_word' id='word_1_68' title='bbox 491 486 533 525; x_wconf 87' lang='lat' dir='ltr'>in</span> <span class='ocrx_word' id='word_1_69' title='bbox 549 483 706 538; x_wconf 84' lang='lat' dir='ltr'>Spiritu</span> <span class='ocrx_word' id='word_1_70' title='bbox 730 498 760 525; x_wconf 93' lang='lat' dir='ltr'>s.</span> <span class='ocrx_word' id='word_1_71' title='bbox 784 497 893 537; x_wconf 83' lang='lat' dir='ltr'>quae</span> <span class='ocrx_word' id='word_1_72' title='bbox 917 485 1085 537; x_wconf 88' lang='lat' dir='ltr'>scripsit</span> <span class='ocrx_word' id='word_1_73' title='bbox 1099 485 1182 525; x_wconf 85' lang='lat' dir='ltr'>dixi</span> <span class='ocrx_word' id='word_1_74' title='bbox 1209 497 1266 534; x_wconf 90' lang='lat' dir='ltr'>se,</span> <span class='ocrx_word' id='word_1_75' title='bbox 1318 485 1400 558; x_wconf 59' lang='lat' dir='ltr'>uofl</span> <span class='ocrx_word' id='word_1_76' title='bbox 1417 484 1529 551; x_wconf 66' lang='lat' dir='ltr'>idgm</span> <span class='ocrx_word' id='word_1_77' title='bbox 1547 485 1610 526; x_wconf 85' lang='lat' dir='ltr'>val</span> <span class='ocrx_word' id='word_1_78' title='bbox 1642 484 1965 566; x_wconf 34' lang='lat' dir='ltr'>t&#39;iffissssirimm!</span> 
     </span>
     <span class='ocr_line' id='line_1_10' title="bbox 219 556 1954 610; baseline -0.001 -12"><span class='ocrx_word' id='word_1_79' title='bbox 219 571 250 601; x_wconf 91' lang='lat' dir='ltr'>s.</span> <span class='ocrx_word' id='word_1_80' title='bbox 282 569 358 610; x_wconf 91' lang='lat' dir='ltr'>per</span> <span class='ocrx_word' id='word_1_81' title='bbox 389 558 528 609; x_wconf 89' lang='lat' dir='ltr'>ipsum</span> <span class='ocrx_word' id='word_1_82' title='bbox 560 568 654 597; x_wconf 90' lang='lat' dir='ltr'>esse</span> <span class='ocrx_word' id='word_1_83' title='bbox 688 556 892 596; x_wconf 88' lang='lat' dir='ltr'>locutum:</span> <span class='ocrx_word' id='word_1_84' title='bbox 930 556 1138 606; x_wconf 73' lang='lat' dir='ltr'>Quomodo</span> <span class='ocrx_word' id='word_1_85' title='bbox 1193 568 1264 610; x_wconf 73' lang='lat' dir='ltr'>rqo</span> <span class='ocrx_word' id='word_1_86' title='bbox 1332 556 1430 597; x_wconf 74' lang='lat' dir='ltr'>avid</span> <span class='ocrx_word' id='word_1_87' title='bbox 1461 556 1502 596; x_wconf 59' lang='grc' dir='ltr'>1ἱη</span> <span class='ocrx_word' id='word_1_88' title='bbox 1556 557 1693 610; x_wconf 76' lang='lat' dir='ltr'>&#39;piritu</span> <span class='ocrx_word' id='word_1_89' title='bbox 1724 570 1819 598; x_wconf 78' lang='lat' dir='ltr'>voca</span> <span class='ocrx_word' id='word_1_90' title='bbox 1865 570 1954 597; x_wconf 81' lang='lat' dir='ltr'>eum</span> 
     </span>
     <span class='ocr_line' id='line_1_11' title="bbox 219 625 1957 684; baseline -0.001 -15"><span class='ocrx_word' id='word_1_91' title='bbox 219 627 467 684; x_wconf 86' lang='lat' dir='ltr'>(Christum)</span> <span class='ocrx_word' id='word_1_92' title='bbox 492 628 730 680; x_wconf 72' lang='lat' dir='ltr'>Dominum,</span> <span class='ocrx_word' id='word_1_93' title='bbox 754 626 915 667; x_wconf 70' lang='lat' dir='ltr'>dicens:</span> <span class='ocrx_word' id='word_1_94' title='bbox 938 625 1058 667; x_wconf 69' lang='lat' dir='ltr'>Dixit</span> <span class='ocrx_word' id='word_1_95' title='bbox 1073 626 1280 667; x_wconf 79' lang='lat' dir='ltr'>Dominus</span> <span class='ocrx_word' id='word_1_96' title='bbox 1302 625 1480 667; x_wconf 77' lang='lat' dir='ltr'>Domino</span> <span class='ocrx_word' id='word_1_97' title='bbox 1503 628 1619 667; x_wconf 68' lang='lat' dir='ltr'>meo?</span> <span class='ocrx_word' id='word_1_98' title='bbox 1636 626 1778 668; x_wconf 79' lang='lat' dir='ltr'>Matth.</span> <span class='ocrx_word' id='word_1_99' title='bbox 1797 630 1864 674; x_wconf 79' lang='lat'>22,</span> <span class='ocrx_word' id='word_1_100' title='bbox 1878 631 1957 675; x_wconf 70' lang='lat'>433</span> 
     </span>
     <span class='ocr_line' id='line_1_12' title="bbox 221 695 1958 750; baseline -0.001 -10"><span class='ocrx_word' id='word_1_101' title='bbox 221 698 348 740; x_wconf 84' lang='lat' dir='ltr'>Marc.</span> <span class='ocrx_word' id='word_1_102' title='bbox 377 703 440 747; x_wconf 71' lang='lat'>152,</span> <span class='ocrx_word' id='word_1_103' title='bbox 465 702 540 746; x_wconf 81' lang='lat'>36;</span> <span class='ocrx_word' id='word_1_104' title='bbox 574 697 638 738; x_wconf 91' lang='lat' dir='ltr'>vel</span> <span class='ocrx_word' id='word_1_105' title='bbox 662 710 700 741; x_wconf 62' lang='grc' dir='ltr'>(κ</span> <span class='ocrx_word' id='word_1_106' title='bbox 725 695 943 749; x_wconf 79' lang='lat' dir='ltr'>Scriptura</span> <span class='ocrx_word' id='word_1_107' title='bbox 965 697 1212 749; x_wconf 86' lang='lat' dir='ltr'>simpliciter</span> <span class='ocrx_word' id='word_1_108' title='bbox 1233 710 1309 750; x_wconf 90' lang='lat' dir='ltr'>pro</span> <span class='ocrx_word' id='word_1_109' title='bbox 1332 698 1424 749; x_wconf 91' lang='lat' dir='ltr'>ipso</span> <span class='ocrx_word' id='word_1_110' title='bbox 1447 696 1534 738; x_wconf 86' lang='lat' dir='ltr'>Deo</span> <span class='ocrx_word' id='word_1_111' title='bbox 1557 697 1755 750; x_wconf 85' lang='lat' dir='ltr'>loquente</span> <span class='ocrx_word' id='word_1_112' title='bbox 1777 698 1958 750; x_wconf 90' lang='lat' dir='ltr'>ponitur,</span> 
     </span>
    </p>
   </div>
   <div class='ocr_carea' id='block_1_7' title="bbox 220 766 1958 965">
    <p class='ocr_par' dir='ltr' id='par_1_7' title="bbox 220 766 1958 965">
     <span class='ocr_line' id='line_1_13' title="bbox 250 766 1958 874; baseline -0.001 -63"><span class='ocrx_word' id='word_1_113' title='bbox 250 783 276 811; x_wconf 92' lang='lat' dir='ltr'>u</span> <span class='ocrx_word' id='word_1_114' title='bbox 309 770 333 810; x_wconf 91' lang='lat' dir='ltr'>d</span> <span class='ocrx_word' id='word_1_115' title='bbox 360 769 614 874; x_wconf 47' lang='lat' dir='ltr'>&#39;ieri&#39;spequit</span> <span class='ocrx_word' id='word_1_116' title='bbox 651 768 731 808; x_wconf 89' lang='lat' dir='ltr'>nisi</span> <span class='ocrx_word' id='word_1_117' title='bbox 775 772 957 809; x_wconf 87' lang='lat' dir='ltr'>uatenus</span> <span class='ocrx_word' id='word_1_118' title='bbox 971 767 1084 809; x_wconf 90' lang='lat' dir='ltr'>Deus</span> <span class='ocrx_word' id='word_1_119' title='bbox 1107 772 1171 809; x_wconf 89' lang='lat' dir='ltr'>est</span> <span class='ocrx_word' id='word_1_120' title='bbox 1189 772 1340 809; x_wconf 82' lang='lat' dir='ltr'>auctor</span> <span class='ocrx_word' id='word_1_121' title='bbox 1353 766 1596 820; x_wconf 86' lang='lat' dir='ltr'>Scripturae</span> <span class='ocrx_word' id='word_1_122' title='bbox 1620 773 1661 809; x_wconf 89' lang='lat' dir='ltr'>et</span> <span class='ocrx_word' id='word_1_123' title='bbox 1683 780 1757 821; x_wconf 90' lang='lat' dir='ltr'>per</span> <span class='ocrx_word' id='word_1_124' title='bbox 1779 780 1873 809; x_wconf 83' lang='lat' dir='ltr'>eam</span> <span class='ocrx_word' id='word_1_125' title='bbox 1896 768 1958 810; x_wconf 94' lang='lat' dir='ltr'>lo-</span> 
     </span>
     <span class='ocr_line' id='line_1_14' title="bbox 220 781 1957 894; baseline 0.002 -13"><span class='ocrx_word' id='word_1_126' title='bbox 220 782 339 894; x_wconf 45' lang='lat' dir='ltr'>mi</span> <span class='ocrx_word' id='word_1_127' title='bbox 375 854 382 880; x_wconf 92' lang='lat'>:</span> <span class='ocrx_word' id='word_1_128' title='bbox 453 840 541 879; x_wconf 71' lang='lat' dir='ltr'>rori</span> <span class='ocrx_word' id='word_1_129' title='bbox 573 781 1057 893; x_wconf 43' lang='lat' dir='ltr'>mfflriptura</span> <span class='ocrx_word' id='word_1_130' title='bbox 1082 872 1090 879; x_wconf 91' lang='lat'>.</span> <span class='ocrx_word' id='word_1_131' title='bbox 1117 872 1124 879; x_wconf 91' lang='lat'><strong><em>.</em></strong></span> <span class='ocrx_word' id='word_1_132' title='bbox 1152 871 1159 878; x_wconf 91' lang='lat'><strong>.</strong></span> <span class='ocrx_word' id='word_1_133' title='bbox 1191 840 1512 892; x_wconf 74' lang='lat' dir='ltr'>praenunciavit</span> <span class='ocrx_word' id='word_1_134' title='bbox 1539 838 1736 880; x_wconf 78' lang='lat' dir='ltr'>Abrahae</span> <span class='ocrx_word' id='word_1_135' title='bbox 1758 837 1846 883; x_wconf 82' lang='lat' dir='ltr'>Gal.</span> <span class='ocrx_word' id='word_1_136' title='bbox 1873 843 1910 889; x_wconf 86' lang='lat'>3,</span> <span class='ocrx_word' id='word_1_137' title='bbox 1933 843 1957 884; x_wconf 80' lang='lat'>8</span> 
     </span>
     <span class='ocr_line' id='line_1_15' title="bbox 224 907 1958 965; baseline -0.002 -11"><span class='ocrx_word' id='word_1_138' title='bbox 224 917 300 956; x_wconf 85' lang='lat' dir='ltr'>etc,</span> <span class='ocrx_word' id='word_1_139' title='bbox 324 911 473 953; x_wconf 85' lang='lat' dir='ltr'>Merito</span> <span class='ocrx_word' id='word_1_140' title='bbox 496 911 622 963; x_wconf 85' lang='lat' dir='ltr'>igitur</span> <span class='ocrx_word' id='word_1_141' title='bbox 644 911 689 953; x_wconf 83' lang='lat' dir='ltr'>d.</span> <span class='ocrx_word' id='word_1_142' title='bbox 714 909 870 950; x_wconf 87' lang='lat' dir='ltr'>Paulus</span> <span class='ocrx_word' id='word_1_143' title='bbox 892 921 1064 950; x_wconf 90' lang='lat' dir='ltr'>omnem</span> <span class='ocrx_word' id='word_1_144' title='bbox 1088 907 1351 962; x_wconf 82' lang='lat' dir='ltr'>Scripturam</span> <span class='ocrx_word' id='word_1_145' title='bbox 1374 909 1529 951; x_wconf 84' lang='lat' dir='ltr'>diserte</span> <span class='ocrx_word' id='word_1_146' title='bbox 1552 910 1752 951; x_wconf 72' lang='lat' dir='ltr'>divinitus</span> <span class='ocrx_word' id='word_1_147' title='bbox 1773 911 1958 965; x_wconf 78' lang='lat' dir='ltr'>inspira-</span> 
     </span>
    </p>
   </div>
   <div class='ocr_carea' id='block_1_8' title="bbox 221 980 1958 1062">
    <p class='ocr_par' dir='ltr' id='par_1_8' title="bbox 221 980 1958 1062">
     <span class='ocr_line' id='line_1_16' title="bbox 221 980 1958 1062; baseline -0.001 -39"><span class='ocrx_word' id='word_1_148' title='bbox 221 988 306 1025; x_wconf 78' lang='lat' dir='ltr'>tam</span> <span class='ocrx_word' id='word_1_149' title='bbox 331 982 528 1035; x_wconf 89' lang='lat' dir='ltr'>appellat,</span> <span class='ocrx_word' id='word_1_150' title='bbox 551 994 634 1035; x_wconf 92' lang='lat' dir='ltr'>quo</span> <span class='ocrx_word' id='word_1_151' title='bbox 658 981 905 1034; x_wconf 86' lang='lat' dir='ltr'>praedicato</span> <span class='ocrx_word' id='word_1_152' title='bbox 925 993 1018 1022; x_wconf 87' lang='lat' dir='ltr'>eam</span> <span class='ocrx_word' id='word_1_153' title='bbox 1035 980 1753 1062; x_wconf 47' lang='lat' dir='ltr'>tamQffiwfflQae</span> <span class='ocrx_word' id='word_1_154' title='bbox 1768 982 1958 1023; x_wconf 86' lang='lat' dir='ltr'>actionis.</span> 
     </span>
    </p>
   </div>
   <div class='ocr_carea' id='block_1_9' title="bbox 220 1068 2039 1474">
    <p class='ocr_par' dir='ltr' id='par_1_9' title="bbox 220 1068 2039 1474">
     <span class='ocr_line' id='line_1_17' title="bbox 342 1068 1960 1120; baseline -0.002 -12"><span class='ocrx_word' id='word_1_155' title='bbox 342 1076 376 1108; x_wconf 78' lang='lat'>2.</span> <span class='ocrx_word' id='word_1_156' title='bbox 398 1068 495 1105; x_wconf 86' lang='lat' dir='ltr'>Tim.</span> <span class='ocrx_word' id='word_1_157' title='bbox 522 1075 558 1117; x_wconf 80' lang='lat'>3,</span> <span class='ocrx_word' id='word_1_158' title='bbox 590 1075 660 1108; x_wconf 81' lang='lat'>16:</span> <span class='ocrx_word' id='word_1_159' title='bbox 689 1070 821 1106; x_wconf 75' lang='lat' dir='ltr'>Omnis</span> <span class='ocrx_word' id='word_1_160' title='bbox 837 1069 1251 1120; x_wconf 50' lang='lat' dir='ltr'>Scriptura(divinitus</span> <span class='ocrx_word' id='word_1_161' title='bbox 1273 1069 1468 1116; x_wconf 74' lang='lat' dir='ltr'>inspirata</span> <span class='ocrx_word' id='word_1_162' title='bbox 1477 1069 1756 1114; x_wconf 71' lang='grc' dir='ltr'>)θεόπνεοῦτος</span> <span class='ocrx_word' id='word_1_163' title='bbox 1778 1069 1884 1106; x_wconf 76' lang='lat' dir='ltr'>utilis</span> <span class='ocrx_word' id='word_1_164' title='bbox 1905 1073 1960 1106; x_wconf 75' lang='lat' dir='ltr'>est</span> 
     </span>
     <span class='ocr_line' id='line_1_18' title="bbox 220 1127 1961 1178; baseline -0.001 -12"><span class='ocrx_word' id='word_1_165' title='bbox 220 1130 271 1166; x_wconf 79' lang='lat' dir='ltr'>acl</span> <span class='ocrx_word' id='word_1_166' title='bbox 293 1129 514 1175; x_wconf 66' lang='lat' dir='ltr'>docendum,</span> <span class='ocrx_word' id='word_1_167' title='bbox 538 1130 590 1165; x_wconf 77' lang='lat' dir='ltr'>ad</span> <span class='ocrx_word' id='word_1_168' title='bbox 613 1128 851 1178; x_wconf 55' lang='lat' dir='ltr'>affluendum</span> <span class='ocrx_word' id='word_1_169' title='bbox 873 1128 924 1165; x_wconf 79' lang='lat' dir='ltr'>ad</span> <span class='ocrx_word' id='word_1_170' title='bbox 946 1128 1244 1176; x_wconf 75' lang='lat' dir='ltr'>corripiendum,</span> <span class='ocrx_word' id='word_1_171' title='bbox 1270 1128 1320 1164; x_wconf 82' lang='lat' dir='ltr'>ad</span> <span class='ocrx_word' id='word_1_172' title='bbox 1343 1128 1594 1165; x_wconf 76' lang='lat' dir='ltr'>erudiendum</span> <span class='ocrx_word' id='word_1_173' title='bbox 1615 1129 1654 1165; x_wconf 79' lang='lat' dir='ltr'>in</span> <span class='ocrx_word' id='word_1_174' title='bbox 1670 1129 1838 1176; x_wconf 73' lang='lat' dir='ltr'>justitia.</span> <span class='ocrx_word' id='word_1_175' title='bbox 1871 1127 1961 1165; x_wconf 79' lang='lat' dir='ltr'>Tria</span> 
     </span>
     <span class='ocr_line' id='line_1_19' title="bbox 222 1183 1960 1237; baseline -0.001 -11"><span class='ocrx_word' id='word_1_176' title='bbox 222 1190 354 1226; x_wconf 87' lang='lat' dir='ltr'>autem</span> <span class='ocrx_word' id='word_1_177' title='bbox 385 1187 447 1224; x_wconf 89' lang='lat' dir='ltr'>hic</span> <span class='ocrx_word' id='word_1_178' title='bbox 479 1187 612 1235; x_wconf 88' lang='lat' dir='ltr'>quaeri</span> <span class='ocrx_word' id='word_1_179' title='bbox 643 1189 830 1236; x_wconf 77' lang='lat' dir='ltr'>possunt:</span> <span class='ocrx_word' id='word_1_180' title='bbox 871 1183 909 1227; x_wconf 90' lang='lat' dir='ltr'>l.</span> <span class='ocrx_word' id='word_1_181' title='bbox 943 1189 1080 1224; x_wconf 87' lang='lat' dir='ltr'>utrum</span> <span class='ocrx_word' id='word_1_182' title='bbox 1115 1188 1237 1224; x_wconf 78' lang='lat' dir='ltr'>omnis</span> <span class='ocrx_word' id='word_1_183' title='bbox 1273 1187 1480 1234; x_wconf 70' lang='lat' dir='ltr'>Scriptura</span> <span class='ocrx_word' id='word_1_184' title='bbox 1514 1186 1706 1237; x_wconf 86' lang='lat' dir='ltr'>significet</span> <span class='ocrx_word' id='word_1_185' title='bbox 1738 1186 1960 1224; x_wconf 86' lang='lat' dir='ltr'>universam</span> 
     </span>
     <span class='ocr_line' id='line_1_20' title="bbox 222 1220 2039 1296; baseline 0 -12"><span class='ocrx_word' id='word_1_186' title='bbox 222 1247 473 1296; x_wconf 85' lang='lat' dir='ltr'>Scripturam,</span> <span class='ocrx_word' id='word_1_187' title='bbox 510 1259 558 1284; x_wconf 91' lang='lat' dir='ltr'>an</span> <span class='ocrx_word' id='word_1_188' title='bbox 592 1246 811 1295; x_wconf 72' lang='lat' dir='ltr'>quemlibet</span> <span class='ocrx_word' id='word_1_189' title='bbox 845 1246 929 1294; x_wconf 86' lang='lat' dir='ltr'>ejus</span> <span class='ocrx_word' id='word_1_190' title='bbox 964 1246 1121 1285; x_wconf 88' lang='lat' dir='ltr'>librum.</span> <span class='ocrx_word' id='word_1_191' title='bbox 1167 1245 1415 1283; x_wconf 85' lang='lat' dir='ltr'>Probabilius</span> <span class='ocrx_word' id='word_1_192' title='bbox 1448 1220 2039 1296; x_wconf 48' lang='lat' dir='ltr'>homsffgm</span> 
     </span>
     <span class='ocr_line' id='line_1_21' title="bbox 221 1304 1962 1354; baseline -0.001 -12"><span class='ocrx_word' id='word_1_193' title='bbox 221 1304 264 1347; x_wconf 76' lang='lat'>2.</span> <span class='ocrx_word' id='word_1_194' title='bbox 288 1306 431 1343; x_wconf 88' lang='lat' dir='ltr'>Utrum</span> <span class='ocrx_word' id='word_1_195' title='bbox 464 1305 583 1343; x_wconf 88' lang='lat' dir='ltr'>dictio</span> <span class='ocrx_word' id='word_1_196' title='bbox 615 1307 797 1343; x_wconf 78' lang='lat' dir='ltr'>divinitus</span> <span class='ocrx_word' id='word_1_197' title='bbox 828 1307 1021 1353; x_wconf 75' lang='lat' dir='ltr'>inspirata</span> <span class='ocrx_word' id='word_1_198' title='bbox 1053 1305 1104 1342; x_wconf 78' lang='lat' dir='ltr'>sit</span> <span class='ocrx_word' id='word_1_199' title='bbox 1136 1305 1360 1354; x_wconf 86' lang='lat' dir='ltr'>appositum</span> <span class='ocrx_word' id='word_1_200' title='bbox 1394 1317 1443 1342; x_wconf 86' lang='lat' dir='ltr'>an</span> <span class='ocrx_word' id='word_1_201' title='bbox 1475 1305 1752 1354; x_wconf 84' lang='lat' dir='ltr'>praedicatum,</span> <span class='ocrx_word' id='word_1_202' title='bbox 1788 1305 1882 1343; x_wconf 81' lang='lat' dir='ltr'>adeo</span> <span class='ocrx_word' id='word_1_203' title='bbox 1915 1306 1962 1342; x_wconf 89' lang='lat' dir='ltr'>ut</span> 
     </span>
     <span class='ocr_line' id='line_1_22' title="bbox 222 1363 1961 1413; baseline 0 -11"><span class='ocrx_word' id='word_1_204' title='bbox 222 1377 358 1403; x_wconf 87' lang='lat' dir='ltr'>sensus</span> <span class='ocrx_word' id='word_1_205' title='bbox 381 1365 444 1409; x_wconf 89' lang='lat' dir='ltr'>sit,</span> <span class='ocrx_word' id='word_1_206' title='bbox 469 1365 594 1402; x_wconf 89' lang='lat' dir='ltr'>omnis</span> <span class='ocrx_word' id='word_1_207' title='bbox 617 1365 818 1413; x_wconf 87' lang='lat' dir='ltr'>Scriptura</span> <span class='ocrx_word' id='word_1_208' title='bbox 849 1368 910 1402; x_wconf 88' lang='lat' dir='ltr'>est</span> <span class='ocrx_word' id='word_1_209' title='bbox 942 1364 1135 1402; x_wconf 86' lang='lat' dir='ltr'>divinitus</span> <span class='ocrx_word' id='word_1_210' title='bbox 1168 1364 1357 1413; x_wconf 87' lang='lat' dir='ltr'>inspirata</span> <span class='ocrx_word' id='word_1_211' title='bbox 1388 1366 1428 1401; x_wconf 86' lang='lat' dir='ltr'>et</span> <span class='ocrx_word' id='word_1_212' title='bbox 1458 1364 1591 1401; x_wconf 87' lang='lat' dir='ltr'>utilis:</span> <span class='ocrx_word' id='word_1_213' title='bbox 1625 1364 1729 1413; x_wconf 87' lang='lat' dir='ltr'>quod</span> <span class='ocrx_word' id='word_1_214' title='bbox 1760 1363 1961 1413; x_wconf 84' lang='lat' dir='ltr'>posterius</span> 
     </span>
     <span class='ocr_line' id='line_1_23' title="bbox 222 1422 1963 1474; baseline -0.001 -13"><span class='ocrx_word' id='word_1_215' title='bbox 222 1424 465 1474; x_wconf 83' lang='lat' dir='ltr'>probabilius</span> <span class='ocrx_word' id='word_1_216' title='bbox 489 1426 559 1461; x_wconf 86' lang='lat' dir='ltr'>est.</span> <span class='ocrx_word' id='word_1_217' title='bbox 583 1422 624 1464; x_wconf 84' lang='grc'>3.</span> <span class='ocrx_word' id='word_1_218' title='bbox 648 1423 750 1467; x_wconf 81' lang='lat' dir='ltr'>Quid</span> <span class='ocrx_word' id='word_1_219' title='bbox 765 1423 962 1473; x_wconf 83' lang='lat' dir='ltr'>significet</span> <span class='ocrx_word' id='word_1_220' title='bbox 984 1425 1265 1468; x_wconf 65' lang='grc' dir='ltr'>θεόπνευῦτος,</span> <span class='ocrx_word' id='word_1_221' title='bbox 1289 1436 1380 1460; x_wconf 86' lang='lat' dir='ltr'>nam</span> <span class='ocrx_word' id='word_1_222' title='bbox 1402 1436 1445 1461; x_wconf 90' lang='lat' dir='ltr'>ea</span> <span class='ocrx_word' id='word_1_223' title='bbox 1458 1435 1531 1461; x_wconf 83' lang='lat' dir='ltr'>vox</span> <span class='ocrx_word' id='word_1_224' title='bbox 1544 1424 1606 1461; x_wconf 89' lang='lat' dir='ltr'>hic</span> <span class='ocrx_word' id='word_1_225' title='bbox 1619 1425 1778 1461; x_wconf 85' lang='lat' dir='ltr'>tantum</span> <span class='ocrx_word' id='word_1_226' title='bbox 1792 1423 1963 1461; x_wconf 87' lang='lat' dir='ltr'>occurrit</span> 
     </span>
    </p>
   </div>
   <div class='ocr_carea' id='block_1_10' title="bbox 221 1482 1962 1562">
    <p class='ocr_par' dir='ltr' id='par_1_10' title="bbox 221 1482 1962 1562">
     <span class='ocr_line' id='line_1_24' title="bbox 221 1482 1962 1562; baseline 0 -42"><span class='ocrx_word' id='word_1_227' title='bbox 221 1484 263 1521; x_wconf 90' lang='lat' dir='ltr'>in</span> <span class='ocrx_word' id='word_1_228' title='bbox 285 1483 427 1521; x_wconf 89' lang='lat' dir='ltr'>divinis</span> <span class='ocrx_word' id='word_1_229' title='bbox 448 1483 583 1520; x_wconf 89' lang='lat' dir='ltr'>literis.</span> <span class='ocrx_word' id='word_1_230' title='bbox 627 1483 801 1520; x_wconf 84' lang='lat' dir='ltr'>Dicimus</span> <span class='ocrx_word' id='word_1_231' title='bbox 824 1482 1044 1532; x_wconf 84' lang='lat' dir='ltr'>significare</span> <span class='ocrx_word' id='word_1_232' title='bbox 1067 1482 1307 1532; x_wconf 82' lang='lat' dir='ltr'>singularem</span> <span class='ocrx_word' id='word_1_233' title='bbox 1331 1482 1401 1519; x_wconf 90' lang='lat' dir='ltr'>Dei</span> <span class='ocrx_word' id='word_1_234' title='bbox 1435 1482 1702 1562; x_wconf 50' lang='lat' dir='ltr'>actionew</span> <span class='ocrx_word' id='word_1_235' title='bbox 1720 1483 1805 1528; x_wconf 86' lang='lat' dir='ltr'>scri</span> <span class='ocrx_word' id='word_1_236' title='bbox 1855 1494 1962 1520; x_wconf 92' lang='lat' dir='ltr'>orem</span> 
     </span>
    </p>
   </div>
   <div class='ocr_carea' id='block_1_11' title="bbox 222 1541 2097 3094">
    <p class='ocr_par' dir='ltr' id='par_1_11' title="bbox 222 1541 2097 1769">
     <span class='ocr_line' id='line_1_25' title="bbox 222 1541 1927 1638; baseline -0.001 -58"><span class='ocrx_word' id='word_1_237' title='bbox 222 1545 306 1580; x_wconf 90' lang='lat' dir='ltr'>tum</span> <span class='ocrx_word' id='word_1_238' title='bbox 330 1555 375 1612; x_wconf 52' lang='grc' dir='ltr'>ΕΞ</span> <span class='ocrx_word' id='word_1_239' title='bbox 397 1542 409 1579; x_wconf 90' lang='lat' dir='ltr'>i</span> <span class='ocrx_word' id='word_1_240' title='bbox 441 1553 483 1579; x_wconf 85' lang='lat' dir='ltr'>sa</span> <span class='ocrx_word' id='word_1_241' title='bbox 504 1541 544 1578; x_wconf 87' lang='lat' dir='ltr'>vi</span> <span class='ocrx_word' id='word_1_242' title='bbox 568 1554 614 1579; x_wconf 90' lang='lat' dir='ltr'>vo</span> <span class='ocrx_word' id='word_1_243' title='bbox 640 1541 673 1579; x_wconf 91' lang='lat' dir='ltr'>is</span> <span class='ocrx_word' id='word_1_244' title='bbox 694 1544 781 1579; x_wconf 91' lang='lat' dir='ltr'>tum</span> <span class='ocrx_word' id='word_1_245' title='bbox 804 1554 848 1579; x_wconf 81' lang='lat' dir='ltr'>ex</span> <span class='ocrx_word' id='word_1_246' title='bbox 871 1542 954 1579; x_wconf 89' lang='lat' dir='ltr'>loco</span> <span class='ocrx_word' id='word_1_247' title='bbox 977 1555 1025 1579; x_wconf 88' lang='lat' dir='ltr'>an</span> <span class='ocrx_word' id='word_1_248' title='bbox 1051 1542 1088 1611; x_wconf 78' lang='lat' dir='ltr'>lp</span> <span class='ocrx_word' id='word_1_249' title='bbox 1118 1554 1139 1579; x_wconf 96' lang='lat' dir='ltr'>o</span> <span class='ocrx_word' id='word_1_250' title='bbox 1158 1542 1460 1638; x_wconf 38' lang='lat' dir='ltr'>&amp;tingi-31</span> <span class='ocrx_word' id='word_1_251' title='bbox 1480 1556 1487 1580; x_wconf 93' lang='lat'>:</span> <span class='ocrx_word' id='word_1_252' title='bbox 1526 1542 1587 1579; x_wconf 90' lang='lat' dir='ltr'>No</span> <span class='ocrx_word' id='word_1_253' title='bbox 1646 1555 1663 1579; x_wconf 86' lang='lat' dir='ltr'>e</span> <span class='ocrx_word' id='word_1_254' title='bbox 1692 1555 1730 1579; x_wconf 70' lang='grc' dir='ltr'>υ]</span> <span class='ocrx_word' id='word_1_255' title='bbox 1798 1554 1817 1579; x_wconf 95' lang='lat' dir='ltr'><em>o</em></span> <span class='ocrx_word' id='word_1_256' title='bbox 1834 1555 1884 1580; x_wconf 80' lang='lat' dir='ltr'>uu</span> <span class='ocrx_word' id='word_1_257' title='bbox 1904 1554 1927 1579; x_wconf 86' lang='lat' dir='ltr'>a</span> 
     </span>
     <span class='ocr_line' id='line_1_26' title="bbox 222 1554 2097 1655; baseline -0.001 -16"><span class='ocrx_word' id='word_1_258' title='bbox 222 1604 354 1641; x_wconf 67' lang='lat' dir='ltr'>huna}</span> <span class='ocrx_word' id='word_1_259' title='bbox 395 1555 439 1639; x_wconf 49' lang='grc' dir='ltr'>’Β</span> <span class='ocrx_word' id='word_1_260' title='bbox 512 1614 535 1638; x_wconf 89' lang='grc' dir='ltr'><em>α</em></span> <span class='ocrx_word' id='word_1_261' title='bbox 558 1613 594 1638; x_wconf 81' lang='lat' dir='ltr'>es</span> <span class='ocrx_word' id='word_1_262' title='bbox 632 1614 654 1638; x_wconf 88' lang='lat' dir='ltr'>a</span> <span class='ocrx_word' id='word_1_263' title='bbox 674 1601 839 1650; x_wconf 72' lang='lat' dir='ltr'>tquazdo</span> <span class='ocrx_word' id='word_1_264' title='bbox 860 1613 959 1649; x_wconf 77' lang='lat' dir='ltr'>prop</span> <span class='ocrx_word' id='word_1_265' title='bbox 989 1555 1163 1645; x_wconf 48' lang='lat' dir='ltr'>mauis&amp;</span> <span class='ocrx_word' id='word_1_266' title='bbox 1208 1602 1336 1650; x_wconf 67' lang='lat' dir='ltr'>piritu</span> <span class='ocrx_word' id='word_1_267' title='bbox 1358 1554 2097 1655; x_wconf 43' lang='lat' dir='ltr'>satzctcffiffifflrmssdw</span> 
     </span>
     <span class='ocr_line' id='line_1_27' title="bbox 236 1614 1962 1709; baseline -0.001 -11"><span class='ocrx_word' id='word_1_268' title='bbox 236 1674 301 1699; x_wconf 74' lang='lat' dir='ltr'>ocu</span> <span class='ocrx_word' id='word_1_269' title='bbox 327 1614 591 1698; x_wconf 44' lang='lat' dir='ltr'>&#39;Mamili</span> <span class='ocrx_word' id='word_1_270' title='bbox 612 1660 686 1697; x_wconf 73' lang='lat' dir='ltr'>Dei</span> <span class='ocrx_word' id='word_1_271' title='bbox 706 1661 885 1698; x_wconf 77' lang='lat' dir='ltr'>homines.</span> <span class='ocrx_word' id='word_1_272' title='bbox 897 1665 915 1683; x_wconf 78' lang='lat'>«</span> <span class='ocrx_word' id='word_1_273' title='bbox 959 1660 1062 1697; x_wconf 87' lang='lat' dir='ltr'>Haec</span> <span class='ocrx_word' id='word_1_274' title='bbox 1084 1660 1187 1697; x_wconf 89' lang='lat' dir='ltr'>enim</span> <span class='ocrx_word' id='word_1_275' title='bbox 1211 1661 1257 1697; x_wconf 90' lang='lat' dir='ltr'>de</span> <span class='ocrx_word' id='word_1_276' title='bbox 1278 1660 1476 1697; x_wconf 89' lang='lat' dir='ltr'>locutione</span> <span class='ocrx_word' id='word_1_277' title='bbox 1498 1673 1568 1709; x_wconf 88' lang='lat' dir='ltr'>per</span> <span class='ocrx_word' id='word_1_278' title='bbox 1590 1673 1618 1697; x_wconf 94' lang='lat' dir='ltr'>s.</span> <span class='ocrx_word' id='word_1_279' title='bbox 1643 1660 1864 1709; x_wconf 82' lang='lat' dir='ltr'>Scripturas</span> <span class='ocrx_word' id='word_1_280' title='bbox 1879 1671 1962 1698; x_wconf 88' lang='lat' dir='ltr'>esse</span> 
     </span>
     <span class='ocr_line' id='line_1_28' title="bbox 223 1719 890 1769; baseline 0 -13"><span class='ocrx_word' id='word_1_281' title='bbox 223 1720 482 1769; x_wconf 85' lang='lat' dir='ltr'>intelligenda</span> <span class='ocrx_word' id='word_1_282' title='bbox 504 1721 710 1757; x_wconf 75' lang='lat' dir='ltr'>contextus</span> <span class='ocrx_word' id='word_1_283' title='bbox 733 1719 890 1757; x_wconf 82' lang='lat' dir='ltr'>evincit.</span> 
     </span>
    </p>

    <p class='ocr_par' dir='ltr' id='par_1_12' title="bbox 342 1778 1648 1828">
     <span class='ocr_line' id='line_1_29' title="bbox 342 1778 1648 1828; baseline -0.002 -9"><span class='ocrx_word' id='word_1_284' title='bbox 342 1778 382 1819; x_wconf 79' lang='lat'>3.</span> <span class='ocrx_word' id='word_1_285' title='bbox 406 1779 579 1816; x_wconf 80' lang='lat' dir='ltr'>Eandem</span> <span class='ocrx_word' id='word_1_286' title='bbox 601 1778 716 1816; x_wconf 89' lang='lat' dir='ltr'>fidem</span> <span class='ocrx_word' id='word_1_287' title='bbox 741 1781 869 1827; x_wconf 87' lang='lat' dir='ltr'>patres</span> <span class='ocrx_word' id='word_1_288' title='bbox 891 1779 1070 1816; x_wconf 88' lang='lat' dir='ltr'>unanimi</span> <span class='ocrx_word' id='word_1_289' title='bbox 1093 1791 1164 1817; x_wconf 87' lang='lat' dir='ltr'>suo</span> <span class='ocrx_word' id='word_1_290' title='bbox 1187 1778 1372 1828; x_wconf 78' lang='lat' dir='ltr'>suffragio</span> <span class='ocrx_word' id='word_1_291' title='bbox 1396 1778 1648 1816; x_wconf 86' lang='lat' dir='ltr'>confirmant:</span> 
     </span>
    </p>

    <p class='ocr_par' dir='ltr' id='par_1_13' title="bbox 223 1836 1981 2300">
     <span class='ocr_line' id='line_1_30' title="bbox 341 1836 1964 1887; baseline -0.001 -12"><span class='ocrx_word' id='word_1_292' title='bbox 341 1841 381 1875; x_wconf 92' lang='lat' dir='ltr'>et</span> <span class='ocrx_word' id='word_1_293' title='bbox 403 1837 562 1886; x_wconf 89' lang='lat' dir='ltr'>quidem</span> <span class='ocrx_word' id='word_1_294' title='bbox 586 1849 628 1878; x_wconf 81' lang='lat' dir='ltr'>a.</span> <span class='ocrx_word' id='word_1_295' title='bbox 652 1838 853 1875; x_wconf 85' lang='lat' dir='ltr'>diserte</span> <span class='ocrx_word' id='word_1_296' title='bbox 875 1839 937 1875; x_wconf 86' lang='lat' dir='ltr'>vel</span> <span class='ocrx_word' id='word_1_297' title='bbox 960 1838 1275 1887; x_wconf 55' lang='lat' dir='ltr'>aequivalentem</span> <span class='ocrx_word' id='word_1_298' title='bbox 1308 1837 1365 1874; x_wconf 87' lang='lat' dir='ltr'>ita</span> <span class='ocrx_word' id='word_1_299' title='bbox 1389 1837 1653 1886; x_wconf 55' lang='lat' dir='ltr'>Origenes,</span> <span class='ocrx_word' id='word_1_300' title='bbox 1692 1837 1761 1886; x_wconf 91' lang='lat' dir='ltr'>qui</span> <span class='ocrx_word' id='word_1_301' title='bbox 1783 1837 1896 1874; x_wconf 86' lang='lat' dir='ltr'>docet</span> <span class='ocrx_word' id='word_1_302' title='bbox 1917 1836 1964 1873; x_wconf 90' lang='lat' dir='ltr'>de</span> 
     </span>
     <span class='ocr_line' id='line_1_31' title="bbox 224 1896 1964 1947; baseline -0.002 -12"><span class='ocrx_word' id='word_1_303' title='bbox 224 1897 346 1947; x_wconf 85' lang='lat' dir='ltr'>princ.</span> <span class='ocrx_word' id='word_1_304' title='bbox 367 1896 487 1946; x_wconf 87' lang='lat' dir='ltr'>praef.</span> <span class='ocrx_word' id='word_1_305' title='bbox 510 1909 547 1936; x_wconf 92' lang='lat' dir='ltr'>n.</span> <span class='ocrx_word' id='word_1_306' title='bbox 573 1903 594 1937; x_wconf 86' lang='lat'>8</span> <span class='ocrx_word' id='word_1_307' title='bbox 619 1897 667 1933; x_wconf 90' lang='lat' dir='ltr'>ad</span> <span class='ocrx_word' id='word_1_308' title='bbox 689 1897 933 1934; x_wconf 81' lang='lat' dir='ltr'>manifestam</span> <span class='ocrx_word' id='word_1_309' title='bbox 956 1897 1287 1946; x_wconf 81' lang='lat' dir='ltr'>praedicationem</span> <span class='ocrx_word' id='word_1_310' title='bbox 1302 1897 1599 1934; x_wconf 85' lang='lat' dir='ltr'>ecclesiasticam</span> <span class='ocrx_word' id='word_1_311' title='bbox 1617 1899 1804 1946; x_wconf 82' lang='lat' dir='ltr'>spectare,</span> <span class='ocrx_word' id='word_1_312' title='bbox 1831 1923 1848 1940; x_wconf 69' lang='grc'><strong>»</strong></span> <span class='ocrx_word' id='word_1_313' title='bbox 1858 1896 1964 1944; x_wconf 89' lang='lat' dir='ltr'>quod</span> 
     </span>
     <span class='ocr_line' id='line_1_32' title="bbox 223 1956 1964 2006; baseline -0.001 -13"><span class='ocrx_word' id='word_1_314' title='bbox 223 1969 293 2006; x_wconf 88' lang='lat' dir='ltr'>per</span> <span class='ocrx_word' id='word_1_315' title='bbox 316 1956 507 2005; x_wconf 89' lang='lat' dir='ltr'>Spiritum</span> <span class='ocrx_word' id='word_1_316' title='bbox 540 1958 719 1993; x_wconf 87' lang='lat' dir='ltr'>sanctum</span> <span class='ocrx_word' id='word_1_317' title='bbox 742 1956 967 2005; x_wconf 88' lang='lat' dir='ltr'>Scripturae</span> <span class='ocrx_word' id='word_1_318' title='bbox 999 1957 1239 2005; x_wconf 81' lang='lat' dir='ltr'>conscriptae</span> <span class='ocrx_word' id='word_1_319' title='bbox 1271 1956 1360 1994; x_wconf 89' lang='lat' dir='ltr'>sint.</span> <span class='ocrx_word' id='word_1_320' title='bbox 1373 1962 1389 1980; x_wconf 83' lang='lat'>«</span> <span class='ocrx_word' id='word_1_321' title='bbox 1434 1956 1494 1993; x_wconf 87' lang='lat' dir='ltr'>Ita</span> <span class='ocrx_word' id='word_1_322' title='bbox 1516 1956 1747 2003; x_wconf 66' lang='lat' dir='ltr'>Qens</span> <span class='ocrx_word' id='word_1_323' title='bbox 1779 1968 1874 1993; x_wconf 89' lang='lat' dir='ltr'>rom.</span> <span class='ocrx_word' id='word_1_324' title='bbox 1907 1967 1964 2004; x_wconf 88' lang='lat' dir='ltr'>ep.</span> 
     </span>
     <span class='ocr_line' id='line_1_33' title="bbox 231 2014 1981 2064; baseline 0 -13"><span class='ocrx_word' id='word_1_325' title='bbox 231 2024 246 2056; x_wconf 88' lang='lat'>1</span> <span class='ocrx_word' id='word_1_326' title='bbox 282 2029 319 2053; x_wconf 89' lang='lat' dir='ltr'>n.</span> <span class='ocrx_word' id='word_1_327' title='bbox 354 2022 404 2055; x_wconf 85' lang='lat'>45</span> <span class='ocrx_word' id='word_1_328' title='bbox 439 2014 662 2063; x_wconf 82' lang='lat' dir='ltr'>Scripturas</span> <span class='ocrx_word' id='word_1_329' title='bbox 696 2014 794 2052; x_wconf 85' lang='lat' dir='ltr'>dicit</span> <span class='ocrx_word' id='word_1_330' title='bbox 827 2042 842 2059; x_wconf 70' lang='lat'>»</span> <span class='ocrx_word' id='word_1_331' title='bbox 856 2027 1007 2052; x_wconf 82' lang='lat' dir='ltr'>veraces</span> <span class='ocrx_word' id='word_1_332' title='bbox 1042 2015 1235 2052; x_wconf 84' lang='lat' dir='ltr'>dictiones</span> <span class='ocrx_word' id='word_1_333' title='bbox 1268 2015 1438 2064; x_wconf 79' lang='lat' dir='ltr'>Spiritus</span> <span class='ocrx_word' id='word_1_334' title='bbox 1475 2015 1638 2060; x_wconf 54' lang='lat' dir='ltr'>sanctif&lt;</span> <span class='ocrx_word' id='word_1_335' title='bbox 1682 2017 1722 2052; x_wconf 87' lang='lat' dir='ltr'>et</span> <span class='ocrx_word' id='word_1_336' title='bbox 1752 2015 1981 2063; x_wconf 54' lang='lat' dir='ltr'>Clu-W*</span> 
     </span>
     <span class='ocr_line' id='line_1_34' title="bbox 225 2073 1964 2123; baseline -0.001 -11"><span class='ocrx_word' id='word_1_337' title='bbox 225 2078 418 2112; x_wconf 88' lang='lat' dir='ltr'>stomus</span> <span class='ocrx_word' id='word_1_338' title='bbox 450 2075 492 2110; x_wconf 90' lang='lat' dir='ltr'>in</span> <span class='ocrx_word' id='word_1_339' title='bbox 515 2074 607 2113; x_wconf 84' lang='lat' dir='ltr'>Gen.</span> <span class='ocrx_word' id='word_1_340' title='bbox 631 2074 731 2112; x_wconf 88' lang='lat' dir='ltr'>hom.</span> <span class='ocrx_word' id='word_1_341' title='bbox 759 2080 779 2113; x_wconf 86' lang='lat'>2</span> <span class='ocrx_word' id='word_1_342' title='bbox 813 2087 850 2111; x_wconf 90' lang='lat' dir='ltr'>n.</span> <span class='ocrx_word' id='word_1_343' title='bbox 878 2080 898 2113; x_wconf 84' lang='lat'>2</span> <span class='ocrx_word' id='word_1_344' title='bbox 925 2074 1081 2111; x_wconf 83' lang='lat' dir='ltr'>scribit:</span> <span class='ocrx_word' id='word_1_345' title='bbox 1118 2101 1134 2117; x_wconf 64' lang='lat'>»</span> <span class='ocrx_word' id='word_1_346' title='bbox 1146 2075 1250 2111; x_wconf 92' lang='lat' dir='ltr'>Deus</span> <span class='ocrx_word' id='word_1_347' title='bbox 1283 2075 1394 2111; x_wconf 89' lang='lat' dir='ltr'>velut</span> <span class='ocrx_word' id='word_1_348' title='bbox 1424 2075 1540 2123; x_wconf 82' lang='lat' dir='ltr'>longe</span> <span class='ocrx_word' id='word_1_349' title='bbox 1571 2074 1799 2111; x_wconf 83' lang='lat' dir='ltr'>absentibus</span> <span class='ocrx_word' id='word_1_350' title='bbox 1829 2073 1964 2110; x_wconf 88' lang='lat' dir='ltr'>literas</span> 
     </span>
     <span class='ocr_line' id='line_1_35' title="bbox 225 2131 1965 2182; baseline -0.001 -11"><span class='ocrx_word' id='word_1_351' title='bbox 225 2134 344 2178; x_wconf 89' lang='lat' dir='ltr'>misit,</span> <span class='ocrx_word' id='word_1_352' title='bbox 369 2145 467 2182; x_wconf 88' lang='lat' dir='ltr'>quas</span> <span class='ocrx_word' id='word_1_353' title='bbox 491 2133 649 2181; x_wconf 89' lang='lat' dir='ltr'>quidem</span> <span class='ocrx_word' id='word_1_354' title='bbox 672 2133 806 2170; x_wconf 84' lang='lat' dir='ltr'>literas</span> <span class='ocrx_word' id='word_1_355' title='bbox 829 2133 937 2170; x_wconf 88' lang='lat' dir='ltr'>dedit</span> <span class='ocrx_word' id='word_1_356' title='bbox 960 2134 1077 2179; x_wconf 87' lang='lat' dir='ltr'>Deus,</span> <span class='ocrx_word' id='word_1_357' title='bbox 1103 2133 1243 2170; x_wconf 88' lang='lat' dir='ltr'>attulit</span> <span class='ocrx_word' id='word_1_358' title='bbox 1265 2133 1468 2182; x_wconf 78' lang='lat' dir='ltr'>Moyses;«</span> <span class='ocrx_word' id='word_1_359' title='bbox 1505 2135 1544 2170; x_wconf 88' lang='lat' dir='ltr'>et</span> <span class='ocrx_word' id='word_1_360' title='bbox 1565 2133 1653 2170; x_wconf 89' lang='lat' dir='ltr'>aliis</span> <span class='ocrx_word' id='word_1_361' title='bbox 1675 2131 1965 2181; x_wconf 86' lang='lat' dir='ltr'>praetermissis</span> 
     </span>
     <span class='ocr_line' id='line_1_36' title="bbox 225 2191 1966 2264; baseline -0.001 -34"><span class='ocrx_word' id='word_1_362' title='bbox 225 2193 273 2230; x_wconf 85' lang='lat'>11·</span> <span class='ocrx_word' id='word_1_363' title='bbox 279 2206 390 2246; x_wconf 65' lang='lat' dir='ltr'>Q</span> <span class='ocrx_word' id='word_1_364' title='bbox 386 2205 471 2229; x_wconf 90' lang='lat' dir='ltr'>eus</span> <span class='ocrx_word' id='word_1_365' title='bbox 493 2192 541 2237; x_wconf 84' lang='lat' dir='ltr'>II,</span> <span class='ocrx_word' id='word_1_366' title='bbox 570 2198 619 2232; x_wconf 78' lang='lat'>28</span> <span class='ocrx_word' id='word_1_367' title='bbox 645 2205 681 2228; x_wconf 87' lang='lat' dir='ltr'>n.</span> <span class='ocrx_word' id='word_1_368' title='bbox 709 2198 751 2231; x_wconf 85' lang='lat'>2:</span> <span class='ocrx_word' id='word_1_369' title='bbox 791 2192 1044 2241; x_wconf 69' lang='lat' dir='ltr'>»Scripturae</span> <span class='ocrx_word' id='word_1_370' title='bbox 1068 2192 1228 2240; x_wconf 88' lang='lat' dir='ltr'>quidem</span> <span class='ocrx_word' id='word_1_371' title='bbox 1250 2192 1444 2241; x_wconf 81' lang='lat' dir='ltr'>perfectae</span> <span class='ocrx_word' id='word_1_372' title='bbox 1479 2194 1584 2237; x_wconf 83' lang='lat' dir='ltr'>sunt,</span> <span class='ocrx_word' id='word_1_373' title='bbox 1619 2192 1763 2264; x_wconf 54' lang='lat' dir='ltr'>qniffle</span> <span class='ocrx_word' id='word_1_374' title='bbox 1795 2204 1817 2228; x_wconf 82' lang='lat' dir='ltr'>a</span> <span class='ocrx_word' id='word_1_375' title='bbox 1837 2191 1966 2229; x_wconf 88' lang='lat' dir='ltr'>Verbo</span> 
     </span>
     <span class='ocr_line' id='line_1_37' title="bbox 227 2242 1928 2300; baseline -0.001 -11"><span class='ocrx_word' id='word_1_376' title='bbox 227 2252 297 2289; x_wconf 90' lang='lat' dir='ltr'>Dei</span> <span class='ocrx_word' id='word_1_377' title='bbox 319 2254 357 2289; x_wconf 89' lang='lat' dir='ltr'>et</span> <span class='ocrx_word' id='word_1_378' title='bbox 381 2251 532 2299; x_wconf 90' lang='lat' dir='ltr'>Spiritu</span> <span class='ocrx_word' id='word_1_379' title='bbox 555 2251 639 2300; x_wconf 85' lang='lat' dir='ltr'>ejus</span> <span class='ocrx_word' id='word_1_380' title='bbox 663 2251 827 2288; x_wconf 60' lang='lat' dir='ltr'>dietae«</span> <span class='ocrx_word' id='word_1_381' title='bbox 1644 2245 1687 2291; x_wconf 68' lang='grc' dir='ltr'>’Ἴ</span> <span class='ocrx_word' id='word_1_382' title='bbox 1773 2242 1928 2265; x_wconf 53' lang='lat' dir='ltr'><em>W</em></span> 
     </span>
    </p>

    <p class='ocr_par' dir='ltr' id='par_1_14' title="bbox 227 2331 1971 3094">
     <span class='ocr_line' id='line_1_38' title="bbox 344 2331 1965 2384; baseline -0.001 -13"><span class='ocrx_word' id='word_1_383' title='bbox 344 2334 415 2371; x_wconf 87' lang='lat' dir='ltr'>Vel</span> <span class='ocrx_word' id='word_1_384' title='bbox 438 2331 482 2374; x_wconf 83' lang='lat' dir='ltr'>b.</span> <span class='ocrx_word' id='word_1_385' title='bbox 505 2334 605 2371; x_wconf 86' lang='lat' dir='ltr'>hanc</span> <span class='ocrx_word' id='word_1_386' title='bbox 627 2335 834 2371; x_wconf 87' lang='lat' dir='ltr'>veritatem</span> <span class='ocrx_word' id='word_1_387' title='bbox 858 2335 1124 2384; x_wconf 86' lang='lat' dir='ltr'>analogiis</span> <span class='ocrx_word' id='word_1_388' title='bbox 1146 2335 1368 2379; x_wconf 86' lang='lat' dir='ltr'>illustrant,</span> <span class='ocrx_word' id='word_1_389' title='bbox 1393 2347 1482 2372; x_wconf 91' lang='lat' dir='ltr'>cum</span> <span class='ocrx_word' id='word_1_390' title='bbox 1505 2334 1645 2371; x_wconf 87' lang='lat' dir='ltr'>docent</span> <span class='ocrx_word' id='word_1_391' title='bbox 1675 2336 1874 2371; x_wconf 87' lang='lat' dir='ltr'>auctorem</span> <span class='ocrx_word' id='word_1_392' title='bbox 1904 2332 1965 2370; x_wconf 86' lang='lat' dir='ltr'>in—</span> 
     </span>
     <span class='ocr_line' id='line_1_39' title="bbox 227 2392 1966 2444; baseline -0.001 -14"><span class='ocrx_word' id='word_1_393' title='bbox 227 2393 423 2441; x_wconf 88' lang='lat' dir='ltr'>spiratum</span> <span class='ocrx_word' id='word_1_394' title='bbox 446 2393 502 2430; x_wconf 85' lang='lat' dir='ltr'>ita</span> <span class='ocrx_word' id='word_1_395' title='bbox 524 2406 564 2430; x_wconf 90' lang='lat' dir='ltr'>se</span> <span class='ocrx_word' id='word_1_396' title='bbox 587 2393 769 2430; x_wconf 85' lang='lat' dir='ltr'>habuisse</span> <span class='ocrx_word' id='word_1_397' title='bbox 791 2393 838 2430; x_wconf 89' lang='lat' dir='ltr'>ad</span> <span class='ocrx_word' id='word_1_398' title='bbox 862 2394 997 2439; x_wconf 90' lang='lat' dir='ltr'>Deum,</span> <span class='ocrx_word' id='word_1_399' title='bbox 1037 2396 1083 2431; x_wconf 92' lang='lat' dir='ltr'>ut</span> <span class='ocrx_word' id='word_1_400' title='bbox 1105 2406 1143 2431; x_wconf 93' lang='lat' dir='ltr'>se</span> <span class='ocrx_word' id='word_1_401' title='bbox 1166 2394 1284 2431; x_wconf 89' lang='lat' dir='ltr'>habet</span> <span class='ocrx_word' id='word_1_402' title='bbox 1305 2406 1444 2431; x_wconf 86' lang='lat' dir='ltr'>manus</span> <span class='ocrx_word' id='word_1_403' title='bbox 1476 2393 1524 2431; x_wconf 88' lang='lat' dir='ltr'>ad</span> <span class='ocrx_word' id='word_1_404' title='bbox 1554 2393 1761 2436; x_wconf 88' lang='lat' dir='ltr'>hominem,</span> <span class='ocrx_word' id='word_1_405' title='bbox 1794 2392 1966 2444; x_wconf 42' lang='lat' dir='ltr'>erigimus</span> 
     </span>
     <span class='ocr_line' id='line_1_40' title="bbox 227 2451 1959 2502; baseline 0.001 -13"><span class='ocrx_word' id='word_1_406' title='bbox 227 2452 276 2489; x_wconf 86' lang='lat' dir='ltr'>ad</span> <span class='ocrx_word' id='word_1_407' title='bbox 298 2452 475 2497; x_wconf 86' lang='lat' dir='ltr'>scribam,</span> <span class='ocrx_word' id='word_1_408' title='bbox 500 2452 648 2489; x_wconf 87' lang='lat' dir='ltr'>cithara</span> <span class='ocrx_word' id='word_1_409' title='bbox 671 2453 717 2489; x_wconf 88' lang='lat' dir='ltr'>ad</span> <span class='ocrx_word' id='word_1_410' title='bbox 734 2453 938 2490; x_wconf 87' lang='lat' dir='ltr'>musicum.</span> <span class='ocrx_word' id='word_1_411' title='bbox 974 2453 1174 2490; x_wconf 86' lang='lat' dir='ltr'>Praeclare</span> <span class='ocrx_word' id='word_1_412' title='bbox 1196 2453 1524 2502; x_wconf 64' lang='lat' dir='ltr'>Augustinus</span> <span class='ocrx_word' id='word_1_413' title='bbox 1547 2452 1593 2489; x_wconf 87' lang='lat' dir='ltr'>de</span> <span class='ocrx_word' id='word_1_414' title='bbox 1607 2464 1795 2489; x_wconf 88' lang='lat' dir='ltr'>consensu</span> <span class='ocrx_word' id='word_1_415' title='bbox 1809 2451 1865 2488; x_wconf 88' lang='lat' dir='ltr'>Ev</span> <span class='ocrx_word' id='word_1_416' title='bbox 1895 2451 1918 2487; x_wconf 91' lang='lat' dir='ltr'>l.</span> <span class='ocrx_word' id='word_1_417' title='bbox 1946 2459 1959 2490; x_wconf 86' lang='lat'>1</span> 
     </span>
     <span class='ocr_line' id='line_1_41' title="bbox 228 2511 1967 2561; baseline -0.001 -13"><span class='ocrx_word' id='word_1_418' title='bbox 228 2523 258 2548; x_wconf 91' lang='lat' dir='ltr'>c.</span> <span class='ocrx_word' id='word_1_419' title='bbox 284 2518 357 2551; x_wconf 83' lang='lat'>35:</span> <span class='ocrx_word' id='word_1_420' title='bbox 395 2537 411 2554; x_wconf 64' lang='lat'>»</span> <span class='ocrx_word' id='word_1_421' title='bbox 424 2511 614 2548; x_wconf 90' lang='lat' dir='ltr'>Omnibus</span> <span class='ocrx_word' id='word_1_422' title='bbox 650 2511 855 2560; x_wconf 80' lang='lat' dir='ltr'>discipulis</span> <span class='ocrx_word' id='word_1_423' title='bbox 890 2511 973 2549; x_wconf 91' lang='lat' dir='ltr'>suis</span> <span class='ocrx_word' id='word_1_424' title='bbox 1008 2524 1077 2561; x_wconf 89' lang='lat' dir='ltr'>per</span> <span class='ocrx_word' id='word_1_425' title='bbox 1110 2513 1321 2557; x_wconf 85' lang='lat' dir='ltr'>hominem,</span> <span class='ocrx_word' id='word_1_426' title='bbox 1357 2524 1474 2561; x_wconf 90' lang='lat' dir='ltr'>quem</span> <span class='ocrx_word' id='word_1_427' title='bbox 1508 2511 1730 2560; x_wconf 83' lang='lat' dir='ltr'>assumpsit,</span> <span class='ocrx_word' id='word_1_428' title='bbox 1765 2513 1967 2558; x_wconf 84' lang='lat' dir='ltr'>tamquam</span> 
     </span>
     <span class='ocr_line' id='line_1_42' title="bbox 227 2568 1967 2623; baseline 0 -17"><span class='ocrx_word' id='word_1_429' title='bbox 227 2569 413 2607; x_wconf 88' lang='lat' dir='ltr'>membris</span> <span class='ocrx_word' id='word_1_430' title='bbox 436 2570 497 2607; x_wconf 92' lang='lat' dir='ltr'>sui</span> <span class='ocrx_word' id='word_1_431' title='bbox 518 2571 687 2619; x_wconf 87' lang='lat' dir='ltr'>corporis</span> <span class='ocrx_word' id='word_1_432' title='bbox 710 2572 827 2620; x_wconf 89' lang='lat' dir='ltr'>caput</span> <span class='ocrx_word' id='word_1_433' title='bbox 849 2573 910 2608; x_wconf 90' lang='lat' dir='ltr'>est</span> <span class='ocrx_word' id='word_1_434' title='bbox 932 2568 1156 2623; x_wconf 86' lang='lat' dir='ltr'>(Christus).</span> <span class='ocrx_word' id='word_1_435' title='bbox 1199 2570 1337 2619; x_wconf 88' lang='lat' dir='ltr'>Itaque</span> <span class='ocrx_word' id='word_1_436' title='bbox 1370 2583 1456 2608; x_wconf 92' lang='lat' dir='ltr'>cum</span> <span class='ocrx_word' id='word_1_437' title='bbox 1492 2570 1560 2608; x_wconf 88' lang='lat' dir='ltr'>isti</span> <span class='ocrx_word' id='word_1_438' title='bbox 1583 2569 1835 2618; x_wconf 88' lang='lat' dir='ltr'>scripserunt,</span> <span class='ocrx_word' id='word_1_439' title='bbox 1867 2581 1967 2617; x_wconf 85' lang='lat' dir='ltr'>quae</span> 
     </span>
     <span class='ocr_line' id='line_1_43' title="bbox 228 2627 1966 2679; baseline -0.001 -14"><span class='ocrx_word' id='word_1_440' title='bbox 228 2629 295 2666; x_wconf 90' lang='lat' dir='ltr'>ille</span> <span class='ocrx_word' id='word_1_441' title='bbox 327 2629 503 2666; x_wconf 86' lang='lat' dir='ltr'>ostendit</span> <span class='ocrx_word' id='word_1_442' title='bbox 534 2641 576 2666; x_wconf 88' lang='lat' dir='ltr'>ac</span> <span class='ocrx_word' id='word_1_443' title='bbox 608 2629 719 2673; x_wconf 80' lang='lat' dir='ltr'>dixit,</span> <span class='ocrx_word' id='word_1_444' title='bbox 752 2642 1002 2679; x_wconf 85' lang='lat' dir='ltr'>nequaquam</span> <span class='ocrx_word' id='word_1_445' title='bbox 1034 2630 1243 2667; x_wconf 89' lang='lat' dir='ltr'>dicendum</span> <span class='ocrx_word' id='word_1_446' title='bbox 1276 2632 1347 2675; x_wconf 86' lang='lat' dir='ltr'>est,</span> <span class='ocrx_word' id='word_1_447' title='bbox 1383 2630 1486 2678; x_wconf 92' lang='lat' dir='ltr'>quod</span> <span class='ocrx_word' id='word_1_448' title='bbox 1519 2629 1602 2678; x_wconf 90' lang='lat' dir='ltr'>ipse</span> <span class='ocrx_word' id='word_1_449' title='bbox 1632 2641 1711 2666; x_wconf 90' lang='lat' dir='ltr'>non</span> <span class='ocrx_word' id='word_1_450' title='bbox 1744 2627 1966 2676; x_wconf 83' lang='lat' dir='ltr'>scripserit:</span> 
     </span>
     <span class='ocr_line' id='line_1_44' title="bbox 228 2687 1969 2738; baseline -0.001 -13"><span class='ocrx_word' id='word_1_451' title='bbox 228 2687 544 2736; x_wconf 86' lang='lat' dir='ltr'>quandoquidem</span> <span class='ocrx_word' id='word_1_452' title='bbox 566 2689 740 2726; x_wconf 86' lang='lat' dir='ltr'>membra</span> <span class='ocrx_word' id='word_1_453' title='bbox 761 2689 846 2737; x_wconf 90' lang='lat' dir='ltr'>ejus</span> <span class='ocrx_word' id='word_1_454' title='bbox 861 2689 901 2726; x_wconf 91' lang='lat' dir='ltr'>id</span> <span class='ocrx_word' id='word_1_455' title='bbox 915 2691 1071 2738; x_wconf 87' lang='lat' dir='ltr'>operata</span> <span class='ocrx_word' id='word_1_456' title='bbox 1093 2690 1198 2733; x_wconf 84' lang='lat' dir='ltr'>sunt,</span> <span class='ocrx_word' id='word_1_457' title='bbox 1222 2689 1325 2737; x_wconf 92' lang='lat' dir='ltr'>quod</span> <span class='ocrx_word' id='word_1_458' title='bbox 1348 2689 1520 2726; x_wconf 87' lang='lat' dir='ltr'>dictante</span> <span class='ocrx_word' id='word_1_459' title='bbox 1542 2688 1668 2736; x_wconf 87' lang='lat' dir='ltr'>capite</span> <span class='ocrx_word' id='word_1_460' title='bbox 1683 2688 1969 2737; x_wconf 86' lang='lat' dir='ltr'>cognoverunt.</span> 
     </span>
     <span class='ocr_line' id='line_1_45' title="bbox 229 2745 1968 2797; baseline -0.001 -13"><span class='ocrx_word' id='word_1_461' title='bbox 229 2746 430 2795; x_wconf 82' lang='lat' dir='ltr'>Quidquid</span> <span class='ocrx_word' id='word_1_462' title='bbox 453 2747 556 2784; x_wconf 88' lang='lat' dir='ltr'>enim</span> <span class='ocrx_word' id='word_1_463' title='bbox 579 2747 646 2784; x_wconf 92' lang='lat' dir='ltr'>ille</span> <span class='ocrx_word' id='word_1_464' title='bbox 668 2747 715 2784; x_wconf 86' lang='lat' dir='ltr'>de</span> <span class='ocrx_word' id='word_1_465' title='bbox 738 2748 819 2785; x_wconf 89' lang='lat' dir='ltr'>suis</span> <span class='ocrx_word' id='word_1_466' title='bbox 842 2748 956 2785; x_wconf 86' lang='lat' dir='ltr'>factis</span> <span class='ocrx_word' id='word_1_467' title='bbox 981 2750 1020 2785; x_wconf 88' lang='lat' dir='ltr'>et</span> <span class='ocrx_word' id='word_1_468' title='bbox 1043 2748 1158 2789; x_wconf 84' lang='lat' dir='ltr'>dictis</span> <span class='ocrx_word' id='word_1_469' title='bbox 1191 2760 1261 2786; x_wconf 87' lang='lat' dir='ltr'>nos</span> <span class='ocrx_word' id='word_1_470' title='bbox 1282 2748 1414 2797; x_wconf 86' lang='lat' dir='ltr'>legere</span> <span class='ocrx_word' id='word_1_471' title='bbox 1443 2747 1585 2795; x_wconf 85' lang='lat' dir='ltr'>voluit,</span> <span class='ocrx_word' id='word_1_472' title='bbox 1617 2747 1689 2784; x_wconf 88' lang='lat' dir='ltr'>hoc</span> <span class='ocrx_word' id='word_1_473' title='bbox 1716 2745 1968 2783; x_wconf 86' lang='lat' dir='ltr'>scribendum</span> 
     </span>
     <span class='ocr_line' id='line_1_46' title="bbox 229 2804 1968 2856; baseline -0.001 -14"><span class='ocrx_word' id='word_1_474' title='bbox 229 2806 309 2843; x_wconf 89' lang='lat' dir='ltr'>illis</span> <span class='ocrx_word' id='word_1_475' title='bbox 331 2808 532 2854; x_wconf 83' lang='lat' dir='ltr'>tamquam</span> <span class='ocrx_word' id='word_1_476' title='bbox 556 2805 638 2843; x_wconf 90' lang='lat' dir='ltr'>suis</span> <span class='ocrx_word' id='word_1_477' title='bbox 661 2807 840 2844; x_wconf 89' lang='lat' dir='ltr'>manibus</span> <span class='ocrx_word' id='word_1_478' title='bbox 862 2807 1084 2856; x_wconf 87' lang='lat' dir='ltr'>imperavit.</span> <span class='ocrx_word' id='word_1_479' title='bbox 1126 2807 1210 2845; x_wconf 90' lang='lat' dir='ltr'>Hoc</span> <span class='ocrx_word' id='word_1_480' title='bbox 1230 2807 1395 2844; x_wconf 87' lang='lat' dir='ltr'>unitatis</span> <span class='ocrx_word' id='word_1_481' title='bbox 1417 2806 1654 2844; x_wconf 88' lang='lat' dir='ltr'>consortium</span> <span class='ocrx_word' id='word_1_482' title='bbox 1677 2807 1717 2843; x_wconf 90' lang='lat' dir='ltr'>et</span> <span class='ocrx_word' id='word_1_483' title='bbox 1738 2805 1780 2842; x_wconf 90' lang='lat' dir='ltr'>in</span> <span class='ocrx_word' id='word_1_484' title='bbox 1801 2804 1968 2842; x_wconf 88' lang='lat' dir='ltr'>diversis</span> 
     </span>
     <span class='ocr_line' id='line_1_47' title="bbox 231 2863 1967 2915; baseline -0.001 -13"><span class='ocrx_word' id='word_1_485' title='bbox 231 2864 370 2902; x_wconf 87' lang='lat' dir='ltr'>officiis</span> <span class='ocrx_word' id='word_1_486' title='bbox 392 2864 640 2902; x_wconf 87' lang='lat' dir='ltr'>concordium</span> <span class='ocrx_word' id='word_1_487' title='bbox 663 2865 929 2903; x_wconf 87' lang='lat' dir='ltr'>membrorum</span> <span class='ocrx_word' id='word_1_488' title='bbox 953 2866 1026 2904; x_wconf 82' lang='lat' dir='ltr'>sub</span> <span class='ocrx_word' id='word_1_489' title='bbox 1050 2879 1128 2904; x_wconf 92' lang='lat' dir='ltr'>uno</span> <span class='ocrx_word' id='word_1_490' title='bbox 1150 2866 1276 2915; x_wconf 86' lang='lat' dir='ltr'>capite</span> <span class='ocrx_word' id='word_1_491' title='bbox 1299 2865 1567 2903; x_wconf 87' lang='lat' dir='ltr'>ministerium</span> <span class='ocrx_word' id='word_1_492' title='bbox 1600 2864 1780 2913; x_wconf 90' lang='lat' dir='ltr'>quisquis</span> <span class='ocrx_word' id='word_1_493' title='bbox 1810 2863 1967 2901; x_wconf 87' lang='lat' dir='ltr'>intelle-</span> 
     </span>
     <span class='ocr_line' id='line_1_48' title="bbox 230 2922 1968 2973; baseline -0.001 -13"><span class='ocrx_word' id='word_1_494' title='bbox 230 2924 343 2970; x_wconf 81' lang='lat' dir='ltr'>xerit,</span> <span class='ocrx_word' id='word_1_495' title='bbox 377 2936 456 2961; x_wconf 90' lang='lat' dir='ltr'>non</span> <span class='ocrx_word' id='word_1_496' title='bbox 487 2923 603 2961; x_wconf 88' lang='lat' dir='ltr'>aliter</span> <span class='ocrx_word' id='word_1_497' title='bbox 635 2924 810 2972; x_wconf 86' lang='lat' dir='ltr'>accipiet,</span> <span class='ocrx_word' id='word_1_498' title='bbox 847 2925 951 2973; x_wconf 90' lang='lat' dir='ltr'>quod</span> <span class='ocrx_word' id='word_1_499' title='bbox 986 2925 1238 2962; x_wconf 88' lang='lat' dir='ltr'>narrantibus</span> <span class='ocrx_word' id='word_1_500' title='bbox 1273 2924 1476 2973; x_wconf 89' lang='lat' dir='ltr'>discipulis</span> <span class='ocrx_word' id='word_1_501' title='bbox 1509 2923 1651 2960; x_wconf 85' lang='lat' dir='ltr'>Christi</span> <span class='ocrx_word' id='word_1_502' title='bbox 1685 2923 1727 2960; x_wconf 87' lang='lat' dir='ltr'>in</span> <span class='ocrx_word' id='word_1_503' title='bbox 1756 2922 1968 2972; x_wconf 84' lang='lat' dir='ltr'>Evangelio</span> 
     </span>
     <span class='ocr_line' id='line_1_49' title="bbox 230 2981 1967 3032; baseline -0.001 -13"><span class='ocrx_word' id='word_1_504' title='bbox 230 2982 384 3032; x_wconf 87' lang='lat' dir='ltr'>legerit,</span> <span class='ocrx_word' id='word_1_505' title='bbox 418 2995 534 3031; x_wconf 89' lang='lat' dir='ltr'>quam</span> <span class='ocrx_word' id='word_1_506' title='bbox 567 2983 599 3019; x_wconf 93' lang='lat' dir='ltr'>si</span> <span class='ocrx_word' id='word_1_507' title='bbox 631 2982 756 3031; x_wconf 86' lang='lat' dir='ltr'>ipsam</span> <span class='ocrx_word' id='word_1_508' title='bbox 778 2996 939 3020; x_wconf 86' lang='lat' dir='ltr'>manum</span> <span class='ocrx_word' id='word_1_509' title='bbox 961 2983 1130 3029; x_wconf 90' lang='lat' dir='ltr'>Domini,</span> <span class='ocrx_word' id='word_1_510' title='bbox 1166 2997 1283 3032; x_wconf 85' lang='lat' dir='ltr'>quam</span> <span class='ocrx_word' id='word_1_511' title='bbox 1317 2983 1359 3020; x_wconf 91' lang='lat' dir='ltr'>in</span> <span class='ocrx_word' id='word_1_512' title='bbox 1392 2983 1549 3032; x_wconf 90' lang='lat' dir='ltr'>proprio</span> <span class='ocrx_word' id='word_1_513' title='bbox 1583 2994 1742 3031; x_wconf 89' lang='lat' dir='ltr'>corpore</span> <span class='ocrx_word' id='word_1_514' title='bbox 1775 2981 1967 3031; x_wconf 77' lang='lat' dir='ltr'>gestabat,</span> 
     </span>
     <span class='ocr_line' id='line_1_50' title="bbox 232 3039 1971 3094; baseline -0.001 -16"><span class='ocrx_word' id='word_1_515' title='bbox 232 3041 469 3079; x_wconf 88' lang='lat' dir='ltr'>scribentem</span> <span class='ocrx_word' id='word_1_516' title='bbox 492 3042 743 3090; x_wconf 87' lang='lat' dir='ltr'>conspexerit.</span> <span class='ocrx_word' id='word_1_517' title='bbox 755 3048 771 3064; x_wconf 77' lang='lat'>«</span> <span class='ocrx_word' id='word_1_518' title='bbox 817 3042 868 3079; x_wconf 78' lang='lat' dir='ltr'>Cf·</span> <span class='ocrx_word' id='word_1_519' title='bbox 893 3043 934 3079; x_wconf 89' lang='lat' dir='ltr'>in</span> <span class='ocrx_word' id='word_1_520' title='bbox 956 3043 1016 3079; x_wconf 88' lang='lat' dir='ltr'>Ps.</span> <span class='ocrx_word' id='word_1_521' title='bbox 1035 3049 1071 3088; x_wconf 79' lang='grc'>8,</span> <span class='ocrx_word' id='word_1_522' title='bbox 1092 3043 1292 3082; x_wconf 76' lang='grc' dir='ltr'>7.-Νο0</span> <span class='ocrx_word' id='word_1_523' title='bbox 1314 3043 1444 3079; x_wconf 86' lang='lat' dir='ltr'>minus</span> <span class='ocrx_word' id='word_1_524' title='bbox 1466 3042 1662 3090; x_wconf 84' lang='lat' dir='ltr'>praeclare</span> <span class='ocrx_word' id='word_1_525' title='bbox 1685 3039 1971 3094; x_wconf 61' lang='lat' dir='ltr'>Gregorius</span> 
     </span>
    </p>
   </div>
  </div>
 </body>
</html>
