2175 3382
211 160 225 181 .-
241 159 294 181 -)·)
731 152 848 186 Tract.
870 152 928 186 lV.
947 151 990 185 de
1010 151 1088 185 fide.
1108 150 1201 192 Quid
1220 151 1423 184 revelatum

209 173 290 198 ..i-.-

209 276 350 314 dinvm.
375 286 451 312 non
474 275 616 323 poti-rit
640 287 723 312 esse
747 288 866 323 super
888 274 1017 312 omnia
1039 276 1187 318 firmus,
1211 273 1373 322 ideoque
1394 285 1472 310 non
1494 273 1570 310 erit
1591 275 1701 310 aetus
1723 273 1812 310 fidei
1833 273 1942 311 theo·

211 335 364 382 logicae,
390 334 435 370 de
458 347 534 382 qua
558 335 617 370 hit·
642 334 849 383 loquimur,
874 334 939 371 sed
964 338 1074 371 actus
1092 334 1205 381 juxta
1226 332 1458 381 prudentiae
1482 332 1637 381 regulas
1658 330 1688 384 ¹)

326 417 421 456 2301.
445 413 556 463 Quid
579 413 797 453 revelatum
821 414 975 453 censeri
993 413 1136 466 possit.
1162 437 1218 441 —
1241 411 1459 452 Revelatio
1483 422 1582 463 ergo
1605 416 1670 452 est
1691 410 1943 464 principium

209 485 524 525 constitutivum
549 484 803 539 (materiale)
828 490 867 524 et
892 483 1036 536 regula
1059 483 1154 523 fidei
1176 482 1434 523 catholicae:
1468 482 1543 523 sed
1571 482 1669 535 quia
1690 493 1766 534 per
1787 493 1833 523 se
1856 494 1943 523 non

207 555 358 595 suflicit
380 555 433 595 ad
458 554 580 595 tidem
597 555 852 596 catholicam
867 555 957 595 sine
971 554 1185 594 Ecclesiae
1202 553 1504 606 propositione.
1528 557 1592 594 est
1613 552 1757 604 regula
1778 550 1943 594 tantum

207 630 436 673 remota;
470 625 682 667 Ecclesiae
715 638 815 666 vero
849 625 1082 678 propositio
1106 624 1251 677 regula
1273 624 1477 665 directiva
1509 628 1551 664 et
1581 624 1840 676 proxima.
1883 621 1943 664 De

206 702 384 749 utraque
407 697 550 748 regula
575 697 778 737 nonnulla
801 702 898 737 sunt
921 696 1111 739 dicenda.
1142 694 1190 736 Ut
1214 695 1313 748 quid
1337 694 1417 735 fide
1440 695 1653 735 catholica
1674 694 1788 735 credi
1811 694 1945 746 possit

206 779 256 808 ac
279 767 444 813 debeat,
468 779 643 808 necesse
667 773 729 808 est
752 768 793 807 in
817 768 961 819 primis
985 779 1036 808 ex
1059 767 1192 813 dictis,
1214 771 1260 807 ut
1281 766 1516 807 christiana
1530 765 1800 806 contineatur
1821 776 1942 806 reve-

205 838 374 886 latione,
397 851 505 891 quae
528 838 902 890 comprehenditur
917 837 1047 879 verbo
1063 837 1137 879 Dei
1159 838 1317 890 scripto
1341 843 1383 878 et
1404 837 1572 885 tradito,
1595 841 1641 877 ut
1662 841 1710 877 tr.
1732 835 1776 876 11.
1799 841 1943 877 osten-

205 909 353 951 dimus,
398 907 480 950 Sed
508 909 597 961 jam
632 910 765 949 oritur
788 909 982 962 quaestio
1006 909 1201 961 implexa,
1230 907 1508 961 quoadusque
1531 907 1733 948 revelatio
1766 919 1812 948 se
1843 919 1944 960 por-

205 979 322 1031 rigat,
356 992 465 1032 quae
498 981 641 1020 omnia
675 986 716 1021 et
747 980 910 1032 singula
942 979 1132 1021 revelata
1164 980 1328 1020 censeri
1351 980 1525 1032 possint.
1568 978 1650 1020 Pro
1683 978 1945 1032 quaestionis

204 1050 414 1091 solutione
437 1051 544 1091 haec
567 1063 669 1103 prae
694 1052 827 1092 oculis
850 1050 1110 1092 habeantur:

326 1122 365 1164 1.
390 1120 543 1162 Form
558 1122 724 1163 aliter
746 1122 981 1163 revelatum
1005 1122 1103 1162 illud
1129 1122 1292 1162 dicitur.
1325 1120 1440 1174 quod
1463 1121 1556 1174 ipsa
1577 1121 1792 1162 locutione
1814 1120 1943 1173 signi-

205 1192 353 1232 ficatur
385 1204 459 1233 seu
492 1193 605 1245 quod
640 1206 663 1232 a
695 1193 895 1246 loquente
928 1193 1080 1234 dicitur
1111 1193 1150 1233 vi
1181 1192 1500 1245 significationis
1523 1192 1801 1233 terminorum
1821 1191 1943 1243 juxta

205 1274 375 1303 sensum
399 1263 453 1303 ab
477 1264 568 1316 ipso
592 1264 799 1304 intentum
825 1269 867 1304 et
890 1264 1157 1304 manifestam
1182 1264 1273 1316 ejus
1295 1263 1587 1306 intentionem.
1630 1262 1825 1304 Revelari
1856 1261 1942 1303 for-

204 1334 370 1374 maliter
392 1340 531 1386 potest
555 1335 695 1388 aliqua
718 1337 875 1376 veritas
898 1335 964 1376 vel
986 1349 1029 1378 a.
1054 1334 1341 1387 explicite,
1371 1335 1406 1374 si
1429 1346 1525 1375 eam
1548 1334 1717 1375 termini
1738 1345 1814 1386 per
1835 1344 1942 1382 sese,

204 1405 459 1454 immediate,
482 1406 596 1446 clare
619 1408 867 1453 enunciant;
899 1405 964 1445 vel
987 1407 1033 1449 b.
1057 1406 1122 1446 im
1138 1404 1355 1457 plicite,
1388 1404 1717 1457 aequivalenter,
1749 1416 1825 1458 per
1846 1416 1943 1446 ver-

204 1475 355 1517 borum
371 1476 792 1528 adsignificationem,
815 1477 850 1517 si
873 1477 958 1517 scil.
974 1477 1216 1517 continetur
1239 1477 1280 1516 in
1304 1476 1496 1528 explicite
1512 1476 1702 1516 revelato
1725 1488 1801 1528 per
1822 1475 1944 1517 iden-

202 1547 367 1588 titatem
391 1547 548 1588 realem
572 1552 613 1588 et
635 1547 816 1599 logicam
839 1548 928 1588 sive
950 1547 1127 1588 totalem
1151 1548 1239 1588 sive
1255 1546 1491 1599 partialem,
1513 1558 1589 1587 seu
1611 1547 1670 1587 ita
1691 1552 1738 1588 ut
1759 1547 1850 1588 sine
1872 1546 1944 1588 illa

202 1618 434 1669 propositio
470 1618 664 1670 explicite
700 1618 889 1659 revelata
924 1618 1098 1670 intelligi
1133 1623 1327 1671 nequeat.
1381 1617 1442 1658 Ita
1477 1630 1573 1658 cum
1607 1617 1843 1658 revelatum
1879 1621 1943 1658 est

204 1686 415 1730 Christum
443 1701 536 1729 esse
567 1690 798 1733 hominem,
831 1689 1065 1730 formaliter
1087 1690 1281 1741 explicite
1305 1689 1541 1730 revelatum
1564 1694 1639 1737 est,
1672 1700 1770 1730 eum
1791 1700 1943 1730 revera

203 1770 296 1800 esse
319 1759 535 1800 hominem
559 1771 634 1800 seu
657 1759 699 1799 id
722 1759 835 1812 quod
858 1760 1041 1800 hominis
1064 1760 1236 1800 nomine
1259 1759 1490 1812 intelligere
1513 1759 1718 1808 solemus;
1740 1759 1943 1813 implicite

202 1841 314 1879 vero,
347 1842 443 1870 eum
476 1841 569 1871 esse
601 1831 759 1871 animal
790 1831 1012 1880 rationale,
1043 1835 1242 1871 constare
1275 1831 1420 1871 anima
1446 1837 1488 1871 et
1516 1843 1720 1883 corpore3
1751 1831 1787 1871 si
1817 1842 1942 1872 reve-

200 1900 333 1941 latum
357 1906 430 1942 est.
454 1902 495 1941 in
520 1902 669 1942 divinis
693 1913 791 1942 vere
815 1913 909 1942 esse
930 1901 1094 1950 Filium,
1116 1902 1329 1953 implicite,
1352 1901 1428 1942 sed
1451 1901 1683 1942 formaliter
1704 1902 1941 1943 revelatum

202 1976 274 2013 est.
299 1984 392 2012 esse
416 1978 456 2013 et
478 1971 658 2013 Patrem.

318 2044 362 2086 2.
386 2042 488 2083 Illud
519 2043 671 2084 dicitur
701 2043 1024 2084 virtualiter
1058 2055 1134 2084 seu
1156 2043 1340 2084 mediate
1363 2047 1528 2084 tantum
1550 2042 1796 2091 revelatum,
1828 2043 1943 2096 quod

199 2125 287 2153 non
319 2118 383 2154 est
413 2114 646 2155 formaliter
677 2114 790 2155 idem
813 2126 909 2155 cum
932 2114 1134 2163 revelato,
1167 2114 1242 2155 sed
1275 2126 1325 2155 eo
1359 2120 1526 2155 tantum
1557 2115 1800 2155 continetur
1829 2121 1940 2156 tam-

200 2197 329 2237 quam
351 2185 394 2225 in
415 2185 633 2237 principio,
657 2197 801 2233 causa,
823 2185 979 2235 radice,
1006 2185 1072 2226 vel
1095 2185 1154 2226 ita
1177 2197 1274 2226 cum
1297 2197 1348 2226 eo
1372 2185 1651 2234 connectitur,
1672 2191 1720 2226 ut
1740 2198 1816 2238 per
1836 2186 1940 2239 legi-

199 2255 347 2295 timam
371 2256 722 2308 consequentiam
745 2257 989 2298 necessario
1013 2256 1112 2297 inde
1134 2257 1271 2309 possit
1293 2256 1437 2297 inferri
1455 2259 1500 2312 2).

319 2327 361 2368 3.
384 2326 444 2367 De
467 2327 631 2367 ratione
655 2327 962 2368 locutionis
983 2339 1060 2369 seu
1081 2328 1365 2376 revelationis,
1389 2333 1600 2380 quatenus
1614 2339 1710 2368 cum
1725 2327 1941 2370 locutione

198 2395 490 2442 identificatur,
514 2403 587 2445 est,
610 2403 657 2438 ut
678 2398 897 2439 ordinetur
918 2411 994 2451 per
1016 2411 1062 2440 se
1085 2404 1126 2440 et
1147 2399 1392 2440 immediate
1415 2398 1470 2439 ad
1486 2399 1842 2440 manifestandam
1865 2399 1939 2440 ali-

199 2467 266 2506 cui
287 2466 497 2520 loquentis
520 2474 722 2509 mentem.
773 2468 906 2520 „Nihil
929 2471 1041 2511 enim
1066 2470 1179 2511 aliud
1212 2475 1276 2511 est
1300 2469 1417 2522 loqui
1439 2469 1494 2510 ad
1516 2470 1709 2518 alterum,
1740 2470 1876 2522 inquit
1906 2482 1939 2513 S.

198 2536 429 2578 Thomas
455 2543 489 2581 1.
513 2552 549 2591 p.
574 2552 609 2592 q.
640 2544 720 2584 1οῖ
747 2552 784 2582 a.
812 2547 845 2589 1,
869 2553 999 2593 quam
1022 2546 1276 2593 conceptum
1300 2540 1454 2581 mentis
1477 2540 1599 2581 alteri
1621 2540 1931 2584 manifestare.“

197 2607 300 2648 lllud
334 2620 433 2660 ergo
468 2614 633 2650 tantum
670 2615 842 2662 propter
873 2612 1181 2652 revelationem
1215 2623 1291 2652 seu
1325 2611 1586 2653 locutionem
1618 2611 1791 2652 alterius
1823 2611 1938 2652 credi

342 2743 553 2788 1)Cf.ssen
566 2755 584 2778 e
598 2745 734 2779 dictu
747 2758 761 2779 5
779 2746 875 2781 XIV.
895 2747 939 2781 de
954 2748 1120 2783 canoniz.
1136 2747 1233 2784 SS.1.
1249 2751 1269 2781 2
1285 2757 1313 2782 e.
1328 2750 1372 2782 32
1391 2759 1426 2782 n.
1446 2750 1496 2787 ll,
1516 2747 1579 2790 qui
1598 2746 1621 2780 1.
1641 2750 1662 2781 3
1680 2757 1709 2781 c.
1728 2750 1770 2781 51
1789 2746 1938 2791 regulas

198 2797 352 2831 exhibet
369 2797 581 2831 dicernendi
599 2799 694 2832 inter
712 2799 957 2833 revelationes
975 2801 1156 2844 genuinas
1174 2801 1211 2833 et
1231 2801 1387 2844 spurias,
1405 2800 1502 2833 sicut
1520 2803 1558 2834 et
1576 2802 1653 2833 Am
1665 2810 1685 2833 0
1697 2805 1741 2834 rt
1758 2800 1798 2833 in
1815 2810 1874 2843 op.
1893 2800 1938 2833 de

195 2850 499 2890 revelationibus,
519 2850 722 2884 visionibus
741 2855 778 2885 et
797 2853 1090 2895 apparitionibus
1105 2854 1262 2897 privatis
1279 2853 1431 2896 regulae
1443 2852 1548 2886 tutae
1571 2861 1613 2886 ex
1629 2852 1841 2898 Scripturis,
1855 2863 1938 2886 con-

197 2904 302 2944 ciliis,
323 2915 368 2937 ss.
387 2904 557 2949 patribus
575 2904 732 2948 aliisque
760 2906 912 2948 optimis
939 2907 1153 2940 auctoribus
1180 2907 1366 2948 collectae,
1394 2905 1602 2950 explicatae
1629 2908 1742 2950 atque
1761 2905 1937 2950 exemplis

194 2956 414 2997 illustratae,
431 2958 623 3002 Augustae
642 2957 683 2991 V.
706 2960 806 2994 1744.

341 3013 365 3052 Ξ)
383 3010 437 3045 Cf.
456 3010 570 3044 Kilb
583 3021 629 3044 er
647 3011 685 3044 in
702 3011 815 3044 theol.
835 3011 1054 3057 wirceburg.
1066 3014 1094 3047 t.
1105 3018 1128 3046 4
1140 3012 1184 3047 de
1199 3012 1401 3046 virtutibus
1415 3011 1527 3046 theol.
1544 3011 1636 3056 disp.
1652 3015 1672 3045 2
1687 3022 1716 3048 c,
1736 3017 1773 3050 1;
1793 3012 1838 3046 de
1851 3012 1935 3046 sub-

196 3063 258 3096 tili
277 3063 488 3097 discrimine
506 3063 604 3097 inter
621 3062 849 3097 locution
863 3074 929 3098 em
947 3067 982 3099 et
1001 3065 1364 3100 revelationem
1383 3065 1426 3099 cf.
1442 3065 1486 3099 de
1504 3066 1634 3110 Lugo
1653 3065 1746 3109 disp.
1764 3069 1779 3099 1
1805 3064 1851 3099 de
1864 3065 1937 3099 fide

196 3118 280 3152 sect.
304 3119 356 3150 10.
