2175 3382
784 99 1004 134 naturaliter
1021 100 1194 144 explicari
1215 99 1356 143 nequit.
1855 106 1939 148 353

207 223 340 260 dorem
351 222 588 260 redundasse
599 223 640 260 in
651 222 805 260 Urbem.
828 223 928 260 Hinc
950 235 978 259 s.
1003 221 1278 260 Columban
1294 233 1349 258 us
1371 220 1568 259 Bonifatio
1583 223 1645 260 IV.
1660 220 1701 276 (†
1718 221 1818 274 615)
1840 236 1898 272 ep.
1915 231 1937 264 5

207 294 246 320 n.
275 288 324 322 10
347 283 538 318 testatur:
563 308 580 325 »
593 281 670 318 Nos
692 281 809 328 enim,
833 284 879 319 ut
900 284 989 319 ante
1012 281 1103 322 dixi,
1127 279 1299 317 devincti
1322 292 1458 316 sumus
1481 281 1684 319 cathedrae
1699 282 1826 319 Petri:
1848 282 1942 320 licet

207 340 309 378 enim
332 340 452 378 Roma
473 353 614 389 magna
635 342 696 377 est
718 341 888 390 vulgata,
921 352 1011 389 per
1040 340 1191 377 istam
1222 337 1518 375 cathedram
1550 342 1707 377 tantum
1737 341 1842 389 apud
1871 353 1940 379 nos

206 401 267 436 est
287 412 429 449 magna
449 402 487 436 et
510 400 611 436 clara
630 398 700 449 1).«
743 400 878 437 Patres
912 411 1014 444 vero,
1048 398 1210 436 concilia
1241 399 1280 434 et
1301 396 1376 445 ipsi
1409 398 1612 445 pontifices
1645 411 1723 436 non
1754 400 1802 436 ad
1831 400 1941 437 urbis

206 458 451 506 majestatem
473 459 685 507 provocant
705 471 775 507 pro
797 458 1005 496 asserendo
1039 458 1166 507 ipsius
1202 455 1373 505 episcopi
1403 456 1588 504 primatu,
1622 457 1687 494 sed
1721 458 1768 494 ad
1800 458 1941 496 Christi

206 517 346 554 verba:
373 517 430 554 Tu
450 529 488 554 es
510 516 645 553 Petrus
666 519 736 555 etc.
780 517 896 554 Urbis
920 518 1107 565 splendor
1128 518 1168 554 et
1189 515 1370 563 majestas
1392 514 1494 551 ratio
1517 527 1600 552 esse
1634 516 1778 564 potuit,
1813 530 1883 554 eur
1913 530 1940 554 s.

207 576 348 613 Petrus
371 588 441 613 seu
461 575 592 613 verius
614 575 790 613 Christus
812 589 881 624 per
903 588 1020 613 suum
1040 575 1231 613 vicarium
1266 573 1328 610 hic
1350 573 1484 622 potius
1506 574 1679 611 voluerit
1709 588 1826 622 quam
1848 576 1942 613 alibi

207 634 336 672 sedem
358 635 551 683 primatus
573 634 700 683 figere,
736 635 799 672 sed
824 647 1028 684 nunquam
1049 634 1149 671 ratio
1172 634 1256 670 erat
1278 638 1317 669 et
1338 632 1423 669 fons
1445 632 1569 680 ipsius
1601 633 1808 681 primatus.
1853 634 1941 672 Huc

207 693 345 731 referri
367 694 511 731 debent
531 694 727 741 praeclara
750 706 777 733 s,
801 694 998 732 Gelasii
1031 705 1153 742 papae
1183 691 1304 729 verba
1334 691 1375 728 in
1406 691 1519 740 epist.
1545 698 1595 731 26
1630 692 1678 728 ad
1709 692 1824 740 episc.
1847 693 1940 730 Dar-

210 752 346 790 daniae
367 765 404 789 n.
432 760 503 792 10:
540 752 740 796 „Risimus
762 757 905 798 autem,
931 753 1035 801 quod
1058 750 1372 802 praerogativam
1393 750 1534 787 volunt
1556 751 1696 788 Acacio
1719 752 1941 800 comparari,

207 811 300 859 quia
320 811 521 860 episcopus
542 811 662 850 fuerit
682 825 732 849 re
744 812 825 861 gia
838 825 857 849 e
880 812 1053 850 civitatis
1077 806 1479 862 (Constantinopolis).
1520 809 1722 858 Numquid
1744 810 1847 858 apud
1863 810 1942 848 Me-

207 870 417 914 diolanum,
439 870 541 919 apud
562 869 797 916 Ravennam,
833 871 936 919 apud
959 871 1156 915 Sirmium,
1191 868 1298 917 apud
1321 868 1499 905 Treviros
1529 870 1667 906 multis
1697 869 1942 917 temporibus

206 941 285 966 non
306 929 486 967 constitit
506 929 745 977 imperator?
779 931 1076 979 Numquidnam
1106 929 1246 966 harum
1271 926 1430 964 urbium
1454 928 1675 965 sacerdotes
1696 928 1804 965 ultra
1834 941 1942 966 men-

207 1000 337 1026 suram
359 988 517 1025 sibimet
537 990 759 1038 antiquitus
781 989 1010 1038 deputatam
1031 988 1232 1037 quidpiam
1257 986 1339 1023 suis
1372 986 1637 1035 dignitatibus
1670 990 1942 1035 usurparunt?

209 1077 216 1083 .
240 1076 248 1084 .
271 1076 280 1084 .
301 1048 401 1084 Nam
423 1048 526 1095 quod
549 1047 680 1086 dicitis
702 1048 877 1098 regiae
901 1049 1084 1093 civitatis,
1116 1047 1192 1084 alia
1213 1047 1389 1094 potestas
1412 1047 1473 1082 est
1494 1045 1607 1094 regni
1638 1046 1835 1091 secularis,
1868 1046 1944 1083 alia

207 1106 559 1143 ecclesiasticarum
599 1108 829 1145 distributio
863 1108 1114 1157 dignitatum.
1158 1105 1268 1142 Sicut
1301 1103 1405 1140 enim
1440 1104 1619 1152 quamvis
1654 1118 1772 1153 parva
1805 1105 1942 1143 civitas

206 1165 516 1214 praerogativam
538 1167 751 1214 praesentis
772 1167 884 1216 regni
906 1180 983 1204 non
1005 1165 1162 1209 minuit,
1187 1163 1243 1200 sic
1257 1162 1471 1211 imperialis
1486 1164 1707 1212 praesentia
1720 1176 1944 1201 mensuram

207 1223 509 1273 dispensationis
530 1226 736 1275 religiosae
757 1237 837 1263 non
858 1227 998 1265 mutat..
1034 1225 1092 1262 Sit
1114 1224 1216 1261 clara
1236 1222 1301 1259 vel
1322 1221 1417 1258 urbs
1433 1222 1502 1258 illa
1515 1225 1712 1271 potestate
1726 1223 1943 1271 praesentis

206 1283 374 1331 imperii.
397 1283 537 1332 religio
560 1285 632 1321 sub
656 1285 792 1322 eodem
813 1288 909 1322 tunc
930 1284 1050 1329 firma,
1073 1285 1170 1320 tunc
1193 1281 1327 1326 libera,
1363 1283 1458 1318 tunc
1480 1287 1664 1329 provecta
1686 1282 1876 1328 consistit,
1910 1282 1943 1319 si

207 1341 344 1390 potius
364 1342 437 1379 hoc
457 1347 662 1391 praesente
683 1344 881 1392 propriam
912 1345 1046 1381 teneat
1067 1343 1149 1380 sine
1172 1341 1255 1378 ulla
1275 1340 1574 1387 perturbatione
1595 1353 1828 1378 mensuram.
1869 1341 1943 1378 Po-

208 1403 351 1438 stremo
374 1404 414 1438 et
437 1401 514 1438 sibi
537 1402 584 1439 (le
605 1403 853 1451 imperatoris
875 1402 1096 1451 praesentia
1117 1399 1378 1438 blandiuntur
1409 1402 1449 1436 et
1479 1399 1570 1436 inde
1592 1405 1733 1448 putant
1758 1400 1826 1437 GP.
1850 1400 1943 1437 civi—

207 1459 303 1497 tatis
326 1460 496 1509 episcopi
519 1461 713 1510 potiorem
734 1462 817 1499 fieri
839 1474 952 1510 posse
974 1473 1193 1510 personam,
1219 1457 1383 1495 audiant
1396 1458 1631 1495 Marcianum
1649 1459 1820 1507 ejusdem
1834 1460 1943 1508 prin-

208 1518 331 1567 cipem
354 1519 537 1563 civitatis,
561 1522 814 1569 posteaquam
837 1533 906 1569 pro
929 1523 1140 1570 augmento
1170 1517 1284 1555 urbis
1316 1517 1441 1565 ipsius
1472 1518 1684 1555 sacerdotis
1714 1518 1945 1556 intercessor

208 1577 392 1615 accedens
415 1577 537 1629 (iuter
558 1592 616 1628 ep.
639 1579 778 1617 Leonis
810 1576 906 1631 100)
931 1583 1068 1617 contra
1088 1577 1247 1627 regulas
1269 1576 1448 1614 obtinere
1478 1577 1580 1613 nihil
1609 1577 1752 1625 potuit,
1789 1582 1944 1616 sanctae

208 1638 415 1674 memoriae
435 1650 575 1686 papam
596 1639 762 1676 Leonem
786 1639 949 1676 summis
972 1638 1157 1676 laudibus
1172 1639 1438 1685 prosecutum,
1463 1636 1567 1684 quod
1582 1648 1775 1673 canonum
1789 1637 1944 1686 regulas

207 1695 348 1733 violari
369 1696 481 1733 nulla
503 1697 622 1735 fuerit
642 1698 792 1735 ratione
813 1710 1022 1746 perpessus
1046 1695 1121 1749 (ep.
1148 1693 1262 1747 110).
1305 1695 1483 1732 Audiant
1505 1696 1734 1733 Anatolium
1757 1694 1833 1748 (ep.
1862 1702 1940 1737 132

208 1766 238 1795 c.
264 1753 304 1804 4)
327 1754 501 1792 eiusdem
524 1756 625 1794 sedis
659 1757 878 1794 antistitem
911 1757 1059 1794 clerum
1090 1755 1224 1804 potius
1256 1754 1726 1803 constantinopolitanum
1759 1768 1871 1804 quam
1903 1768 1944 1793 se

207 1816 380 1851 tentasse
402 1814 497 1851 talia
519 1815 767 1853 confitentem
789 1817 907 1863 atque
928 1816 970 1852 in
993 1812 1197 1864 apostolici
1227 1813 1419 1862 praesulis
1449 1816 1580 1850 totum
1612 1814 1806 1851 dicentem
1837 1814 1942 1863 posi—

207 1874 295 1910 tum
315 1875 531 1921 potestate;
566 1874 697 1922 ipsum
731 1874 766 1912 b.
788 1888 928 1923 papam
961 1875 1131 1911 Leonem
1166 1872 1268 1910 sedis
1302 1872 1533 1921 apostolicae
1566 1874 1797 1921 praesulem,
1832 1876 1944 1921 cujus

209 1931 383 1980 synodus
405 1931 720 1970 chalcedonensis
743 1933 976 1971 auctoritate
998 1934 1149 1970 firmata
1169 1934 1240 1976 est,
1264 1931 1459 1980 quidquid
1475 1931 1590 1977 ultra,
1614 1944 1732 1979 quam
1746 1933 1794 1969 ab
1808 1933 1943 1970 eodem

207 2002 278 2038 pro
303 1990 376 2028 fide
398 1993 437 2028 et
458 1992 731 2029 communione
753 1993 943 2030 catholica
964 1995 1082 2040 atque
1106 1990 1318 2040 apostolica
1338 1991 1421 2027 illic
1443 1990 1639 2039 agendum
1652 1995 1848 2029 constaret
1861 2004 1944 2029 esse

208 2049 443 2099 delegatum,
466 2062 536 2098 per
549 2051 784 2088 occasionem
807 2051 1119 2101 congregationis
1141 2050 1250 2087 illius
1272 2053 1428 2098 praeter
1449 2052 1631 2087 nicaenos
1654 2061 1818 2088 canones
1844 2063 1944 2088 nova

208 2108 408 2145 videretur
440 2109 592 2146 actione
624 2112 835 2155 tentatum,
870 2109 1108 2158 competenti
1139 2108 1379 2146 refutatione
1413 2119 1596 2146 vacuasse
1632 2108 1708 2161 (ep.
1740 2110 1835 2154 106)
1871 2114 1941 2147 etc.

209 2167 339 2215 Atque
360 2167 446 2204 ideo
467 2180 546 2205 non
567 2169 614 2205 ad
638 2169 809 2206 civitatis
831 2169 1045 2217 cujuslibet
1066 2168 1275 2216 respiciant
1305 2168 1550 2216 qualitatem,
1583 2168 1650 2205 sed
1671 2167 1832 2205 modum
1863 2169 1941 2206 dis-

208 2226 449 2274 pensationis
471 2228 750 2265 ecclesiasticae
771 2230 934 2277 paterna
954 2227 1164 2265 traditione
1185 2226 1383 2264 firmatum
1405 2226 1681 2264 convenienter
1694 2226 1940 2265 observent<

209 2284 261 2322 Cf.
284 2285 400 2322 etiam
432 2297 459 2322 s.
483 2286 665 2331 Leonis
696 2299 754 2335 ep.
786 2294 861 2328 104
894 2285 999 2340 (cum
1032 2286 1355 2335 praecedentibus
1388 2297 1498 2333 opus.
1520 2285 1634 2331 XXV,
1668 2284 1817 2339 XXVI.)
1840 2298 1870 2324 e.
1895 2293 1940 2327 3:

210 2355 322 2381 serm.
347 2349 398 2383 82
423 2356 454 2381 c.
479 2351 523 2388 33
546 2345 792 2383 Maximus
813 2348 914 2383 taur.
938 2346 1039 2384 hom.
1066 2351 1129 2385 72.
1686 2390 1689 2391 ⁷

327 2403 426 2439 Neve
447 2401 490 2442 3.
514 2404 759 2442 adscribatur
775 2407 970 2453 primatus
982 2405 1129 2441 dotibus
1147 2403 1412 2452 personalibus
1433 2414 1686 2440 romanorum
1702 2406 1940 2452 praesulum.

208 2461 255 2498 In
276 2461 416 2509 primis
438 2462 543 2499 enim
565 2464 788 2511 quaerimus
810 2464 857 2501 ab
876 2463 1126 2511 adversariis,
1150 2462 1254 2500 unde
1276 2461 1423 2498 factum
1445 2461 1509 2508 sit,
1533 2465 1579 2499 ut
1600 2462 1642 2500 in
1666 2463 1734 2500 hac
1754 2463 1838 2512 ipsa
1852 2464 1941 2502 sede

210 2519 381 2557 sederint
402 2523 462 2557 tot
483 2521 656 2570 episcopi
680 2520 741 2575 (ex
763 2523 1075 2560 adversariorum
1097 2521 1293 2559 sententia
1313 2521 1582 2571 usurpatores)
1617 2521 1710 2559 adeo
1733 2523 1940 2570 praeclaris

210 2578 368 2616 dotibus
389 2579 592 2629 insignes?
624 2581 760 2629 Neque
781 2582 996 2630 antiquitas
1018 2580 1232 2618 christiana
1252 2580 1351 2616 hanc
1371 2580 1564 2618 rationem
1593 2581 1767 2619 reddidit
1795 2582 1939 2630 prima-

208 2639 275 2674 tus
296 2639 448 2675 romani
470 2639 654 2688 episcopi,
679 2641 744 2677 sed
766 2641 1107 2689 supernaturalem
1129 2652 1173 2676 ex
1195 2639 1400 2676 voluntate
1415 2639 1558 2676 Christi
1572 2640 1749 2688 petitam,
1771 2644 1820 2679 ut
1840 2641 1940 2678 iufra

209 2709 247 2732 n.
272 2702 354 2737 373
377 2697 608 2736 videbimus.
651 2699 798 2736 Deinde
819 2701 952 2748 plures
977 2702 1067 2736 ante
1088 2710 1198 2735 suam
1221 2697 1450 2735 electionem
1486 2702 1597 2737 erant
1620 2700 1705 2736 orbi
1727 2701 1939 2738 christiano

210 2754 356 2803 ignoti:
388 2768 478 2805 ergo
501 2757 612 2794 dotes
635 2758 858 2806 personales
890 2759 1039 2807 pariter
1068 2756 1225 2807 ignotae
1254 2757 1354 2795 ratio
1385 2756 1558 2805 ipsorum
1589 2759 1834 2797 auctoritatis
1866 2759 1939 2795 dici

209 2816 424 2861 nequeunt.
467 2814 567 2859 Quid
588 2816 692 2864 quod
716 2818 792 2854 Deo
814 2817 1066 2865 permittente
1087 2815 1308 2866 contigerit,
1340 2819 1386 2854 ut
1417 2817 1539 2865 aliqui
1560 2817 1723 2856 maculis
1745 2818 1848 2855 haud
1878 2829 1937 2854 ca-

208 2872 390 2910 ruerint?
423 2873 509 2912 Scil.
539 2875 641 2912 sicut
662 2876 766 2913 Deus
797 2876 937 2921 noluit,
970 2879 1016 2912 ut
1046 2875 1209 2923 apostoli
1240 2875 1459 2913 eminerent
1490 2876 1647 2913 dotibus
1680 2877 1936 2919 naturalibus,

212 2930 384 2977 scientia,
405 2933 637 2980 eloquentia,
672 2934 823 2972 divitiis
851 2936 934 2980 etc,
966 2947 1014 2971 ne
1036 2934 1236 2972 conversio
1257 2935 1395 2972 mundi
1418 2934 1477 2972 his
1497 2935 1630 2984 potius
1652 2935 1938 2973 adscriberetur

357 3057 381 3102 ¹)
399 3056 449 3092 Cf.
469 3058 515 3092 W
527 3058 539 3092 i
551 3069 568 3092 e
580 3070 596 3092 s
608 3068 655 3092 er
667 3086 674 3100 ,
702 3059 768 3093 Die
785 3058 959 3093 L'nfehlb.
978 3058 1040 3093 des
1058 3060 1212 3104 Papstes
1239 3060 1314 3094 und
1341 3060 1399 3094 die
1418 3060 1639 3094 Miinchener
1657 3060 1799 3104 Erwiig.
1824 3072 1860 3104 p.
1878 3063 1935 3093 44.

353 3128 374 3153 Η
387 3136 404 3153 u
415 3131 474 3154 rte
485 3137 497 3154 r
509 3150 515 3160 ‚
536 3129 684 3162 Compend.
707 3130 857 3162 theologiae
879 3132 901 3161 Ι,
926 3130 956 3155 10
987 3130 1030 3156 ed.
1657 3122 1700 3154 '23
