2175 3382
246 140 329 178 f,14
592 133 710 165 'li-avt.
736 132 792 164 lv.
813 132 857 164 (le
877 131 958 165 fide.
979 130 1107 164 Thesis
1130 129 1299 163 Lxxxv.
1323 129 1426 163 Fides
1445 130 1624 163 rationem

246 252 615 293 ;1‹·t·01ninmlatuni
640 251 768 291 homo
792 250 1014 302 complecti
1040 248 1298 301 prohibetur.
1342 247 1430 288 Imo
1454 248 1592 300 potius
1611 248 1784 300 juvatur
1815 254 1856 290 et
1883 262 1981 302 pro-

246 325 409 365 vehitur
432 323 518 374 ipsa
538 321 815 373 philosophia,
839 334 934 361 cum
959 333 1043 360 non
1068 319 1262 370 exiguum
1287 319 1341 358 sit
1364 319 1405 358 in
1429 319 1544 359 omni
1568 319 1838 371 inquisitione
1861 331 1980 361 emo-

244 395 475 434 lumentum
500 404 626 433 nosse
649 392 882 433 sententias
906 390 1126 443 quasdam.
1159 401 1269 442 quae
1302 394 1448 441 utpote
1481 395 1597 430 certo
1627 389 1758 431 falsae
1781 391 1981 443 scopulo-

245 478 335 505 rum
361 466 492 505 instar
515 469 612 503 sunt
635 463 892 514 lugieiiilae.“

361 536 401 578 4.
426 534 643 575 Revelatio
660 534 744 575 veri
761 534 1001 585 cupidinem
1019 532 1175 573 excitat
1190 530 1469 583 stimulosque
1493 531 1621 579 addit,
1645 531 1709 572 vel
1732 537 1778 572 ut
1799 532 1982 574 alacrius

244 607 468 647 veritatum
485 606 795 657 investigationi
812 605 1068 651 insistamus,
1093 602 1290 655 quodque
1306 593 1386 643 fide
1402 601 1637 651 didicimus,
1660 603 1837 644 rationis
1853 603 1981 644 etiam

243 678 399 719 lumine
423 689 722 729 assequamur:
747 676 812 716 vel
836 681 880 715 ut
903 676 943 714 in
968 675 1193 715 veritatum
1209 673 1495 714 revelatarum
1511 678 1716 726 quantum
1732 673 1821 715 sieri
1843 679 1984 727 potest

244 748 515 800 intelligentia
538 746 828 799 proficiamus3
860 745 925 785 vel
960 750 1005 785 ut
1037 744 1210 785 easdem
1243 749 1440 785 tueamur
1472 744 1676 785 adversus
1709 743 1805 785 fidei
1836 745 1982 786 hostes

244 819 355 873 quod
380 819 540 871 absque
563 817 702 858 studio
725 816 968 868 sollertique
989 815 1167 856 rationis
1190 828 1269 855 usu
1293 814 1382 856 fieri
1404 827 1490 855 non
1512 816 1680 867 poterit.

363 893 471 937 Quod
494 893 588 929 Leo
610 892 713 928 XIII.
750 891 789 927 in
823 891 881 927 lit.
915 889 1122 939 encyclicis
1157 896 1192 928 4.
1216 891 1315 938 Aug.
1353 895 1461 929 1879
1495 890 1692 937 praeclare
1723 889 1880 934 evolvit,
1913 890 1983 928 ubi

243 953 345 990 inter
368 953 443 989 alia
466 951 595 989 docet:
631 950 903 998 >‚Quapropter
935 950 1003 997 qui
1034 948 1302 997 philosophiae
1334 948 1510 986 studium
1552 962 1641 985 cum
1673 948 1861 997 obsequio
1891 948 1984 987 fidei

243 1012 476 1050 christianae
498 1011 756 1059 conjungunt,
789 1009 816 1045 ii
849 1009 995 1057 optime
1027 1008 1372 1057 philosophantur:
1407 1007 1726 1056 quandoquidem
1759 1008 1983 1046 divinarum

242 1071 453 1109 veritatum
478 1069 670 1118 splendor,
694 1069 822 1105 animo
846 1073 1042 1117 exceptus,
1066 1067 1190 1115 ipsam
1206 1067 1322 1115 juvat
1344 1066 1668 1116 intelligentiam;
1692 1067 1752 1104 cui
1776 1079 1854 1104 non
1869 1067 1983 1106 modo

242 1131 342 1168 nihil
365 1130 410 1167 de
433 1129 626 1178 dignitate
650 1128 831 1173 detrahit,
856 1128 919 1164 seil
932 1127 1164 1170 nobilitatis,
1188 1126 1390 1169 acuminis,
1413 1126 1615 1163 firmitatis
1630 1127 1848 1175 plurimum
1863 1127 1984 1164 addit.

244 1191 339 1228 Cum
370 1201 462 1226 vero
495 1188 644 1237 ingenii
675 1187 794 1224 aciem
826 1187 1039 1223 intendunt
1071 1186 1111 1222 in
1143 1185 1368 1222 refellendis
1400 1185 1631 1231 sententiis,
1665 1198 1764 1234 quae
1798 1185 1982 1223 fideiire-

243 1251 435 1298 pugnant,
460 1248 560 1305 et·in
583 1246 805 1296 probandis,
830 1258 928 1294 quae
952 1258 1039 1282 cum
1063 1245 1138 1281 fide
1161 1245 1383 1288 cohaerent,
1409 1245 1526 1294 digne
1548 1256 1591 1281 ac
1613 1245 1839 1293 perutiliter
1860 1245 1980 1284 ratio-

242 1321 332 1345 nem
354 1308 551 1344 exercent:
587 1307 629 1342 in
651 1306 730 1342 illis
753 1306 857 1342 enim
879 1305 1086 1353 prioribus,
1119 1316 1252 1341 causas
1285 1304 1428 1340 erroris
1451 1304 1761 1352 deprehendunt,
1795 1306 1834 1341 et
1864 1317 1982 1354 argu-

242 1371 477 1406 mentorum,
501 1365 645 1414 quibus
666 1365 770 1413 ipsae
792 1365 1022 1410 fulciuntur,
1046 1363 1190 1400 vitium
1213 1362 1469 1412 dignoscunt:
1494 1363 1534 1400 in
1556 1363 1616 1400 his
1638 1365 1767 1400 autem
1792 1364 1983 1413 posterio-

242 1426 366 1471 ribus,
389 1426 588 1462 rationum
611 1424 821 1461 momentis
843 1424 1065 1472 potiuntur,
1089 1422 1234 1470 quibus
1258 1422 1380 1459 solide
1403 1423 1726 1460 demonstrentur
1759 1426 1800 1460 et
1821 1422 1985 1461 cuilibet

242 1485 428 1534 prudenti
461 1483 786 1532 persuadeantur.
829 1483 908 1519 Hac
938 1495 1030 1519 vero
1062 1480 1263 1518 industria
1294 1483 1333 1518 et
1365 1481 1643 1519 exercitatione
1675 1481 1811 1531 augeri
1842 1482 1985 1520 mentis

243 1556 335 1592 opes
358 1546 397 1580 et
420 1543 604 1592 explicari
626 1542 833 1579 facultates
857 1541 925 1590 qui
945 1544 1074 1591 neget,
1108 1541 1174 1577 ille
1206 1540 1290 1576 veri
1322 1540 1488 1588 falsique
1521 1541 1729 1578 discrimen
1760 1541 1862 1578 nihil
1893 1553 1984 1579 eon·

242 1603 381 1641 ducere
415 1602 462 1639 ad
494 1602 712 1651 profectum
745 1601 907 1650 ingenii,
943 1600 1112 1638 absurde
1134 1599 1346 1636 contendat
1378 1611 1534 1637 necesse
1560 1603 1631 1637 est.
1643 1605 1660 1622 «
1697 1600 1799 1637 Hinc
1822 1602 1984 1650 Augu-

243 1663 416 1699 stinus
439 1674 497 1710 ep.
520 1667 596 1701 120
613 1673 650 1697 n.
668 1667 689 1700 3
707 1663 840 1697 notat:
867 1687 883 1704 »
895 1660 969 1704 Qui
992 1673 1084 1696 vera
1104 1659 1256 1696 ratione
1273 1659 1357 1707 jam
1379 1659 1484 1707 quod
1506 1659 1781 1697 tantummodo
1803 1660 1986 1697 credebat

243 1722 444 1771 intelligit,
467 1720 640 1770 profecto
661 1719 957 1768 praeponendus
989 1722 1048 1756 est
1070 1719 1117 1762 ei,
1150 1718 1221 1766 qui
1253 1718 1362 1766 cupit
1383 1718 1509 1755 adhuc
1530 1718 1752 1768 intelligere
1775 1719 1880 1767 quod
1902 1731 1984 1757 cre-

242 1781 319 1823 dit;
354 1781 386 1818 si
408 1783 539 1817 autem
560 1791 631 1816 nec
652 1779 772 1827 cupit,
797 1781 837 1816 et.
858 1791 912 1823 ea,
937 1790 1036 1827 quae
1058 1777 1320 1826 intelligenda
1342 1779 1448 1823 sunt,
1481 1777 1674 1815 credenda
1707 1778 1982 1816 tantummodo

243 1840 452 1884 existimat,
477 1839 538 1875 cui
560 1839 618 1875 rei
639 1837 734 1875 fides
756 1838 880 1887 prosit
901 1838 1069 1886 ignorat.
1082 1842 1099 1860 «
1751 1836 1755 1840 '

360 1907 914 1961 495.I)emonst1·atiop.
939 1906 1033 1950 ΙΙΙ.
1076 1905 1267 1946 Diximus
1298 1905 1423 1946 tertio
1450 1904 1559 1953 loco,
1591 1903 1671 1945 fide
1703 1904 1898 1945 homines
1929 1904 1984 1946 ad

243 1990 402 2019 novum
427 1978 706 2029 altioremque
728 1977 906 2029 provehi
927 1977 1130 2018 scientiae
1154 1976 1358 2017 ordinem.
1401 1975 1492 2016 Hoc
1515 1975 1670 2016 docent

364 2050 404 2092 1.
438 2047 683 2101 Scripturae
706 2049 795 2089 sive
818 2060 915 2089 cum
939 2047 1163 2098 affirmant,
1195 2047 1346 2088 Filium
1369 2047 1444 2088 Dei
1475 2047 1643 2088 venisse
1673 2046 1882 2099 nobisque
1913 2047 1982 2088 de-

245 2120 351 2161 disse
382 2133 544 2160 sensum
577 2119 797 2175 (διάνοιαν),
835 2124 879 2159 ut
915 2132 1204 2172 coquoscamus
1233 2132 1372 2159 verum
1407 2118 1541 2159 Deum
1578 2122 1612 2161 1.
1633 2117 1697 2160 JO.
1720 2121 1758 2165 5,
1782 2122 1859 2164 203
1894 2117 1982 2159 sive

241 2202 337 2231 cum
360 2190 533 2231 tradunt
554 2190 770 2230 hominem
794 2190 1023 2231 animalem
1045 2190 1069 2232 i.
1093 2202 1127 2231 e.
1149 2189 1389 2230 naturalem
1411 2190 1547 2242 gratia
1570 2195 1611 2230 et
1633 2188 1714 2230 fide
1736 2188 1981 2230 destitutum

242 2273 329 2301 non
351 2261 569 2313 percipere
592 2273 654 2310 ea,
678 2272 787 2313 quae
810 2265 908 2302 sunt
930 2259 1111 2313 Spiritus
1124 2260 1212 2310 Dei,
1236 2272 1287 2301 eo
1310 2260 1424 2313 quod
1446 2260 1574 2301 stulta
1597 2261 1636 2301 ei
1656 2260 1872 2309 videntum
1894 2260 1981 2301 imo

243 2343 296 2372 ne
319 2343 444 2384 posse
467 2331 638 2384 quidem
662 2343 713 2373 ea
735 2331 966 2384 intelligere
993 2337 1028 2376 1.
1043 2330 1136 2373 Cor.
1160 2334 1199 2378 2,
1222 2333 1249 2374 2
1272 2345 1347 2379 SS.;
1370 2332 1459 2373 sive
1483 2344 1579 2372 cum
1605 2332 1798 2384 gratiam,
1820 2342 1905 2384 qua
1926 2331 1980 2372 ad

242 2401 368 2443 fidem
399 2403 441 2442 in
464 2401 676 2443 Christum
709 2403 972 2452 adducimur,
1005 2401 1229 2444 conferunt
1261 2415 1358 2443 cum
1390 2402 1534 2452 verbo,
1567 2414 1650 2455 quo
1673 2401 1786 2443 Deus
1808 2401 1912 2442 dixit
1933 2402 1982 2443 de

243 2473 418 2514 tenebris
441 2473 568 2514 lucem
591 2475 866 2528 splendescere
889 2476 927 2518 2.
951 2473 1045 2515 Cor.
1068 2478 1107 2524 4,
1131 2477 1168 2518 6.

359 2546 403 2588 2.
426 2544 590 2586 Docent
621 2550 775 2597 patres,
808 2557 905 2586 cum
937 2547 1172 2598 generatim
1204 2545 1330 2586 fidem
1356 2545 1512 2586 rationi
1534 2544 1822 2597 scientiaeque
1845 2556 1979 2597 oppo-

242 2620 403 2665 nentes,
426 2615 507 2656 fide
530 2616 675 2656 dicunt
696 2628 775 2657 nos
790 2619 996 2668 attingere
1011 2616 1223 2666 veritates,
1246 2628 1353 2669 quas
1375 2616 1486 2657 ratio
1509 2627 1564 2656 ne
1587 2615 1796 2668 suspicari
1809 2614 1980 2667 quidem

242 2687 448 2739 potuerit;
480 2685 690 2739 fidemque
713 2699 872 2727 novum
896 2699 989 2728 esse
1011 2687 1167 2736 lumen,
1189 2687 1332 2728 lumen
1353 2687 1480 2739 plane
1503 2685 1698 2735 coeleste,
1729 2698 1813 2739 quo
1835 2685 1979 2727 fideles

242 2757 464 2798 illuminati
486 2757 641 2806 vident,
674 2769 782 2809 quae
805 2757 966 2809 fugiunt
988 2757 1136 2798 oculos
1157 2757 1346 2801 rationis.
1391 2789 1405 2806 ,,
1419 2756 1464 2798 Si
1494 2757 1608 2798 enim
1639 2756 1771 2798 fidelis
1792 2757 1895 2797 nihil
1916 2757 1979 2797 vi-

243 2828 373 2878 deret,
395 2839 447 2869 ex
468 2827 549 2869 fide
572 2828 820 2870 illuminatio
843 2841 932 2870 non
954 2833 1078 2879 esset,
1099 2841 1179 2870 nec
1201 2829 1441 2870 dicerentur
1461 2828 1686 2869 illuminati
1706 2827 1890 2877 fideles,“
1913 2828 1978 2868 in-

243 2899 332 2952 quit
352 2898 472 2951 Hugo
495 2911 521 2940 a
543 2912 573 2940 5.
595 2898 821 2940 Victore
844 2900 896 2940 de
919 2912 1026 2944 sacr.
1048 2900 1071 2940 l.
1098 2902 1119 2942 1
1144 2913 1181 2953 p.
1208 2902 1261 2944 10
1284 2912 1318 2940 0.
1341 2902 1379 2943 9.
1423 2898 1564 2950 Quare
1586 2913 1618 2940 s.
1639 2899 1977 2951 Augustinus

243 2970 286 3010 in
307 2969 372 3014 Ps.
400 2973 481 3015 145
504 2982 543 3013 n.
573 2973 626 3014 19
648 2969 812 3010 scribit:
852 2969 1055 3020 „Omnino
1087 2970 1216 3012 habet
1248 2970 1394 3012 oculos
1426 2970 1528 3011 fides
1560 2975 1602 3011 et
1630 2969 1816 3022 majores
1838 2973 1880 3010 et
1900 2981 1977 3021 po-

243 3041 448 3082 tentiores
470 3045 511 3082 et
532 3039 748 3088 fortiores3
771 3040 814 3080 hi
837 3041 947 3081 oculi
969 3041 1183 3082 neminem
1205 3041 1474 3094 deceperunt.
1499 3040 1551 3081 Hi
1573 3041 1684 3082 oculi
1705 3051 1874 3092 semper
1894 3039 1978 3080 sint

245 3111 298 3151 ad
319 3111 588 3153 Dominum.“
612 3111 662 3152 Et
684 3123 809 3154 serm.
833 3113 915 3154 217
939 3124 978 3151 n.
1003 3115 1051 3154 2:
1089 3111 1193 3162 „Ubi
1214 3111 1413 3153 defecerit
1433 3113 1555 3162 ratio,
1577 3111 1636 3152 ibi
1657 3114 1722 3152 est
1742 3110 1838 3151 fidei
1860 3110 1976 3151 aedi-
