2175 3382
245 143 331 184 434
425 136 542 170 'Px-act.
563 136 624 170 111.
644 137 687 170 de
706 136 877 181 primatu.
897 135 1024 170 'rhesis
1044 135 1200 170 Lxxlx.
1222 135 1476 169 Insallibilitas
1495 145 1584 170 rom.
1604 135 1789 180 pontificis

247 256 535 310 apostolorum
559 267 829 296 successores
852 256 874 295 i.
898 267 931 296 e.
964 255 1151 307 episcopi
1187 258 1331 306 utpote
1354 254 1540 295 destituti
1563 255 1868 307 praerogativis
1889 254 1977 296 sin-

247 327 460 380 gularibus
482 325 772 379 apostolorum
796 326 926 367 multo
950 326 1084 378 magis
1107 325 1293 376 indigent
1315 324 1649 367 confirmatione.
1693 324 1833 376 Quare
1856 326 1977 367 Chri-

247 404 336 439 stus
370 397 437 437 hic
472 398 579 438 sicut
613 397 717 438 alias
752 396 983 438 Ecclesiam
1015 397 1257 436 universam
1291 407 1394 447 prae
1429 395 1560 436 oculis
1596 395 1725 437 habet
1758 408 1891 450 usque
1923 395 1977 438 ad

248 468 660 509 consummationem
694 468 824 509 seculi
857 467 1116 508 duraturam.
1149 472 1190 507 et
1221 467 1262 506 in
1295 465 1420 507 Petro
1445 472 1571 526 atque
1600 467 1803 520 apostolis
1825 466 1977 508 horum

247 550 517 581 successores
539 538 765 592 alloquitur
787 539 893 579 sicut
916 538 1060 581 Matth.
1085 541 1152 587 28,
1176 541 1231 582 20
1254 536 1320 593 (cf.
1344 550 1382 578 n.
1407 538 1545 594 3682).

366 625 412 667 (l.
437 627 654 664 Christiana
677 626 895 674 antiquitas
918 625 1035 662 verba
1066 625 1158 662 haec
1189 637 1321 662 revera
1351 625 1399 662 ad
1420 625 1528 662 Petri
1560 636 1799 662 successores
1830 625 1980 662 retulit.

247 688 309 725 Ita
331 699 358 724 s.
382 687 577 735 Agatho
600 699 658 734 ep.
682 685 729 722 ad
753 684 1051 722 Constantinum
1067 684 1157 733 imp.
1170 684 1258 721 inde
1270 684 1369 721 hanc
1381 684 1480 721 sedis
1491 683 1857 733 apostolicaeinfert
1868 696 1979 733 prae-

248 746 463 796 iogativam
499 742 624 797 (Mig.
659 750 723 789 ST,
762 741 909 794 1169):
943 743 1195 792 „Apostolica
1226 742 1370 780 Christi
1401 743 1570 780 Ecclesia
1600 755 1669 792 per
1700 743 1980 792 omnipotentis

250 806 319 843 Dei
342 805 506 854 gratiam
531 818 552 841 a
575 803 732 840 tramite
754 802 986 851 apostolicae
1008 801 1234 839 traditionis
1269 815 1526 851 nunquam
1557 814 1706 840 errasse
1736 801 1980 851 probabitur,

249 876 317 902 nec
339 863 543 901 haereticis
565 862 808 900 novitatibus
831 861 1039 910 depravata
1062 861 1290 899 succubuit:
1313 857 1391 898 ⁶sed
1423 863 1469 898 ut
1499 861 1546 898 ab
1579 861 1736 899 exordio
1757 860 1849 899 fidei
1879 861 1980 899 chri-

251 923 398 961 stianae
420 922 594 971 percepit
624 921 671 958 ab
703 920 928 958 auctoribus
961 920 1042 958 suis
1073 920 1339 969 apostolorum
1369 919 1513 957 Christi
1543 920 1798 969 principibuS,
1830 920 1983 958 illibata

248 983 322 1019 fine
344 986 460 1019 tenus
481 982 681 1030 permanet
705 979 919 1017 secundum
950 979 1074 1028 ipsius
1098 979 1254 1017 Domini
1277 979 1491 1016 Salvatoris
1524 979 1695 1017 divinam
1727 979 1981 1029 pollicitatio-

249 1054 349 1085 nem,
372 1054 488 1089 quam
512 1052 671 1077 suorum
694 1038 976 1087 discipulorum
999 1038 1165 1087 principi
1187 1039 1229 1075 in
1253 1038 1373 1076 sacris
1386 1038 1609 1088 Evangeliis
1631 1038 1736 1076 fatus
1759 1041 1837 1076 est:
1860 1039 1980 1084 Petre,

251 1100 378 1144 Petre,
403 1099 596 1148 inquiens,
621 1111 698 1135 ecce
718 1103 829 1135 satan
853 1099 1027 1146 expetii-it
1048 1099 1122 1135 etc.
1147 1126 1153 1133 .
1177 1129 1185 1137 .
1209 1127 1216 1134 .
1241 1097 1474 1135 Confirmare
1507 1110 1597 1135 eum
1618 1097 1759 1136 fratres
1792 1110 1883 1135 suos
1914 1098 1981 1135 ad-

249 1159 413 1204 monuit,
437 1158 541 1206 quod
564 1157 797 1206 apostolicos
819 1156 1022 1206 pontifices
1044 1168 1151 1194 meae
1173 1156 1402 1207 exiguitatis
1416 1157 1730 1205 praedecessores
1744 1156 1983 1195 confidenter

250 1219 383 1256 secisse
407 1230 570 1266 semper,
594 1216 744 1254 cunctis
767 1218 826 1254 est
847 1215 1087 1266 cognitum«
1131 1215 1225 1253 Eam
1260 1216 1340 1253 illis
1362 1215 1492 1253 verbis
1516 1227 1735 1265 expressam
1757 1216 1859 1254 vidit
1881 1216 1982 1254 Ste—

250 1291 273 1326 p
285 1278 444 1314 hanus
467 1276 646 1313 dorensis
668 1275 711 1313 in
731 1275 864 1313 libello
887 1274 1054 1325 supplici
1076 1275 1244 1313 Mai-tino
1266 1275 1295 1312 Ι.
1317 1275 1359 1312 in
1373 1275 1535 1312 concilio
1550 1287 1709 1313 romano
1725 1272 1774 1328 (a.
1791 1272 1891 1328 649)
1914 1275 1982 1313 ob-

251 1337 351 1374 lato:
390 1362 406 1380 »
416 1335 505 1385 Ipse
528 1332 703 1387 (Petrus)
726 1335 935 1383 praecipue
958 1347 1001 1372 ac
1023 1334 1246 1383 specialiter
1267 1333 1417 1371 firmam
1440 1347 1532 1383 prae
1553 1334 1735 1372 omnibus
1765 1333 1911 1372 habens
1941 1334 1984 1372 in

251 1395 456 1433 Dominum
479 1395 602 1432 Deum
626 1396 803 1432 nostrum
827 1396 865 1430 et
887 1393 1172 1431 immutabilem
1195 1393 1323 1439 fidem,
1347 1396 1572 1430 convertere
1594 1393 1804 1442 aliquando
1825 1395 1866 1431 et
1891 1405 1982 1431 con-

251 1455 402 1492 firmare
425 1454 640 1503 exagitatos
662 1454 858 1490 consortes
881 1465 972 1490 suos
995 1454 1035 1490 et
1057 1452 1282 1500 spirituales
1304 1452 1451 1489 meruit
1472 1452 1625 1497 fratres,
1661 1455 1801 1502 utpote
1823 1453 1982 1502 dispen-

250 1514 374 1551 sative
396 1525 511 1562 super
532 1525 664 1550 omnes
685 1512 733 1549 ab
756 1512 852 1560 ipso,
888 1512 955 1560 qui
978 1514 1138 1560 propter
1158 1522 1228 1549 nos
1259 1512 1487 1549 incarnatus
1518 1514 1577 1549 est
1599 1512 1713 1556 Deus,
1745 1514 1984 1560 potestatem

251 1573 442 1622 accipiens
476 1575 516 1609 et
537 1571 818 1609 sacerdotalem
847 1571 1121 1608 auctoritatem
1144 1600 1151 1607 .
1175 1600 1182 1608 .
1207 1600 1214 1606 .
1238 1570 1348 1615 Quod
1379 1571 1518 1619 utique
1550 1571 1675 1608 sciens
1707 1571 1743 1608 b.
1774 1571 1983 1609 memoriae

251 1632 490 1681 Sophronius
513 1631 709 1679 quondam
729 1630 950 1679 patriarcha
973 1660 979 1666 .
1004 1659 1011 1665 .
1035 1661 1042 1668 .
1067 1630 1207 1667 statuit
1241 1643 1367 1667 meam
1389 1630 1651 1667 humilitatem
1676 1630 1760 1667 sine
1781 1643 1889 1668 mora
1911 1660 1919 1667 .
1943 1659 1951 1667 .
1975 1659 1982 1666 .

248 1692 296 1728 ad
317 1692 413 1728 hanc
435 1690 689 1739 apostolicam
710 1702 969 1738 magnamque
985 1689 1153 1738 dirigere
1165 1689 1295 1726 sedem
1317 1691 1417 1726 etc.<⁴
1433 1711 1488 1715 —
1506 1689 1743 1726 Gelasius
1765 1702 1824 1738 ep.
1849 1697 1873 1728 4
1895 1702 1934 1726 n.
1960 1696 1974 1728 1

249 1754 289 1788 et
308 1752 413 1788 tract
449 1756 470 1789 2
495 1763 532 1786 n.
558 1755 602 1789 8:
627 1748 740 1794 ²,Qua
761 1749 866 1786 enim
888 1749 1039 1785 ratione
1061 1748 1123 1785 vel
1145 1748 1423 1797 consequentia
1445 1748 1532 1785 aliis
1555 1748 1714 1786 sedibus
1729 1748 1982 1786 deferendum

249 1812 320 1853 est,
345 1810 376 1847 si
396 1809 544 1857 primae
566 1808 780 1845 beatissimi
802 1808 908 1845 Petri
930 1807 1014 1844 sedi
1035 1807 1199 1856 antiqua
1221 1809 1261 1844 et
1283 1810 1440 1844 vetusta
1461 1807 1684 1844 reverentia
1704 1820 1784 1845 non
1797 1807 1983 1853 defertur,

249 1881 318 1918 per
339 1881 456 1917 quam
478 1867 655 1905 omnium
677 1867 919 1904 sacerdotum
943 1866 1117 1916 dignitas
1141 1878 1292 1916 semper
1314 1869 1373 1903 est
1392 1867 1573 1903 roborata
1587 1870 1706 1915 atque
1719 1866 1882 1911 firmata,
1905 1869 1985 1904 tre-

252 1930 532 1975 centorumque
555 1926 686 1964 decem
708 1929 747 1963 et
769 1929 854 1963 octo
875 1928 1032 1975 patrum
1056 1926 1202 1963 invicto
1238 1928 1277 1962 et
1300 1926 1493 1975 singulari
1509 1925 1660 1974 judicio
1691 1926 1987 1963 vetustissimus

247 1987 448 2034 judicatus
471 1989 531 2023 est
552 1986 701 2023 honor?
732 1985 877 2034 Utpote
901 1985 969 2032 qui
990 1985 1148 2022 Domini
1168 1984 1476 2022 recordabantur
1507 1985 1744 2022 sententiae:
1782 1985 1838 2022 Tu
1859 1998 1896 2022 es
1918 1983 1985 2022 Pe-

251 2052 336 2083 trus·
358 2049 450 2084 etc.:
482 2048 522 2082 et
542 2057 678 2082 rursus
699 2044 744 2081 ad
771 2044 959 2081 eundem:
991 2044 1087 2081 Ecce
1117 2056 1180 2094 eqo
1210 2045 1344 2094 royavi
1368 2056 1444 2092 pro
1474 2048 1507 2080 te
1528 2046 1628 2081 etc.‘¹
1670 2044 1798 2081 Verba
1819 2056 1848 2081 s.
1871 2044 1985 2081 Ber-

252 2105 397 2142 nardi
422 2104 466 2145 cf,
491 2116 610 2153 supra
633 2103 761 2149 4082;
797 2103 1109 2140 'I'heodoreti
1139 2103 1239 2140 infra
1270 2116 1307 2140 n.
1332 2109 1427 2143 415.
1472 2102 1624 2147 Quibus
1657 2103 1754 2140 adde
1775 2102 1986 2140 Hadria-

251 2177 366 2201 num
388 2164 416 2200 Ι.
449 2176 506 2212 ep.
538 2163 583 2199 ad
609 2163 789 2201 Carolum
810 2163 859 2199 M.
883 2162 1011 2214 (Mig.
1037 2168 1101 2202 98.
1131 2159 1272 2214 1247),
1303 2162 1571 2199 Nicolaum
1594 2163 1623 2198 Ι.
1655 2162 1801 2211 passim
1831 2162 1872 2199 in
1903 2162 1986 2199 suis

252 2236 322 2271 ep„
345 2225 392 2260 ut
416 2228 482 2262 28.
508 2229 572 2262 75.
590 2228 655 2261 86.
673 2228 724 2263 98
749 2224 789 2258 et
816 2228 916 2266 1043
939 2221 1141 2270 legatos
1163 2221 1265 2258 sedis
1287 2223 1409 2270 apost.
1432 2220 1475 2258 in
1497 2233 1600 2258 conc.
1624 2221 1868 2259 oecumenico
1882 2221 1987 2259 VIIL

252 2285 323 2320 act.
353 2289 386 2321 1.
409 2282 589 2331 (Migne
616 2287 709 2327 129,
734 2277 828 2331 44);
853 2280 1164 2329 Stephanum
1185 2280 1228 2317 V.
1252 2293 1311 2328 ep.
1341 2286 1389 2320 13
1415 2277 1483 2332 (ib.
1506 2293 1542 2329 p.
1568 2277 1688 2332 401);
1713 2293 1740 2320 S.
1764 2280 1987 2318 Odonem

255 2339 437 2393 (Migne
465 2346 556 2385 1:53,
586 2337 705 2392 113);
740 2340 950 2377 Leonem
972 2339 1152 2377 abbatem
1183 2351 1241 2388 ep.
1273 2339 1320 2376 ad
1342 2339 1549 2389 Hugonem
1580 2342 1620 2377 et
1650 2339 1744 2377 Rob.
1774 2352 1885 2388 reges
1916 2336 1986 2392 (ib.

257 2406 349 2443 139,
375 2396 496 2451 304);
529 2399 737 2436 Leonem
756 2398 820 2435 IX.
842 2398 985 2448 passim
1014 2400 1060 2435 ut
1083 2411 1140 2448 ep.
1166 2404 1230 2439 83.
1260 2406 1336 2439 100
1360 2411 1397 2435 n.
1424 2405 1466 2443 ’ῖς
1498 2398 1599 2436 infra
1629 2411 1667 2435 n.
1692 2405 1795 2442 421;
1827 2399 1988 2436 Petrum

254 2458 551 2495 Damianum
574 2470 686 2495 serm.
713 2464 786 2498 23:
809 2458 1132 2507 Arnulphum
1152 2457 1308 2495 mediol.
1330 2457 1371 2494 in
1393 2457 1513 2506 gestis
1536 2457 1704 2506 archiep.
1735 2457 1890 2495 mediol.
1912 2457 1937 2494 1.
1963 2463 1984 2497 5

254 2530 292 2554 n.
318 2524 337 2556 τ
365 2515 547 2568 (Migne
575 2523 667 2562 147,
694 2514 816 2569 330):
849 2517 1154 2566 Gregorium
1175 2517 1258 2554 VH.
1291 2517 1316 2553 1.
1351 2522 1372 2555 2
1406 2529 1465 2564 ep.
1490 2517 1622 2560 3131.
1657 2522 1679 2556 2
1712 2529 1770 2565 ep.
1798 2523 1870 2561 18;
1902 2516 1928 2553 1.
1961 2522 1984 2556 8

255 2589 314 2625 cp‚
341 2583 353 2615 1
375 2590 382 2615 :
407 2575 690 2612 Deusdedit
712 2575 755 2612 in
776 2575 894 2624 praef.
918 2576 966 2613 ad
989 2576 1136 2613 collect.
1159 2588 1240 2615 can.
1267 2573 1336 2628 (ib.
1363 2573 1606 2627 150‚1567)
1630 2582 1670 2612 et
1689 2575 1987 2612 Anselmum

255 2634 599 2683 havelbergensem
622 2635 737 2683 episc.
760 2632 800 2686 (†
827 2633 954 2684 1154)
977 2635 1066 2672 dial.
1089 2635 1114 2671 l.
1140 2641 1162 2675 3
1189 2647 1218 2672 c.
1245 2642 1279 2680 5,
1303 2634 1372 2671 ubi
1395 2633 1549 2671 scribit:
1575 2634 1713 2679 „Unde
1735 2636 1775 2671 et
1796 2634 1986 2671 Dominus

257 2694 382 2731 sciens
403 2693 497 2730 alias
519 2693 699 2730 ecclesias
722 2693 915 2731 haeretica
936 2693 1174 2743 impulsione
1196 2693 1363 2730 nimium
1387 2694 1589 2739 vexandas,
1623 2696 1662 2730 et
1695 2705 1893 2730 romanam
1915 2693 1987 2730 Ec-

255 2752 424 2797 clesiam,
448 2764 565 2800 quam
586 2751 670 2800 ipse
694 2764 812 2801 supra
832 2754 985 2801 petram
1005 2752 1249 2797 fundaverat,
1279 2764 1483 2799 nunquam
1513 2752 1555 2789 in
1584 2751 1659 2789 fide
1690 2751 1986 2798 debilitandam,

256 2811 354 2849 dixit
372 2812 510 2848 Petro:
534 2810 614 2859 Eyo
632 2823 704 2858 pro
727 2816 760 2847 te
781 2813 911 2861 roqavi
931 2813 1015 2856 etc.‚
1039 2824 1081 2848 ac
1102 2811 1136 2849 si
1158 2813 1291 2860 aperte
1313 2811 1348 2848 ei
1371 2810 1492 2847 dicat:
1531 2811 1590 2848 Tu
1611 2811 1681 2859 qui
1702 2811 1800 2849 hanc
1821 2810 1988 2860 gratiam
2043 2814 2046 2815 ’

256 2870 450 2919 accepisti,
472 2871 519 2906 ut
539 2868 626 2906 aliis
649 2870 690 2906 in
711 2869 787 2906 fide
808 2871 1136 2920 naufragantibus
1159 2883 1311 2919 semper
1341 2869 1382 2906 in
1405 2869 1479 2906 fide
1501 2870 1714 2908 immobilis
1745 2873 1784 2906 ct
1805 2871 1987 2907 constans

255 2940 493 2979 permaneas,
517 2927 614 2965 alios
635 2928 863 2966 vacillantes
886 2929 1069 2966 confirma
1090 2931 1130 2966 et
1151 2930 1311 2979 corrige,
1335 2930 1374 2965 et
1394 2931 1597 2977 tamquam
1618 2929 1792 2966 omnium
1813 2927 1989 2978 provisor

257 2991 297 3026 et
319 2988 464 3033 doctor,
496 2989 536 3024 et
556 2989 669 3034 pater
690 2989 730 3023 et
750 2988 935 3037 magister
966 2988 1140 3026 omnium
1170 3000 1303 3026 curam
1330 2989 1370 3024 et
1400 2987 1708 3025 sollicitudinem
1737 2992 1890 3037 geras<
1934 2985 1987 3027 Cf.

257 3046 444 3085 Katholik
469 3051 577 3087 1873
600 3045 630 3091 Ι,
655 3052 707 3086 60
731 3057 780 3082 ss.
