2175 3382
661 113 787 147 'l'hesis
804 112 969 146 XXXVI.
988 112 1034 146 de
1051 112 1242 146 authentia
1263 112 1456 157 Vulgatae.
1842 116 1924 158 195

192 237 313 274 libros
336 235 703 273 deuterocanonicos
727 237 766 272 et
787 233 1106 283 protocanonicos
1137 233 1291 271 decreto
1322 233 1541 271 tridentino
1573 247 1650 271 non
1681 247 1761 272 esse
1793 235 1923 272 subla-

191 299 290 340 tum,
313 296 368 332 ita
388 297 434 332 ut
455 307 534 331 non
556 295 737 332 obstante
759 305 802 330 eo
825 293 980 330 decreto
1003 292 1151 329 censeri
1174 293 1310 340 possit,
1346 292 1535 330 librorum
1558 293 1922 331 deuterocanonico-

192 368 281 392 rum
303 354 422 391 etiam
443 366 548 390 nunc
570 353 759 390 minorem
782 364 864 389 esse
886 351 1159 388 auctoritatem
1183 363 1299 399 quam
1320 352 1722 399 protocanonicorum.

310 413 355 450 Id
378 413 479 450 enim
504 412 736 450 adversatur
760 408 798 451 l.
821 410 979 447 disertis
1011 410 1158 446 decreti
1188 410 1330 455 verbis,
1364 410 1508 458 quibus
1539 410 1710 458 synodus
1740 414 1922 457 testatur,

192 484 230 509 se
252 486 277 521 p
291 472 366 509 ari
387 471 546 520 pietatis
569 470 710 508 affectu
731 482 773 507 ac
794 469 1013 507 reverentia
1035 469 1232 517 suscipere
1255 472 1293 506 et
1314 469 1491 505 venerari
1531 481 1663 506 omnes
1694 470 1814 507 libros
1844 474 1924 507 tam

191 531 239 568 N.
263 544 380 579 quam
402 530 444 567 V.
467 530 506 570 Τ,
531 526 688 582 (utique
710 529 808 574 illos,
831 540 929 577 quos
952 527 1040 565 dein
1064 530 1248 573 recenset,
1282 527 1388 564 inter
1409 540 1506 575 quos
1538 529 1632 564 sunt
1663 540 1795 565 omnes
1829 529 1921 565 deu-

191 586 487 641 terocanonici),
511 600 598 625 cum
622 588 830 635 utriusque
853 587 1093 623 Testamenti
1113 598 1217 624 unus
1239 587 1289 624 sit
1311 589 1448 623 auctor
1470 586 1583 624 Deus.

309 648 551 686 Adversatur
572 645 616 687 2.
640 647 714 695 ipsi
736 646 932 683 librorum
963 645 1319 689 connumerationi;
1352 657 1479 694 neque
1511 645 1615 682 enim
1637 645 1794 682 seorsim
1829 646 1922 682 ‹leu-

190 706 463 751 teroeanonici,
489 706 654 743 seorsim
674 705 967 755 protocanonici
989 704 1081 741 libri
1103 707 1370 749 numerantur,
1395 704 1460 741 sed
1483 704 1712 753 promiscue.

312 777 553 814 Adversatur
576 774 618 816 3.
643 776 841 814 clausulae
865 775 1031 813 decreti:
1057 775 1125 819 „Si
1149 775 1238 823 quis
1260 778 1392 811 autem
1414 775 1534 811 libros
1555 774 1662 824 ipsos
1687 772 1840 826 (utique
1863 787 1921 810 re-

191 837 373 881 censitos,
398 836 502 873 inter
524 846 623 884 quos
647 838 740 872 sunt
763 846 896 871 omnes
919 831 1274 885 deuterocanonici)
1298 834 1472 883 integros
1505 846 1592 870 cum
1626 833 1809 871 omnibus
1842 833 1924 870 suis

191 895 382 944 partibus,
406 896 527 943 prout
557 895 598 931 in
630 895 799 931 Ecclesia
829 893 1017 931 catholica
1043 893 1123 942 legi
1153 895 1439 930 consueverunt
1470 894 1509 929 et
1539 893 1580 929 in
1611 892 1735 929 veteri
1765 892 1925 941 vulgata

190 954 316 991 latina
337 954 543 999 habentur,
566 966 636 1002 pro
659 953 777 991 sacris
801 955 840 990 et
861 952 1054 989 canonicis
1076 965 1154 989 non
1177 952 1391 1000 susceperit
1415 982 1421 988 .
1447 981 1454 988 .
1479 982 1485 988 .
1511 953 1552 988 A.
1577 951 1640 988 S.‘

311 1025 553 1062 Adversatur
573 1020 614 1064 4.
637 1036 751 1072 scopo
774 1024 815 1061 in
836 1024 922 1072 ipso
944 1023 1100 1061 decreto
1122 1035 1312 1072 expresso,
1337 1023 1406 1071 qui
1428 1024 1499 1067 est,
1524 1024 1569 1058 ut
1595 1032 1754 1065 „omnes
1776 1021 1923 1058 intelli-

191 1086 298 1133 gant,
323 1084 470 1132 quibus
492 1083 742 1132 potissimum
763 1082 1004 1120 testimoniis
1027 1095 1069 1120 ac
1090 1082 1295 1131 praesidiis
1317 1082 1359 1118 in
1381 1081 1654 1119 confirmandis
1676 1080 1922 1130 dogmatibus

196 1145 235 1180 et
256 1143 526 1180 instaurandis
550 1143 592 1179 in
613 1142 784 1180 Ecclesia
804 1142 980 1179 moribus
1005 1138 1050 1194 (s.
1073 1138 1263 1193 synodus)
1288 1141 1340 1178 sit
1360 1153 1489 1180 usura.
1501 1146 1518 1163 «

310 1213 553 1250 Adversatur
575 1213 743 1261 denique
766 1211 809 1253 5.
832 1213 893 1257 iis,
927 1225 1026 1261 quae
1057 1213 1381 1250 Pallavicino
1404 1211 1507 1252 Hist.
1530 1223 1633 1248 conc.
1665 1211 1756 1249 trid.
1780 1211 1843 1257 VI,
1873 1217 1918 1249 11

192 1273 232 1309 et
254 1272 402 1321 Sarpi
424 1273 448 1309 1.
474 1278 495 1312 2
519 1286 557 1322 p.
585 1279 663 1312 149
688 1284 717 1309 S.
739 1274 906 1309 narrant
939 1272 1136 1309 occasione
1168 1272 1285 1320 hujus
1317 1271 1472 1308 decreti.
1514 1270 1687 1319 Uterque
1718 1270 1822 1307 enim
1854 1282 1925 1307 sua

192 1332 414 1369 narratione
437 1331 649 1377 confirmat,
672 1344 808 1368 revera
829 1331 948 1379 hujus
970 1331 1117 1368 decreti
1140 1343 1300 1379 scopum
1322 1330 1453 1375 fuisse,
1486 1332 1533 1366 ut
1553 1329 1778 1366 constitutis
1798 1328 1924 1365 velut-i

192 1390 459 1428 fundamentis
482 1394 521 1427 et
541 1390 716 1427 fontibus
737 1390 996 1435 revelationis,
1020 1390 1147 1427 tutius
1170 1390 1259 1427 dein
1281 1389 1458 1427 doctrina
1472 1388 1660 1426 catholica
1673 1387 1800 1436 quoad
1813 1399 1922 1435 prae-

191 1449 307 1498 cipua
331 1449 514 1499 dogmata
534 1452 830 1498 proponeretur,

930 1564 1100 1619 Gap'ut
1134 1564 1184 1606 ΙΙΙ.

697 1646 766 1686 De
800 1646 1093 1686 authentia
1125 1644 1405 1697 Vulgatae.

315 1735 407 1775 177.
430 1732 597 1775 Thesis
620 1731 850 1774 XXXVI.
890 1745 1061 1780 Eodem
1089 1745 1207 1786 jure,
1231 1752 1320 1785 quo
1345 1744 1590 1777 concilium
1615 1742 1920 1776 tridentinum

189 1805 420 1838 librorum
434 1814 679 1839 sacrorum
698 1813 919 1838 canonem
941 1806 1219 1838 constituere
1228 1804 1394 1845 potu-it,
1408 1803 1665 1836 versionem
1681 1800 1921 1842 vulyatam

189 1864 503 1898 ‹anthenticam
529 1865 800 1899 declaravit.

311 1933 605 1976 Declaratio.
651 1932 768 1983 Quae
801 1932 852 1972 de
885 1931 1166 1983 inspiratione
1190 1931 1428 1978 statuimus,
1449 1929 1590 1970 valent
1621 1929 1663 1968 in
1694 1928 1839 1980 primis
1871 1927 1921 1967 de

189 2003 407 2044 codicibus
439 2003 820 2055 originalibus.
864 2001 969 2043 Cum
992 2006 1136 2043 autem
1158 2002 1274 2042 hisce
1296 2014 1384 2042 non
1406 1999 1586 2053 amplius
1617 1998 1817 2047 fruamur,
1848 1998 1923 2038 sed

189 2074 525 2126 apographis
548 2078 712 2115 tantum
734 2085 809 2114 seu
824 2072 1136 2125 exemplaribus
1158 2072 1255 2113 inde
1278 2071 1508 2124 descriptis,
1530 2082 1668 2123 neque
1690 2070 1806 2110 hisce
1828 2073 1922 2110 uta-

190 2157 284 2185 mur
295 2145 337 2185 in
349 2149 464 2186 textu
478 2145 682 2198 originali,
694 2144 768 2185 sed
780 2145 823 2185 in
834 2144 940 2185 aliis
954 2148 1080 2196 atque
1096 2143 1200 2183 alias
1213 2143 1376 2194 linguas
1399 2155 1424 2182 v
1436 2154 1458 2183 e
1470 2142 1595 2182 rsis:
1619 2141 1769 2183 merito
1793 2151 1921 2192 quae-

189 2217 306 2264 ritur,
338 2229 440 2256 num
471 2220 561 2256 tuto
589 2216 732 2268 aliqua
754 2215 905 2256 saltem
937 2214 998 2255 uti
1027 2214 1240 2266 possimus
1260 2213 1469 2262 versione,
1501 2224 1609 2264 quae
1641 2211 1816 2252 fideliter
1847 2223 1920 2251 ex-

189 2287 334 2328 hibeat
364 2287 580 2339 exemplar
612 2286 827 2338 originale,
860 2285 968 2326 adeo
1000 2290 1044 2325 ut
1079 2284 1229 2326 eadem
1262 2298 1292 2325 s.
1324 2282 1567 2336 Scripturae
1591 2283 1822 2323 auctoritas
1844 2282 1921 2334 ipsi

191 2362 415 2410 competat,
453 2368 563 2410 quae
598 2356 734 2397 codici
768 2356 978 2409 primitivo
1015 2360 1056 2396 et
1088 2354 1291 2407 originali.
1334 2354 1478 2406 Itaque
1501 2352 1737 2394 delabimur
1759 2356 1921 2404 sponte,

191 2429 276 2470 imo
299 2428 541 2469 necessario
565 2427 619 2468 ad
642 2428 936 2480 quaestionem
967 2427 1018 2467 de
1051 2426 1269 2466 authentia
1290 2425 1496 2465 versionis
1527 2423 1805 2475 vulgatae,
1837 2435 1921 2475 qua

190 2499 379 2540 Ecclesia
394 2499 604 2539 catholica
620 2498 892 2539 occidentalis
913 2499 1054 2541 utitur.
1090 2496 1222 2537 Porro
1246 2500 1292 2537 ut
1313 2496 1421 2536 haec
1442 2496 1559 2536 notio
1583 2494 1660 2535 rite
1685 2494 1921 2535 declaretur

192 2570 402 2623 quaedam
425 2574 523 2611 sunt
543 2569 865 2622 praemittenda.

310 2657 462 2694 Nomen
484 2653 685 2707 αὐθέντης
707 2656 901 2706 significat
923 2654 1026 2703 apud
1049 2654 1258 2702 scriptores
1280 2664 1440 2703 graecos
1463 2665 1563 2697 eum,
1587 2651 1655 2700 qui
1675 2653 1918 2699 potestatem,

191 2716 463 2753 auctoritatem
487 2716 613 2760 habet,
648 2716 738 2752 hinc
770 2714 1032 2752 obedientiam
1067 2713 1148 2750 sive
1183 2711 1401 2750 voluntatis
1435 2711 1514 2748 sive
1548 2710 1666 2747 etiam
1696 2710 1920 2746 intellectus

192 2774 216 2811 i.
239 2787 269 2811 e.
292 2774 406 2811 fidem
429 2775 505 2811 sibi
527 2774 723 2812 conciliari
745 2776 885 2822 potest.
927 2773 973 2809 In
1003 2772 1092 2820 jure
1122 2771 1363 2808 transfertur
1393 2770 1441 2807 ad
1472 2770 1670 2817 scripta
1701 2771 1739 2805 et
1769 2768 1917 2804 instru-

193 2835 326 2870 menta
346 2834 579 2881 praesertim
601 2833 770 2882 publica,
795 2845 894 2881 quae
917 2831 1143 2868 authentica
1165 2830 1362 2875 dicuntur,
1387 2829 1418 2866 si
1439 2841 1509 2877 per
1531 2841 1571 2865 se
1595 2827 1858 2864 indubitatam
1881 2828 1918 2861 et

193 2891 408 2941 legitimam
430 2892 705 2929 auctoritatem
727 2892 886 2936 faciunt,
920 2903 989 2927 nec
1020 2889 1183 2926 alterius
1214 2889 1444 2938 probatione
1475 2887 1668 2936 indigent.
1710 2886 1796 2922 Jam
1828 2895 1917 2920 vero

194 2951 329 2998 quaeri
350 2951 522 2998 prImum
545 2953 675 2999 potest
697 2951 743 2987 de
766 2950 998 2987 auctoritate
1019 2948 1097 2997 ipsi
1118 2948 1235 2985 alicui
1256 2948 1516 2985 instrumento
1548 2942 1784 2997 αὐτογράφῳ
1806 2956 1826 2979 a
1849 2955 1918 2979 sua

193 3009 345 3058 origine
367 3009 593 3046 inhaerente
616 3022 685 3047 seu
707 3009 753 3046 de
776 3009 979 3046 authentia
1011 3007 1272 3056 originali,
1305 3018 1403 3055 quae
1434 3004 1579 3053 pendet
1609 3004 1655 3040 ab
1687 3002 1918 3039 auctoritate

193 3067 316 3116 ipsius
338 3068 519 3114 auctoris,
543 3068 682 3105 deinde
704 3068 774 3105 hac
796 3067 1008 3116 supposita,
1032 3066 1078 3102 de
1102 3066 1304 3103 authentia
1319 3063 1594 3112 exemplarium
1612 3061 1919 3110 apographorum

1641 3130 1696 3161 13*
