2175 3382
620 153 672 186 De
691 163 838 187 assensn
858 153 1072 197 magisterio
1092 153 1255 188 authent.
1277 155 1493 190 exhibendo.
1837 162 1920 203 537

314 270 354 314 1.
387 271 598 312 Assensus
630 270 892 312 exhibendus
925 272 1091 312 veritati
1123 271 1356 313 formaliter
1377 273 1591 315 revelatae
1624 288 1649 315 a
1681 276 1922 327 magisterio

195 340 398 382 infallibili
419 346 461 382 et
482 353 560 382 sua
581 341 784 382 infallibili
798 341 977 383 docendi
992 342 1246 383 auctoritate
1269 344 1402 384 utenti
1424 344 1550 385 debet
1571 357 1664 386 esse
1687 350 1807 387 actus
1829 345 1923 388 fidei

196 412 362 453 divinae
393 416 436 453 et
466 411 723 460 catholicae;
758 412 871 464 quod
906 413 940 453 si
974 412 1099 464 hujus
1133 413 1363 464 magisterii
1388 414 1592 466 judicium
1625 428 1711 456 non
1735 421 1925 458 versetur

195 483 308 523 circa
341 482 555 535 objectum
590 481 823 523 formaliter
856 482 1102 532 revelatum,
1136 483 1210 524 sed
1245 484 1358 525 circa
1394 497 1456 531 ea,
1492 497 1600 537 quae
1634 487 1924 528 recensuimus

193 566 231 593 n.
255 555 352 602 507,
384 565 584 594 assensus
617 552 805 593 exhiberi
827 552 954 594 debet
983 553 1110 594 indu
1126 552 1268 603 bius,
1301 555 1530 596 excludens
1552 556 1729 608 quodvis
1752 556 1924 598 dubium

193 624 478 664 voluntarium
493 623 854 675 deliberatamque
871 622 1150 672 formidinem,
1173 636 1260 665 non
1284 624 1552 666 obstantibus
1573 627 1808 668 rationibus
1831 640 1924 679 gra=

193 694 386 744 vissimis,
408 705 517 747 quae
540 693 597 734 illi
619 694 860 734 contrariae
874 693 1108 735 videantur.
1133 693 1274 746 Quare
1293 695 1452 747 judicio
1475 695 1532 736 illi
1554 708 1640 737 non
1663 697 1812 737 satisfit
1834 698 1924 739 solo

195 777 372 806 assensu
394 769 623 806 externo
648 769 689 805 et
711 764 968 817 obsequioso
993 765 1233 808 silentio.

309 837 350 879 2.
373 835 584 877 Assensus
600 834 863 876 exhibendus
880 835 1038 887 judicio
1063 836 1128 876 vel
1150 837 1380 888 magisterii
1395 837 1620 879 infallibilis
1635 838 1926 879 infallibilitate

194 912 338 948 tamen
360 919 438 947 sua
459 918 547 947 non
569 907 726 946 utentis
748 907 903 960 (neque
919 907 1125 961 enimoequi
1139 912 1351 959 potestate
1366 908 1506 961 aliqua
1522 909 1661 961 pollet,
1684 921 1735 949 ea
1758 921 1926 961 semper

195 977 428 1019 secundum
449 982 584 1018 totam
608 977 715 1018 illius
738 978 1021 1018 intensionem
1053 978 1111 1019 uti
1144 978 1251 1019 solet
1282 979 1347 1019 vel
1379 978 1534 1035 debet),
1567 981 1631 1020 vel
1663 981 1927 1021 auctoritatis

194 1061 281 1090 non
301 1047 539 1097 infallibilis,
572 1048 624 1089 de
657 1061 739 1101 qua
773 1049 934 1099 egimus
957 1061 996 1091 n.
1020 1052 1106 1092 514
1128 1062 1171 1098 s,
1203 1062 1288 1090 non
1322 1049 1448 1091 debet
1470 1062 1563 1091 esse
1586 1051 1842 1091 absolute
1866 1052 1927 1090 in-

195 1119 346 1161 dubius
368 1123 410 1160 et
430 1132 560 1171 supra
583 1120 727 1160 omnia
750 1119 894 1160 firmus
915 1120 957 1174 ¹).

312 1191 354 1234 3.
378 1189 478 1231 Inde
500 1194 644 1231 tamen
666 1202 753 1231 non
775 1191 975 1243 sequitur,
997 1190 1124 1231 licere
1139 1191 1331 1232 fidelibus
1354 1204 1431 1244 pro
1454 1192 1631 1233 lubitu
1653 1193 1828 1233 interius
1851 1192 1928 1232 du-

196 1260 344 1310 bitare,
377 1272 600 1301 assensum
633 1260 832 1301 cohibere
863 1261 1088 1311 internum,
1130 1262 1296 1303 silentio
1329 1262 1466 1304 solum
1499 1264 1771 1315 acquiescere
1804 1262 1928 1304 obse-

196 1333 368 1384 quios03
391 1332 471 1372 nisi
494 1332 606 1372 enim
631 1332 823 1373 ordinem
845 1332 1053 1373 moralem
1077 1336 1119 1373 et
1141 1333 1357 1382 socialem,
1382 1334 1466 1374 imo
1490 1338 1532 1374 et
1553 1333 1807 1375 rationalem
1829 1333 1928 1374 sub-

194 1406 358 1443 vertere
380 1402 569 1452 velimus,
593 1403 757 1443 admitti
771 1401 929 1444 debent
942 1403 1083 1455 plures
1098 1415 1298 1445 assensus
1320 1405 1474 1444 interni
1497 1405 1671 1456 species,
1694 1416 1804 1457 quae
1821 1405 1930 1445 inter

196 1472 427 1523 indubium,
449 1485 576 1525 super
591 1474 736 1514 omnia
752 1473 931 1523 firmum,
953 1473 1211 1515 infallibilem
1234 1479 1276 1515 et
1291 1474 1599 1515 dubitationem
1614 1475 1755 1515 locum
1769 1473 1929 1514 habere

195 1548 394 1596 possunt3
417 1548 457 1585 et
480 1556 531 1585 ex
554 1556 605 1585 eo
629 1545 743 1597 quod
764 1544 953 1596 pontifex
976 1557 1063 1585 non
1086 1545 1215 1586 utitur
1238 1557 1438 1598 suprema
1461 1545 1641 1586 docendi
1664 1545 1928 1586 auctoritate.

195 1627 282 1655 non
305 1614 448 1656 definit
480 1627 531 1656 ex
563 1615 778 1664 cathedra,
810 1628 896 1656 non
928 1616 1117 1668 sequitur
1143 1627 1239 1656 eum
1264 1616 1378 1668 loqui
1410 1621 1455 1656 ut
1476 1616 1696 1657 doctorem
1718 1616 1930 1667 privatum

197 1686 311 1737 paris
335 1686 600 1726 auctoritatis
623 1698 719 1726 cum
743 1686 931 1739 quolibet
954 1687 1036 1727 alio
1060 1687 1270 1739 theologo.

313 1756 354 1800 4.
378 1755 625 1809 Cujusmodi
640 1767 740 1797 vero
765 1756 918 1798 debeat
942 1769 1035 1798 esse
1059 1769 1271 1807 assensus,
1296 1771 1381 1799 non
1405 1762 1544 1809 potest
1566 1758 1607 1797 in
1631 1768 1785 1808 genere
1809 1756 1929 1797 facile

196 1827 369 1876 definiri,
392 1839 489 1868 cum
511 1827 553 1868 id
576 1827 758 1880 pendeat
782 1840 807 1868 a
830 1828 958 1868 variis
974 1828 1184 1880 adjunctis
1201 1833 1326 1881 atquc
1350 1840 1376 1869 a
1393 1828 1539 1879 judicii
1554 1827 1703 1868 forma.
1726 1826 1815 1868 Nisi
1830 1839 1929 1879 ergo

195 1898 363 1949 gravior
386 1898 526 1951 aliqua
549 1898 782 1939 auctoritas
805 1898 1013 1951 ejusmodi
1030 1899 1177 1951 judicii
1199 1899 1286 1939 vim
1318 1911 1369 1940 ac
1392 1898 1522 1939 robur
1543 1898 1760 1939 rescindat
1780 1898 1846 1938 vel
1868 1898 1932 1937 in-

197 1969 350 2020 fringat
371 1968 435 2024 (ut
456 1970 490 2009 si
513 1969 748 2021 episcopus,
773 1969 998 2010 concilium
1020 1970 1280 2022 provinciale
1303 1974 1379 2010 etc.
1406 1969 1564 2022 aliquid
1587 1969 1760 2010 doceret
1782 1973 1932 2009 contra

198 2043 357 2080 certam
380 2038 593 2080 Ecclesiae
616 2040 866 2080 universalis
887 2040 953 2080 vel
976 2040 1130 2080 summi
1152 2040 1360 2092 pontificis
1392 2040 1676 2095 sententiam),
1707 2040 1884 2091 exigitur
1907 2052 1931 2080 a

198 2109 321 2150 bonis
341 2109 555 2151 Ecclesiae
578 2110 670 2151 filiis
692 2124 734 2153 a.
759 2122 812 2151 ne
828 2110 1113 2163 obloquantur
1136 2111 1340 2152 adversus
1354 2111 1585 2163 magisterii
1599 2110 1841 2158 authentici,
1857 2109 1931 2150 sed

194 2192 281 2221 non
312 2180 551 2230 infallibilis,
579 2181 796 2233 judicium,
828 2181 1008 2234 ideoque
1030 2181 1211 2237 {servent
1241 2182 1454 2223 silentium
1487 2181 1811 2234 obsequiosum3
1844 2181 1931 2221 exi-

197 2251 305 2303 gitur
326 2252 373 2295 b.
397 2256 444 2292 ut
465 2265 589 2293 suum
611 2252 668 2292 illi
691 2252 958 2293 conforment
974 2252 1180 2304 judicium
1211 2257 1338 2305 atque
1369 2253 1581 2293 internum
1613 2251 1842 2293 exhibeant
1863 2263 1933 2292 as-

195 2333 387 2369 sensum;
419 2323 538 2375 cujus
572 2335 612 2366 c.
647 2335 848 2364 assensus
878 2324 1032 2364 interni
1062 2322 1238 2364 firmitas
1269 2323 1469 2375 pendebit
1499 2323 1704 2376 a‘majori
1725 2322 1932 2363 minorive

197 2392 375 2434 docendi
397 2393 628 2444 authentia,
651 2406 753 2435 cura
775 2398 817 2435 et
838 2394 1128 2443 sollicitudine,
1164 2406 1248 2446 qua
1271 2393 1509 2434 confectum
1541 2398 1604 2434 est
1625 2393 1854 2442 decretum,
1879 2392 1932 2433 ab

198 2463 392 2505 absentia
413 2465 626 2506 rationum
648 2466 690 2505 in
714 2465 985 2513 contrarium,
1008 2465 1051 2505 in
1073 2465 1217 2517 primis
1238 2476 1341 2505 vero
1366 2476 1391 2505 a
1413 2464 1565 2517 maj0ri
1587 2464 1793 2505 minorive
1809 2476 1933 2516 prae-

202 2535 452 2587 sumptione,
475 2547 558 2588 qua
581 2536 760 2588 supponi
784 2539 826 2576 et
845 2535 1061 2587 praesumi
1082 2538 1222 2587 potest
1244 2546 1477 2576 consensus
1500 2534 1765 2575 auctoritatis
1787 2546 1931 2586 supre-

201 2617 296 2646 mae
328 2609 454 2658 atque
485 2605 722 2647 infallibilis.
774 2606 862 2647 Imo
895 2606 1009 2646 haud
1040 2606 1250 2646 immerito
1283 2609 1428 2646 censet
1460 2603 1803 2646 Granderath
1844 2604 1866 2645 l.
1899 2617 1931 2644 c·

197 2687 288 2727 pag.
301 2678 385 2720 631
399 2689 451 2720 ss.
468 2677 593 2717 certis
608 2677 653 2717 in
668 2677 878 2729 adjunctis
893 2677 1092 2732 (quorum
1106 2677 1228 2729 plura
1242 2680 1437 2717 recenset
1458 2675 1486 2717 S
1499 2688 1521 2717 c
1532 2676 1560 2717 h
1572 2688 1595 2717 e
1607 2688 1630 2717 e
1644 2675 1671 2716 b
1683 2688 1706 2717 e
1718 2689 1745 2716 n
1766 2688 1805 2718 n.
1830 2678 1930 2729 567)

198 2758 420 2787 assensum
442 2747 726 2788 exhibendum
751 2759 843 2788 esse
866 2747 991 2800 plane
1013 2746 1244 2795 indubium,
1281 2747 1450 2800 qualem
1472 2759 1622 2788 revera
1644 2746 1822 2788 subinde
1845 2746 1932 2785 exi-

341 2887 363 2931 1)
382 2886 592 2931 Loquimur,
612 2889 654 2921 ut
671 2898 734 2932 per
753 2899 788 2921 se
806 2890 921 2932 patet,
949 2887 993 2921 de
1021 2897 1169 2921 assensu
1196 2888 1282 2921 huic
1309 2887 1519 2933 magisterio
1558 2886 1763 2921 exhibendo
1782 2888 1932 2929 propter

199 2941 315 2984 ipsius
330 2941 600 2981 auctoritatem,
611 2951 685 2975 non
700 2941 744 2975 de
756 2952 904 2976 assensu
914 2941 954 2974 in
964 2941 1228 2976 revelationem
1240 2941 1402 2976 divinam
1414 2941 1473 2976 vel
1484 2941 1660 2987 dogmata
1675 2940 1752 2984 jam
1768 2938 1931 2977 definita,

197 3004 290 3036 quae
308 2993 453 3028 homini
470 3004 536 3038 per
551 2996 728 3038 pastores,
748 2994 938 3039 episcopos
957 2995 1037 3033 etc„
1056 2994 1120 3038 qui
1137 3005 1202 3039 per
1220 3005 1257 3028 se
1275 2994 1494 3028 infallibiles
1511 3005 1586 3028 non
1605 2994 1700 3033 sunt,
1726 3001 1932 3036 proponan-

197 3050 268 3082 tur.
289 3047 478 3088 Quomodo
506 3047 634 3082 hocin
661 3059 747 3082 casu
775 3058 942 3082 assensus
968 3047 1054 3082 fidei
1078 3047 1251 3082 indubius
1268 3049 1453 3093 gignatur,
1482 3047 1606 3091 colligi
1636 3047 1746 3081 debet
1765 3056 1805 3080 ex
1825 3045 1931 3079 dictis

197 3113 233 3133 n.
251 3102 330 3135 486.
369 3099 420 3134 Of.
439 3100 467 3134 P
479 3111 497 3133 a
510 3101 522 3134 l
535 3100 676 3134 mieri
693 3101 716 3135 l.
737 3111 765 3134 c.
786 3101 957 3134 Scholion
975 3100 1020 3135 ΙΙ.
1036 3102 1121 3145 post
1138 3102 1231 3136 thes.
1253 3101 1397 3136 XXXlI.
