2175 3382
281 164 337 201 ,μ
578 157 696 192 'frat—t.
721 157 742 189 l.
765 156 945 201 Apologia
966 158 1073 199 relig.
1094 158 1219 193 christ.
1239 158 1368 193 'l‘liesis
1389 158 1446 194 xi.
1469 158 1518 192 Dc
1537 159 1712 193 vaticinio
1966 197 2053 277 l

280 276 496 327 praedicta
530 275 618 318 Act.
644 279 680 323 -2,
715 279 780 319 37.
815 302 870 306 ——
907 276 1054 317 Passio
1087 289 1187 318 vero
1221 282 1347 330 atque
1381 290 1495 318 mors
1528 276 1682 319 Christi
1714 284 1913 322 accurate
1954 293 2019 322 re-

279 345 459 397 spondet
483 345 547 389 Ps.
573 348 624 390 21
651 352 692 388 et
714 347 762 391 Is.
787 360 820 390 c.
844 352 911 393 53
936 361 985 388 ac
1008 350 1040 389 si
1075 350 1116 389 lii
1148 349 1382 402 prophetae
1415 362 1500 390 non
1533 361 1625 391 rem
1648 351 1935 403 praedixerint
1956 351 2020 393 fu-

281 422 430 457 turam.
454 417 528 458 sed
553 422 682 459 testes
707 419 861 459 oculati
885 420 1010 471 liujus
1032 420 1218 471 lugubris
1241 419 1470 472 spectaculi
1494 420 1651 462 factum
1673 423 1888 462 narrarint
1901 434 2020 475 prae-

280 487 461 530 teritum.

401 571 440 613 7.
467 571 569 613 Post
591 573 818 624 gloriosam
844 585 867 613 a
892 573 1068 614 mortuis
1092 574 1446 614 resurrectionem
1463 572 1654 615 Christus
1673 574 1852 627 populos
1867 575 2019 616 mirum

278 641 320 680 in
353 641 526 682 modum
562 643 614 683 ad
651 656 696 684 se
720 644 929 684 convertit
951 649 1078 696 atque
1101 644 1154 684 ad
1178 645 1463 696 cognitionem
1486 646 1730 698 cultumque
1753 646 1841 686 veri
1862 645 1938 687 Dei
1960 651 2021 687 at-

280 712 416 761 traxit,
448 713 630 766 ideoque
663 714 908 767 adimplevit
929 715 1129 755 vaticinia
1161 714 1212 756 de
1245 716 1432 768 gentium
1464 717 1765 763 conversione;
1798 727 1945 757 verum
1967 716 2019 757 de

278 781 359 822 liae
383 783 488 824 sicut
513 789 553 825 et
592 785 643 825 de
676 786 810 836 gentis
835 785 991 857 judaic
989 797 1033 826 ie
1065 785 1366 837 reprobatione
1390 787 1630 828 accuratius
1654 787 1792 828 infra
1784 800 1825 827 in
1848 787 1903 827 th.
1927 786 2019 827 XVI

278 852 586 911 disputabimus
609 857 650 911 1).

394 954 462 993 422.
487 951 656 994 Tllesls
680 951 765 994 XI·
810 965 1073 1006 Dilsyenter
1099 967 1316 1007 (arpensis
1345 967 1456 1000 Gen.
1485 967 1560 1008 49,
1596 967 1662 1009 m,
1681 968 1805 1002 Dan.
1823 969 1868 1010 9,
1887 968 1944 1002 14
1961 978 2019 1003 ss.

277 1027 318 1058 et
349 1024 521 1065 Aqqnei
547 1025 590 1066 2,
621 1022 647 1058 7
670 1034 704 1058 s.
726 1025 904 1066 patebit
930 1024 969 1058 1.
996 1027 1178 1066 tempus
1205 1027 1431 1060 adventus
1457 1027 1656 1061 Messiae
1682 1027 1781 1069 jam
1807 1037 1900 1063 esse
1926 1029 2020 1063 ela-

272 1093 410 1126 psum
425 1095 440 1123 ‚·
464 1085 655 1127 ideoque
681 1086 723 1118 2.
750 1093 856 1118 eum
874 1085 978 1127 ιῘατη
1006 1086 1272 1120 advenisse:
1298 1095 1403 1120 cum
1421 1095 1528 1120 vero
1547 1086 1589 1120 3.
1608 1088 1660 1120 in
1677 1087 1863 1122 nullum
1879 1097 2017 1130 prae-

277 1148 346 1178 ter
371 1146 530 1179 Jesum
556 1145 713 1185 filium
732 1146 922 1179 Mariae
940 1147 1109 1180 horum
1129 1147 1426 1189 aliorumque
1445 1148 1726 1181 vaticinioru
1796 1148 2020 1190 adium-ta

276 1205 534 1246 quadrent:
569 1204 934 1239 concludendum
975 1207 1053 1246 est,
1078 1205 1243 1238 Jesum
1271 1206 1507 1239 Christum
1540 1215 1634 1240 esse
1661 1206 1695 1239 1]
1785 1208 1881 1242 iam
1907 1210 2019 1244 clivi-

277 1264 403 1296 nitus
424 1264 728 1305 promissum.

395 1326 757 1382 Demonstratio
782 1352 827 1394 p.
853 1339 892 1382 Ι.
918 1338 978 1379 Ex
1011 1339 1246 1380 innumeris
1269 1339 1475 1380 vaticiniis
1506 1338 1730 1380 messianis
1753 1338 1834 1378 tria
1855 1342 2021 1379 tantum

278 1408 492 1461 seligimus
515 1410 757 1450 accuratius
780 1410 1071 1462 expendenda,
1095 1422 1205 1463 quae
1227 1422 1324 1451 cum
1348 1411 1484 1462 ipsum
1508 1414 1674 1462 tempus
1690 1409 1897 1451 adventus
1910 1409 2019 1451 Mes-

276 1480 364 1521 siae
388 1480 682 1529 determinent,
716 1481 769 1521 ad
792 1481 1048 1522 solutionem
1082 1482 1355 1534 quaestionis,
1388 1495 1490 1522 num
1509 1482 1600 1534 J'am
1624 1481 1844 1522 advenerit
1865 1484 1907 1522 et
1928 1481 2020 1534 quis

277 1551 344 1598 ille
366 1552 430 1599 sit,
452 1552 588 1604 magis
605 1556 719 1608 „sunt
741 1556 993 1605 opportuna.
1037 1552 1226 1593 Primum
1249 1553 1491 1594 continetur
1512 1552 1653 1594 verbis
1674 1551 1825 1594 Jacobi
1846 1551 2021 1593 benedi-

277 1622 412 1663 centis
435 1621 537 1663 Gen.
560 1627 617 1667 49
650 1622 742 1664 filiis
774 1624 861 1664 suis
893 1623 1264 1665 benedictionibus
1293 1624 1476 1676 propriis
1508 1628 1548 1665 et
1583 1623 1884 1664 annunciantis
1911 1634 2019 1675 quae

277 1698 457 1735 ventura
478 1694 580 1746 ipsis
603 1698 746 1734 essent
768 1694 821 1750 (v.
849 1696 1016 1747 1—29).
1038 1694 1099 1734 Ex
1121 1694 1273 1746 quibus
1296 1694 1351 1735 ad
1372 1694 1570 1735 Messiam
1593 1698 1788 1747 spectant
1809 1694 1852 1734 in
1873 1693 2022 1745 primis

278 1777 387 1818 quae
418 1765 595 1817 legimus
616 1778 652 1805 v.
680 1769 754 1809 10:
786 1765 881 1806 Non
919 1766 1136 1818 auferetur
1169 1770 1373 1819 sceptrum
1404 1766 1452 1806 cle
1474 1765 1591 1806 ιῙιιᾱα
1625 1770 1659 1805 et
1690 1765 1776 1806 dux
1798 1765 1847 1805 de
1865 1765 2019 1817 femore

275 1837 373 1889 (gius,
406 1837 529 1877 donec
560 1838 695 1877 veniat
727 1837 798 1891 qut
822 1837 1040 1877 mittendus
1063 1844 1132 1891 est,
1164 1837 1254 1885 silo,
1290 1843 1325 1877 et
1352 1838 1436 1890 ipse
1458 1838 1536 1877 erit
1558 1836 1807 1890 exspectatio
1825 1837 2018 1890 yentium.

396 1928 462 1962 43.
497 1922 763 1971 Supponimus
779 1926 911 1959 autem
937 1919 976 1962 1.
993 1923 1064 1960 hoc
1085 1924 1170 1960 vat
1184 1923 1195 1959 i
1209 1923 1402 1960 ciuium
1425 1935 1534 1960 esse
1553 1923 1774 1972 yenuinecm,
1799 1922 1905 1970 quod
1918 1921 2020 1960 Sicut

275 1982 492 2031 generatim
515 1982 563 2018 iis
586 1982 767 2018 omnibus
788 1982 989 2030 probatur,
1020 1982 1166 2030 quibus
1189 1982 1386 2019 evincitur
1408 1981 1667 2019 Pentateuchi
1688 1981 1933 2031 genuinitas,
1964 1982 2020 2019 ita

274 2041 509 2079 nominatim
531 2053 575 2078 ex
599 2041 841 2078 confessione
858 2041 1093 2091 judaeorum
1117 2038 1322 2093 (adversus
1344 2054 1442 2089 quos
1465 2041 1505 2078 in
1527 2040 1666 2090 primis
1690 2040 1917 2078 instituitur
1938 2041 2019 2078 dis-

273 2101 427 2150 putatio
449 2113 494 2137 ex
516 2100 713 2137 vaticiniis
734 2098 968 2153 messianisl,
993 2100 1062 2149 qui
1085 2101 1156 2138 hoc
1178 2101 1284 2137 ultro
1306 2103 1484 2139 tuentur.
1519 2100 1651 2137 Critici
1671 2100 1831 2148 quidem
1854 2100 2017 2138 investi-

274 2162 428 2209 gatores
451 2159 710 2196 Pentateuchi
733 2159 1047 2197 benedictionem
1068 2159 1206 2197 Jacobi
1229 2160 1423 2209 integram
1449 2157 1561 2212 (Gen.
1587 2165 1651 2204 49,
1683 2167 1771 2198 1——
1786 2157 1856 2209 27)
1889 2161 2017 2208 poste-

274 2219 368 2256 riori
390 2218 510 2256 aetati
533 2230 617 2255 esse
640 2218 913 2256 vin·licandam
945 2219 1170 2268 opinantur,
1205 2221 1379 2256 ceterum
1411 2231 1489 2256 non
1520 2218 1825 2263 consentientes,
1862 2219 2039 2256 cuinam·

273 2278 447 2326 praecise
470 2278 590 2314 aetati
611 2280 715 2314 certo
739 2278 792 2315 sit
814 2278 1079 2315 attribuenda.
1132 2279 1318 2316 Attamen
1342 2289 1381 2318 a.
1404 2280 1566 2327 propter
1587 2278 1847 2314 characterem
1869 2278 1911 2314 in
1933 2278 2015 2315 dies

274 2337 505 2374 mutabilem
526 2337 693 2374 istarum
716 2337 948 2385 opinionum
970 2335 1103 2389 (aliter
1125 2337 1231 2375 enim
1253 2337 1375 2374 sentit
1398 2338 1426 2374 D
1441 2337 1552 2374 illm
1568 2349 1684 2381 ann,
1709 2336 1824 2374 aliter
1847 2337 2015 2381 Reuss,

201 2380 387 2547 Jaliter
411 2396 757 2442 Weilhausen,
790 2396 907 2433 aliter
938 2396 1110 2434 sentient
1145 2397 1287 2434 horum
1318 2396 1517 2445 discipuli,
1548 2398 1596 2433 ut
1629 2396 1818 2445 conjicere
1840 2396 1896 2433 fas
1919 2392 2015 2449 est);

202 2452 209 2466 '
273 2453 319 2496 l).
341 2459 501 2503 propter
522 2455 707 2492 effrenem
727 2456 927 2493 licentiam
949 2459 987 2493 et
1008 2456 1223 2499 levitatem,
1247 2469 1327 2504 qua
1345 2468 1450 2493 sacro
1465 2455 1592 2492 text-ui
1615 2455 1689 2492 vim
1711 2455 1888 2492 inferunt
1909 2467 2017 2493 eum-

275 2527 351 2562 que
372 2527 443 2562 pro
464 2514 600 2551 lubitu
621 2518 781 2554 mutant
803 2517 842 2552 et
865 2527 921 2552 ex.
943 2528 1000 2564 gr.
1023 2515 1064 2552 in
1087 2516 1158 2553 hac
1178 2515 1450 2552 benedictione
1473 2515 1519 2551 de
1542 2514 1666 2558 Juda,
1698 2514 1830 2563 ipsum
1856 2514 1960 2552 hunc
1980 2527 2016 2551 v.
2058 2540 2062 2543 -

281 2581 328 2613 10
353 2574 486 2610 delent
508 2571 549 2626 (S
562 2574 642 2610 tad
656 2586 675 2610 e
699 2574 927 2612 Geschichte
950 2574 1017 2611 des
1039 2574 1181 2612 Volkes
1204 2574 1326 2611 Israel
1347 2575 1376 2619 I,
1396 2571 1515 2623 150);
1540 2583 1580 2614 (3.
1601 2576 1764 2622 propter
1786 2573 2016 2611 fundamen-

274 2636 360 2669 tum
383 2645 517 2670 eorum
540 2632 695 2678 falsum,
729 2646 806 2682 quo
836 2636 984 2683 negant
1015 2633 1177 2671 ductum
1201 2633 1559 2671 extraordinarium
1590 2632 1726 2681 populi
1746 2633 1866 2669 Israel
1887 2634 1928 2670 et
1947 2645 2015 2682 ge-

273 2692 440 2728 neratim
471 2691 647 2729 ordinem
678 2693 1040 2740 supernaturalem:
1074 2692 1393 2739 supersedemus·
1416 2692 1464 2729 ab
1496 2691 1734 2740 exponendis
1769 2691 2015 2741 singulorum

275 2750 504 2788 criticorum
534 2750 607 2787 hoc
638 2751 684 2788 de
715 2752 897 2789 vaticinio
927 2751 1040 2789 novis
1074 2752 1370 2800 opinationibus
1385 2748 1427 2803 2).
1482 2751 1642 2788 Veteres
1673 2750 1941 2787 rationalistae
1970 2754 2016 2787 ut

303 2903 308 2906 .
423 2876 953 2922 ¹)Cf.Ch1·)sostomusl
975 2878 1074 2921 quod
1093 2877 1259 2912 Christus
1277 2877 1325 2910 sit
1342 2876 1438 2910 Deus
1457 2889 1490 2911 n.
1511 2880 1530 2910 2·
1551 2889 1596 2911 ss.
1615 2886 1704 2921 opus
1691 2887 1737 2910 ·.c
1755 2877 1781 2910 t.
1797 2875 1873 2910 XV.
1892 2876 2014 2911 81301·-

277 2929 504 2965 chenaul.
523 2940 552 2964 c.
570 2940 656 2974 pag.
677 2933 789 2964 288—
795 2932 882 2966 355:
903 2930 1171 2975 Hettmom
1189 2930 1214 2966 1
1232 2942 1260 2964 c.
1281 2931 1373 2975 disp.
1396 2932 1458 2968 16;
1477 2930 1665 2964 Schanz
1683 2929 2014 2971 KL.80‚13393s.;

279 2982 503 3017 Wilmers
522 2983 567 3016 de
585 2981 687 3027 ielig.
707 2982 815 3017 1·.evel
835 2983 858 3016 1.
880 2986 901 3018 3
919 2994 1022 3027 111Ἆο11
1041 2987 1086 3018 87
1105 2996 1151 3019 se.

421 3040 446 3077 κ3)
464 3034 533 3077 Qui
560 3035 618 3069 his
645 3034 754 3080 plura
772 3035 957 3069 desiderat
975 3036 1017 3072 cf
1039 3037 1199 3070 Humm
1213 3037 1381 3070 elauer
1407 3037 1596 3071 comment.
1626 3036 1663 3069 in
1683 3036 1707 3068 (“
1716 3046 1773 3070 en.
1794 3039 1860 3071 585
1878 3057 1918 3061 —
1934 3038 2012 3071 604.

276 3089 381 3125 Circa
397 3089 580 3123 internam
599 3088 868 3123 benedictionis
883 3089 1082 3133 jacobaeae
1100 3091 1295 3124 veritatem
1311 3090 1400 3124 satis
1416 3099 1597 3133 superque
1615 3090 1800 3124 disserunt
1817 3092 1873 3124 Ca
1885 3089 1899 3123 l
1911 3101 1944 3123 m
1957 3091 2013 3130 et,

278 3142 382 3177 Corn.
402 3154 422 3177 a
444 3143 468 3176 L
481 3154 500 3176 a
513 3142 593 3187 pid
606 3154 643 3177 e.
663 3142 720 3176 Ta
733 3154 756 3187 p
769 3155 791 3187 p
804 3142 888 3176 eho
901 3154 964 3183 rn,
983 3153 1071 3186 prae
1089 3144 1217 3187 primis
1235 3143 1368 3178 Bened.
1389 3143 1533 3177 Perer
1547 3143 1558 3176 i
1571 3154 1593 3176 11
1606 3156 1620 3176 s
1639 3143 1677 3177 iu
1695 3144 1769 3177 suis
1786 3143 1825 3177 in
1843 3142 2011 3177 Genesim
