2175 3382
259 167 334 206 ,μδ
566 161 685 194 'l'i-aict.
709 160 731 193 ἰ-
751 159 933 203 Apologia
952 159 1056 203 relig.
1077 159 1203 193 clii-ist.
1221 159 1350 194 'rhesis
1371 159 1462 196 XXI.
1484 160 1669 194 Min-aculis

370 310 385 326 „
401 282 547 320 Edatur
569 283 629 319 bic
652 283 806 331 aliquis,
839 282 894 320 ait
927 282 1289 320 Tertullianus
1313 283 1424 332 Apol.
1455 295 1486 320 c.
1513 289 1576 327 223,
1610 283 1684 320 sub
1716 283 1986 322 tribunalibus

250 342 402 380 vestris.
436 353 551 390 quem
575 354 596 378 a
619 341 803 379 daemone
827 342 890 391 agi
913 346 1073 379 constet.
1117 341 1261 379 Jussus
1284 355 1306 379 a
1328 342 1504 390 quolibet
1527 342 1741 380 christiano
1763 342 1874 391 loqui
1905 342 1986 392 spi-

249 401 348 439 ritus
371 401 449 445 ille,
473 404 553 437 tam
576 413 614 438 se
638 400 862 438 daemonem
885 400 1140 438 confitebitur
1161 400 1208 438 de
1231 413 1320 438 vero
1345 399 1482 451 (vere),
1519 414 1636 449 quam
1668 402 1762 438 alibi
1786 402 1909 439 Deum
1939 401 1987 439 de

248 461 346 498 falso
378 457 616 512 (fallaciter).
660 461 793 507 Aeque
825 459 1065 508 producatur
1095 459 1238 508 aliquis
1269 473 1312 497 ex
1344 460 1415 503 his,
1448 461 1515 508 qui
1549 460 1596 498 de
1628 461 1706 498 Deo
1738 461 1820 509 pati
1851 460 1987 498 existi-

247 522 408 556 mantur
431 553 437 558 .
463 551 470 558 .
494 549 500 555 .
524 519 600 555 nisi
624 530 664 555 se
688 518 894 556 daemones
916 518 1083 556 confessi
1104 518 1253 555 fuerint
1275 519 1486 556 christiano
1508 519 1670 556 mentiri
1691 532 1771 557 non
1784 519 1989 565 audentes,

246 578 391 616 ibidem
413 578 522 615 illius
545 577 747 615 christiani
768 577 1030 626 procacissimi
1052 577 1282 626 sanguinem
1304 578 1470 618 fundite.
1514 577 1615 622 Quid
1637 579 1712 616 isto
1733 590 1848 627 opere
1862 578 1986 616 mani-

247 638 413 675 festius?
446 637 542 686 quid
565 637 632 674 hac
655 637 885 685 probatione
907 636 1086 674 fidelius?
1119 636 1349 685 simplicitas
1372 637 1550 674 veritatis
1572 637 1612 674 in
1635 637 1762 675 medio
1793 640 1872 681 θεῖς
1903 636 1989 675 vir-

246 707 312 734 t-us
334 697 394 734 illi
418 709 489 734 sua
510 696 683 739 assistit;
706 695 805 732 nihil
828 695 1016 744 suspicari
1039 695 1184 733 licebit.
1227 696 1355 745 Magia
1377 700 1445 733 aut
1468 696 1601 745 aliqua
1623 696 1817 746 ejusmodi
1831 696 1983 734 fallacia

246 756 329 793 fieri
351 756 501 799 dicetis,
526 755 558 792 si
579 755 683 791 oculi
706 754 827 791 vestri
850 758 888 791 et
912 767 1025 792 aures
1048 755 1298 804 permiserint
1319 755 1430 792 vobis
1456 786 1461 792 .
1486 785 1492 791 .
1517 786 1524 792 .
1548 755 1652 792 Haec
1673 755 1844 804 denique
1869 755 1985 793 testi-

247 815 376 853 monia
399 815 559 852 deorum
582 816 805 850 vestrorum
827 814 1057 851 christianos
1079 813 1203 851 facere
1229 817 1485 859 consuerunt;
1520 827 1638 863 quam
1667 815 1884 864 plurimum
1904 814 1985 852 illis

246 873 448 919 credendo,
473 874 513 909 in
536 872 688 910 Christo
711 873 875 910 Domino
897 873 1103 913 credimus.
1139 873 1218 921 Ipsi
1241 873 1446 911 literarum
1468 876 1694 911 nostrarum
1716 874 1830 911 fidem
1853 885 1987 911 accen-

247 934 357 971 dunt.
382 933 457 981 ipsi
481 932 561 980 spei
584 936 739 969 nostrae
763 931 961 969 fidentiam
985 931 1232 969 aedificant<
1276 932 1378 982 Lege
1401 933 1518 970 etiarn
1542 945 1592 970 cc,
1618 939 1682 973 37.
1708 939 1775 974 43.
1801 939 1866 973 46.

368 1014 407 1056 5,
432 1011 519 1053 Imo
553 1011 809 1064 quandoque
831 1011 897 1052 vel
929 1012 1165 1063 gentiles
1197 1013 1419 1053 veritatem
1443 1013 1588 1053 talium
1613 1012 1820 1054 factorum
1844 1016 1989 1054 conte-

249 1087 427 1130 stantur,
450 1087 495 1123 ut
517 1081 686 1123 Marcus
706 1081 963 1123 Aurelius
988 1087 1029 1123 et
1051 1082 1221 1135 quidem
1242 1082 1420 1136 publicis
1441 1083 1573 1124 literis
1594 1084 1635 1140 ¹).
1659 1083 1990 1125 testeTertul-

245 1153 396 1194 liano
420 1153 538 1206 Apol.
563 1165 595 1194 C.
619 1157 666 1200 ὃς
698 1151 846 1194 Celsus
874 1153 1003 1208 (apud
1036 1153 1259 1205 Origenem
1287 1158 1321 1202 1.
1346 1156 1389 1210 6)
1423 1159 1463 1195 et
1485 1154 1735 1195 Ammianus
1767 1153 1989 1195 Marcel-

247 1224 414 1271 linus,
439 1226 509 1277 qui
531 1236 610 1265 rer.
635 1229 734 1277 gest.
757 1223 940 1273 LXXIII,
967 1231 984 1268 1
1012 1224 1139 1266 refert
1162 1225 1460 1277 phaenomena
1483 1226 1602 1275 mira,
1625 1225 1777 1278 quibus
1795 1225 1940 1278 Judaei
1962 1238 1988 1266 a

246 1295 487 1347 reparando
511 1295 668 1347 templo
692 1295 1071 1348 hierosolymitano
1095 1296 1329 1348 praepediti
1352 1296 1468 1338 fuere
1492 1301 1546 1349 (n.
1571 1297 1656 1353 65).

364 1368 406 1409 (5.
430 1365 618 1419 Denique
658 1366 960 1407 miraculorum
993 1368 1149 1408 veritas
1191 1366 1496 1420 comprobatur
1526 1368 1618 1420 ipso
1652 1373 1871 1418 eventu,
1903 1380 1987 1422 quo

246 1439 368 1479 nixus
393 1438 733 1491 Augustinus
750 1440 782 1495 2)
816 1451 866 1480 ex
895 1439 987 1491 ipsa
1019 1439 1273 1492 populorum
1297 1439 1377 1480 fide
1400 1439 1544 1480 insert:
1583 1438 1651 1490 „Si
1672 1451 1748 1492 per
1769 1438 1988 1492 apostolos

246 1507 411 1550 Christi.
434 1514 480 1549 ut
502 1509 563 1549 eis
585 1509 830 1550 crederetur
851 1511 1208 1551 resurrectionem
1232 1515 1359 1564 atque
1383 1511 1679 1552 ascensionem
1694 1508 1848 1551 Christi
1862 1521 1988 1562 prae-

246 1579 499 1621 dicantibus.
533 1580 661 1620 etiam
694 1581 775 1621 ista
798 1581 1002 1622 miracula
1025 1581 1137 1622 tacta
1160 1593 1254 1622 esse
1276 1593 1363 1622 non
1386 1581 1574 1630 credunt,
1605 1582 1687 1622 hoc
1709 1580 1833 1622 nobis
1855 1593 1987 1622 unum

246 1650 404 1701 grande
438 1650 688 1691 miraculum
721 1650 884 1694 sufficit.
918 1652 1031 1705 quod
1054 1664 1148 1693 eam
1174 1658 1384 1693 terrarum
1407 1652 1522 1693 orbis
1545 1653 1634 1694 sine
1656 1652 1750 1693 ullis
1774 1651 1987 1692 miraculis

246 1723 455 1764 credidit.'·'
505 1723 571 1763 An
603 1723 710 1764 torte
741 1736 829 1764 non
861 1729 925 1764 est
955 1723 1210 1776 stupendum
1240 1724 1504 1764 miraculum.
1536 1724 1572 1764 si
1593 1724 1741 1776 ingens
1764 1722 1987 1764 multitudo

246 1794 466 1834 hominum
489 1795 627 1835 omnis
650 1795 917 1844 conditionis,
941 1796 1103 1845 aetatis,
1125 1796 1322 1838 nationis.
1344 1796 1454 1837 inter
1476 1808 1582 1848 quos
1604 1795 1773 1848 plurimi
1792 1795 1871 1835 viri
1892 1806 1990 1835 eru-

247 1863 331 1911 diti,
372 1864 642 1917 amplectitur
682 1865 929 1917 religionem
959 1867 1161 1907 veritates
1191 1866 1645 1919 incomprehensibiles
1677 1871 1989 1919 praeceptaque

256 1934 497 1975 difficillima
519 1937 883 1989 complectentem.
917 1938 1068 1990 spretis
1090 1938 1238 1978 mundi
1259 1938 1509 1987 commodis,
1540 1938 1685 1978 innixa
1706 1937 1799 1978 sola
1820 1936 1987 1978 rudium

245 2006 433 2046 virorum
467 2007 798 2058 praedicatione.
831 2009 903 2061 qui
933 2009 1092 2049 nullam
1124 2008 1204 2049 sibi
1234 2010 1322 2050 sive
1354 2009 1519 2050 reddita
1549 2009 1715 2050 ratione
1747 2008 1835 2049 sive
1866 2007 1987 2049 editis

244 2076 457 2118 miraculis
479 2078 778 2119 conciliassent
795 2079 1098 2119 autoritatem?
1121 2078 1262 2130 Quare
1279 2079 1618 2120 concludendum
1633 2083 1707 2126 est,
1727 2078 1985 2131 religionem,

245 2159 372 2199 quam
405 2152 467 2188 tot
498 2149 756 2190 comitantur
790 2155 1028 2203 ornantque
1060 2149 1278 2197 miracula,
1309 2162 1396 2191 non
1429 2150 1557 2190 aliam
1583 2149 1742 2190 habere
1766 2148 1983 2200 originem,

243 2230 371 2270 quam
394 2220 486 2270 ipsa
510 2220 729 2269 miracula,
752 2220 981 2262 coelestem
1004 2220 1089 2261 scil.
1115 2226 1242 2274 atque
1265 2221 1463 2261 divinam.

365 2310 428 2344 93.
453 2301 697 2346 Scholion.
740 2307 1031 2351 §In-acutorum,
1066 2319 1164 2355 quae
1194 2319 1265 2356 pro
1297 2307 1429 2344 divina
1461 2307 1613 2357 origine
1643 2307 1847 2356 religionis
1879 2304 1983 2343 chri-

244 2363 391 2400 stianae
417 2363 546 2400 afferri
582 2365 719 2411 solent,
756 2366 961 2403 veritatem
994 2366 1219 2404 historicam
1253 2370 1460 2415 propterea
1496 2366 1710 2403 adversarii
1744 2366 1787 2403 in
1819 2366 1987 2403 dubium

244 2424 396 2466 vocant,
420 2423 536 2470 quod,
560 2426 605 2460 ut
627 2426 750 2473 ajunt.
774 2438 880 2462 nunc
901 2437 1030 2462 coram
1049 2425 1147 2474 ipsis
1169 2425 1279 2462 nulla
1293 2426 1488 2474 ejusmodi
1501 2425 1613 2470 facta,
1637 2437 1736 2474 quae
1748 2425 1985 2462 naturaliter

241 2481 425 2529 explicari
459 2488 668 2530 nequeant,
705 2484 873 2533 amplius
907 2484 1159 2533 contingant:
1195 2497 1286 2534 ergo
1321 2485 1384 2521 vix
1419 2485 1604 2522 credibile
1627 2484 1731 2533 quod
1765 2484 1860 2522 olim
1893 2495 1985 2522 con-

242 2539 419 2589 tigerint.
463 2540 817 2580 Praetermittenda
839 2555 931 2592 ergo
953 2555 1033 2581 non
1056 2545 1115 2581 est
1136 2544 1326 2592 quaestio,
1359 2557 1456 2581 num
1477 2557 1612 2581 revera
1642 2543 1830 2582 miracula
1861 2555 1985 2581 cessa-

241 2598 373 2636 verint
398 2599 460 2636 vel
482 2600 630 2646 saltem,
655 2614 774 2649 quare
797 2602 925 2639 rarius
948 2603 1191 2652 contingant.
1235 2603 1380 2640 Verum

362 2655 402 2698 1.
436 2658 513 2695 alia
544 2662 603 2697 est
635 2660 807 2698 conditio
837 2661 1034 2699 nascentis
1064 2662 1415 2712 propagandaeque
1446 2662 1650 2707 Ecclesiae,
1684 2661 1760 2699 alia
1789 2661 1983 2699 Ecclesiae

237 2717 317 2764 jam
341 2720 588 2767 propagatae,
621 2719 790 2765 adultae,
823 2732 923 2768 quae
945 2721 1031 2769 ipsa
1062 2733 1131 2758 sua
1153 2721 1307 2766 canitie,
1339 2721 1580 2770 populorum
1609 2721 1873 2766 consensione,
1903 2720 1984 2760 vir-

240 2777 376 2812 tutum
410 2777 566 2814 cultura
602 2779 847 2827 aliarumque
879 2779 1017 2816 dotum
1049 2780 1256 2828 splendore
1287 2782 1421 2817 tantae
1453 2781 1615 2817 exsistat
1644 2779 1902 2826 auctoritatis,
1937 2784 1985 2817 ut

241 2834 337 2871 citra
359 2835 548 2872 miracula
572 2838 778 2875 conciliare
812 2838 935 2886 possit
965 2838 1041 2875 sibi
1071 2838 1198 2876 fidem.
1242 2838 1326 2883 Quo
1359 2851 1479 2876 sensu
1510 2839 1609 2876 dixit
1631 2839 1911 2888 Gregorius
1931 2840 1983 2876 M.

242 2893 344 2930 hom.
371 2899 422 2932 29
447 2893 490 2930 in
510 2894 578 2932 Ev.
601 2909 638 2934 n.
664 2903 708 2936 4:
741 2897 873 2941 „Haec
895 2897 1115 2934 necessaria
1135 2898 1176 2935 in
1198 2898 1353 2935 exordio
1375 2897 1568 2935 Ecclesiae
1589 2897 1763 2935 fuerunt.
1804 2898 1857 2935 Ut
1879 2898 1983 2935 enim

241 2951 333 2989 fides
356 2956 555 2999 cresceret,
578 2955 779 2993 miraculis
801 2955 929 2993 fuerat
950 2956 1173 3002 nutrienda,
1198 2956 1291 3005 quia
1313 2958 1352 2994 et
1372 2969 1443 2994 nos
1466 2969 1555 2994 cum
1568 2957 1732 2994 arbusta
1744 2957 1982 3005 plantamus,

386 3082 408 3121 ¹)
428 3077 479 3112 Cf.
498 3080 624 3112 annot.
644 3090 768 3123 opusc.
788 3080 881 3115 XIX.
900 3092 936 3125 p.
951 3084 996 3117 36
1012 3089 1048 3115 et
1067 3081 1100 3114 H
1111 3094 1135 3116 u
1146 3082 1170 3116 b
1183 3093 1201 3116 e
1212 3093 1230 3115 r
1249 3081 1465 3116 Geschichte
1480 3081 1545 3115 der
1560 3081 1793 3126 Einfiihrung
1806 3080 1883 3116 und
1895 3081 1983 3116 Ver-

241 3130 414 3175 breitung
434 3132 495 3165 des
515 3131 739 3166 Christenth.
758 3133 797 3166 in
817 3132 1199 3169 Sadostdeutschland
1220 3139 1249 3175 l,
1269 3139 1315 3169 45
1333 3146 1379 3168 ss.
