<?xml version="1.0" encoding="UTF-8"?>
<!DOCTYPE html PUBLIC "-//W3C//DTD XHTML 1.0 Transitional//EN"
    "http://www.w3.org/TR/xhtml1/DTD/xhtml1-transitional.dtd">
<html xmlns="http://www.w3.org/1999/xhtml" xml:lang="en" lang="en">
 <head>
  <title>
</title>
<meta http-equiv="Content-Type" content="text/html;charset=utf-8" />
  <meta name='ocr-system' content='tesseract 3.04.00' />
  <meta name='ocr-capabilities' content='ocr_page ocr_carea ocr_par ocr_line ocrx_word'/>
</head>
<body>
  <div class='ocr_page' id='page_1' title='image "./theologiaedogmat01hurt/theologiaedogmat01hurt_0495.png"; bbox 0 0 2175 3382; ppageno 0'>
   <div class='ocr_carea' id='block_1_1' title="bbox 801 103 1928 153">
    <p class='ocr_par' dir='ltr' id='par_1_1' title="bbox 801 103 1928 153">
     <span class='ocr_line' id='line_1_1' title="bbox 801 103 1928 153; baseline 0 -16"><span class='ocrx_word' id='word_1_1' title='bbox 801 104 897 137; x_wconf 83' lang='lat' dir='ltr'>circa</span> <span class='ocrx_word' id='word_1_2' title='bbox 914 103 1052 137; x_wconf 86' lang='lat' dir='ltr'>factum</span> <span class='ocrx_word' id='word_1_3' title='bbox 1072 103 1318 138; x_wconf 81' lang='lat' dir='ltr'>revelationis.</span> <span class='ocrx_word' id='word_1_4' title='bbox 1834 109 1928 153; x_wconf 77' lang='lat'><strong>&#39;485</strong></span> 
     </span>
    </p>
   </div>
   <div class='ocr_carea' id='block_1_2' title="bbox 195 220 1926 419">
    <p class='ocr_par' dir='ltr' id='par_1_2' title="bbox 195 220 1926 419">
     <span class='ocr_line' id='line_1_2' title="bbox 195 220 1926 278; baseline 0.001 -14"><span class='ocrx_word' id='word_1_5' title='bbox 195 226 451 276; x_wconf 82' lang='lat' dir='ltr'>gumenta‘?“</span> <span class='ocrx_word' id='word_1_6' title='bbox 499 220 644 275; x_wconf 85' lang='lat' dir='ltr'>Neque</span> <span class='ocrx_word' id='word_1_7' title='bbox 676 221 749 263; x_wconf 91' lang='lat' dir='ltr'>tali</span> <span class='ocrx_word' id='word_1_8' title='bbox 782 222 994 263; x_wconf 89' lang='lat' dir='ltr'>evidentia</span> <span class='ocrx_word' id='word_1_9' title='bbox 1025 234 1104 263; x_wconf 91' lang='lat' dir='ltr'>nos</span> <span class='ocrx_word' id='word_1_10' title='bbox 1138 222 1216 263; x_wconf 87' lang='lat' dir='ltr'>frui</span> <span class='ocrx_word' id='word_1_11' title='bbox 1237 226 1416 263; x_wconf 87' lang='lat' dir='ltr'>testatur</span> <span class='ocrx_word' id='word_1_12' title='bbox 1439 225 1716 275; x_wconf 82' lang='lat' dir='ltr'>experientia:</span> <span class='ocrx_word' id='word_1_13' title='bbox 1740 225 1926 278; x_wconf 90' lang='lat' dir='ltr'>alioquin</span> 
     </span>
     <span class='ocr_line' id='line_1_3' title="bbox 196 293 1924 342; baseline 0.001 -7"><span class='ocrx_word' id='word_1_14' title='bbox 196 294 347 335; x_wconf 79' lang='lat' dir='ltr'>saltem</span> <span class='ocrx_word' id='word_1_15' title='bbox 379 293 432 334; x_wconf 90' lang='lat' dir='ltr'>ad</span> <span class='ocrx_word' id='word_1_16' title='bbox 455 293 772 334; x_wconf 90' lang='lat' dir='ltr'>assentiendum</span> <span class='ocrx_word' id='word_1_17' title='bbox 793 293 988 334; x_wconf 88' lang='lat' dir='ltr'>revelatis</span> <span class='ocrx_word' id='word_1_18' title='bbox 1010 293 1270 341; x_wconf 89' lang='lat' dir='ltr'>veritatibus,</span> <span class='ocrx_word' id='word_1_19' title='bbox 1305 294 1338 333; x_wconf 88' lang='lat' dir='ltr'>si</span> <span class='ocrx_word' id='word_1_20' title='bbox 1367 305 1451 334; x_wconf 90' lang='lat' dir='ltr'>non</span> <span class='ocrx_word' id='word_1_21' title='bbox 1474 293 1527 334; x_wconf 86' lang='lat' dir='ltr'>ad</span> <span class='ocrx_word' id='word_1_22' title='bbox 1550 294 1818 342; x_wconf 87' lang='lat' dir='ltr'>credendum,</span> <span class='ocrx_word' id='word_1_23' title='bbox 1849 308 1924 337; x_wconf 92' lang='lat' dir='ltr'>ne-</span> 
     </span>
     <span class='ocr_line' id='line_1_4' title="bbox 195 363 1238 419; baseline 0.001 -12"><span class='ocrx_word' id='word_1_24' title='bbox 195 365 508 413; x_wconf 87' lang='lat' dir='ltr'>cessitaremur,</span> <span class='ocrx_word' id='word_1_25' title='bbox 530 364 644 417; x_wconf 92' lang='lat' dir='ltr'>quod</span> <span class='ocrx_word' id='word_1_26' title='bbox 666 363 777 404; x_wconf 87' lang='lat' dir='ltr'>facto</span> <span class='ocrx_word' id='word_1_27' title='bbox 801 363 1051 404; x_wconf 85' lang='lat' dir='ltr'>adversatur</span> <span class='ocrx_word' id='word_1_28' title='bbox 1074 364 1129 419; x_wconf 91' lang='lat' dir='ltr'>(n.</span> <span class='ocrx_word' id='word_1_29' title='bbox 1154 363 1238 419; x_wconf 82' lang='grc'>96).</span> 
     </span>
    </p>
   </div>
   <div class='ocr_carea' id='block_1_3' title="bbox 193 445 1927 1136">
    <p class='ocr_par' dir='ltr' id='par_1_3' title="bbox 195 445 1926 572">
     <span class='ocr_line' id='line_1_5' title="bbox 315 445 1926 499; baseline -0.001 -9"><span class='ocrx_word' id='word_1_30' title='bbox 315 449 356 491; x_wconf 84' lang='grc'>3.</span> <span class='ocrx_word' id='word_1_31' title='bbox 393 447 533 498; x_wconf 86' lang='lat' dir='ltr'>Quare</span> <span class='ocrx_word' id='word_1_32' title='bbox 574 445 724 487; x_wconf 82' lang='lat' dir='ltr'>sufficit</span> <span class='ocrx_word' id='word_1_33' title='bbox 765 445 972 487; x_wconf 83' lang='lat' dir='ltr'>certitudo</span> <span class='ocrx_word' id='word_1_34' title='bbox 1014 445 1241 486; x_wconf 90' lang='lat' dir='ltr'>moralis</span> <span class='ocrx_word' id='word_1_35' title='bbox 1272 445 1500 486; x_wconf 83' lang='lat' dir='ltr'>excludens</span> <span class='ocrx_word' id='word_1_36' title='bbox 1532 458 1657 487; x_wconf 89' lang='lat' dir='ltr'>omne</span> <span class='ocrx_word' id='word_1_37' title='bbox 1689 448 1926 499; x_wconf 89' lang='lat' dir='ltr'>prudens</span> 
     </span>
     <span class='ocr_line' id='line_1_6' title="bbox 195 516 1425 572; baseline -0.001 -13"><span class='ocrx_word' id='word_1_38' title='bbox 195 517 381 567; x_wconf 87' lang='lat' dir='ltr'>dubium,</span> <span class='ocrx_word' id='word_1_39' title='bbox 403 521 449 558; x_wconf 92' lang='lat' dir='ltr'>ut</span> <span class='ocrx_word' id='word_1_40' title='bbox 470 517 672 558; x_wconf 85' lang='lat' dir='ltr'>revelatio</span> <span class='ocrx_word' id='word_1_41' title='bbox 696 516 768 558; x_wconf 88' lang='lat' dir='ltr'>fiat</span> <span class='ocrx_word' id='word_1_42' title='bbox 791 517 1007 558; x_wconf 87' lang='lat' dir='ltr'>evidenter</span> <span class='ocrx_word' id='word_1_43' title='bbox 1029 516 1239 558; x_wconf 86' lang='lat' dir='ltr'>credibilis</span> <span class='ocrx_word' id='word_1_44' title='bbox 1262 520 1318 572; x_wconf 88' lang='lat' dir='ltr'>(n.</span> <span class='ocrx_word' id='word_1_45' title='bbox 1341 520 1425 571; x_wconf 80' lang='lat'>98).</span> 
     </span>
    </p>

    <p class='ocr_par' dir='ltr' id='par_1_4' title="bbox 193 587 1927 1136">
     <span class='ocr_line' id='line_1_7' title="bbox 313 587 1926 645; baseline 0 -15"><span class='ocrx_word' id='word_1_46' title='bbox 313 589 358 632; x_wconf 81' lang='lat'>4.</span> <span class='ocrx_word' id='word_1_47' title='bbox 382 587 496 629; x_wconf 89' lang='lat' dir='ltr'>Haec</span> <span class='ocrx_word' id='word_1_48' title='bbox 528 588 734 629; x_wconf 81' lang='lat' dir='ltr'>certitudo</span> <span class='ocrx_word' id='word_1_49' title='bbox 766 587 942 628; x_wconf 88' lang='lat' dir='ltr'>moralis</span> <span class='ocrx_word' id='word_1_50' title='bbox 973 600 1059 628; x_wconf 91' lang='lat' dir='ltr'>non</span> <span class='ocrx_word' id='word_1_51' title='bbox 1091 592 1154 628; x_wconf 87' lang='lat' dir='ltr'>est</span> <span class='ocrx_word' id='word_1_52' title='bbox 1174 587 1488 628; x_wconf 84' lang='lat' dir='ltr'>uniusmodi</span> <span class='ocrx_word' id='word_1_53' title='bbox 1510 600 1586 640; x_wconf 92' lang='lat' dir='ltr'>pro</span> <span class='ocrx_word' id='word_1_54' title='bbox 1610 588 1817 637; x_wconf 89' lang='lat' dir='ltr'>omnibus,</span> <span class='ocrx_word' id='word_1_55' title='bbox 1841 589 1926 645; x_wconf 59' lang='lat' dir='ltr'>sed,</span> 
     </span>
     <span class='ocr_line' id='line_1_8' title="bbox 193 657 1925 712; baseline -0.001 -11"><span class='ocrx_word' id='word_1_56' title='bbox 193 664 240 701; x_wconf 88' lang='lat' dir='ltr'>ut</span> <span class='ocrx_word' id='word_1_57' title='bbox 261 660 380 712; x_wconf 89' lang='lat' dir='ltr'>ajunt</span> <span class='ocrx_word' id='word_1_58' title='bbox 409 658 605 711; x_wconf 74' lang='lat' dir='ltr'>theologi,</span> <span class='ocrx_word' id='word_1_59' title='bbox 637 659 957 711; x_wconf 82' lang='lat' dir='ltr'>respectiva</span> <span class='ocrx_word' id='word_1_60' title='bbox 989 670 1082 699; x_wconf 91' lang='lat' dir='ltr'>esse</span> <span class='ocrx_word' id='word_1_61' title='bbox 1113 657 1239 699; x_wconf 89' lang='lat' dir='ltr'>debet</span> <span class='ocrx_word' id='word_1_62' title='bbox 1260 659 1284 700; x_wconf 89' lang='lat' dir='ltr'>i.</span> <span class='ocrx_word' id='word_1_63' title='bbox 1307 670 1340 699; x_wconf 92' lang='lat' dir='ltr'>e.</span> <span class='ocrx_word' id='word_1_64' title='bbox 1364 664 1655 699; x_wconf 86' lang='lat' dir='ltr'>consentanea</span> <span class='ocrx_word' id='word_1_65' title='bbox 1686 663 1725 699; x_wconf 89' lang='lat' dir='ltr'>et</span> <span class='ocrx_word' id='word_1_66' title='bbox 1748 672 1925 711; x_wconf 89' lang='lat' dir='ltr'>propor-</span> 
     </span>
     <span class='ocr_line' id='line_1_9' title="bbox 194 728 1926 782; baseline -0.001 -11"><span class='ocrx_word' id='word_1_67' title='bbox 194 731 310 771; x_wconf 86' lang='lat' dir='ltr'>tione</span> <span class='ocrx_word' id='word_1_68' title='bbox 332 729 595 782; x_wconf 82' lang='lat' dir='ltr'>respondens</span> <span class='ocrx_word' id='word_1_69' title='bbox 619 730 762 781; x_wconf 85' lang='lat' dir='ltr'>captui</span> <span class='ocrx_word' id='word_1_70' title='bbox 784 729 904 779; x_wconf 87' lang='lat' dir='ltr'>illius,</span> <span class='ocrx_word' id='word_1_71' title='bbox 928 730 998 782; x_wconf 92' lang='lat' dir='ltr'>qui</span> <span class='ocrx_word' id='word_1_72' title='bbox 1019 729 1144 769; x_wconf 88' lang='lat' dir='ltr'>fidem</span> <span class='ocrx_word' id='word_1_73' title='bbox 1158 729 1246 769; x_wconf 89' lang='lat' dir='ltr'>vult</span> <span class='ocrx_word' id='word_1_74' title='bbox 1265 729 1473 781; x_wconf 85' lang='lat' dir='ltr'>amplecti.</span> <span class='ocrx_word' id='word_1_75' title='bbox 1495 728 1554 770; x_wconf 92' lang='lat' dir='ltr'>Eo</span> <span class='ocrx_word' id='word_1_76' title='bbox 1575 730 1699 781; x_wconf 81' lang='lat' dir='ltr'>igitur</span> <span class='ocrx_word' id='word_1_77' title='bbox 1721 730 1926 782; x_wconf 81' lang='lat' dir='ltr'>majorem</span> 
     </span>
     <span class='ocr_line' id='line_1_10' title="bbox 193 792 1927 853; baseline -0.001 -11"><span class='ocrx_word' id='word_1_78' title='bbox 193 792 288 843; x_wconf 86' lang='lat' dir='ltr'>esse</span> <span class='ocrx_word' id='word_1_79' title='bbox 311 805 488 853; x_wconf 79' lang='lat' dir='ltr'>oportet,</span> <span class='ocrx_word' id='word_1_80' title='bbox 521 812 604 853; x_wconf 91' lang='lat' dir='ltr'>quo</span> <span class='ocrx_word' id='word_1_81' title='bbox 637 800 704 840; x_wconf 87' lang='lat' dir='ltr'>hic</span> <span class='ocrx_word' id='word_1_82' title='bbox 736 805 799 841; x_wconf 88' lang='lat' dir='ltr'>est</span> <span class='ocrx_word' id='word_1_83' title='bbox 830 800 994 841; x_wconf 87' lang='lat' dir='ltr'>doctior</span> <span class='ocrx_word' id='word_1_84' title='bbox 1025 804 1066 841; x_wconf 89' lang='lat' dir='ltr'>et</span> <span class='ocrx_word' id='word_1_85' title='bbox 1097 800 1151 841; x_wconf 90' lang='lat' dir='ltr'>ad</span> <span class='ocrx_word' id='word_1_86' title='bbox 1181 800 1497 853; x_wconf 88' lang='lat' dir='ltr'>perspiciendas</span> <span class='ocrx_word' id='word_1_87' title='bbox 1520 800 1796 849; x_wconf 85' lang='lat' dir='ltr'>difficultates,</span> <span class='ocrx_word' id='word_1_88' title='bbox 1819 813 1927 853; x_wconf 89' lang='lat' dir='ltr'>quae</span> 
     </span>
     <span class='ocr_line' id='line_1_11' title="bbox 196 871 1927 925; baseline -0.001 -12"><span class='ocrx_word' id='word_1_89' title='bbox 196 873 353 925; x_wconf 89' lang='lat' dir='ltr'>opponi</span> <span class='ocrx_word' id='word_1_90' title='bbox 381 871 518 913; x_wconf 85' lang='lat' dir='ltr'>solent</span> <span class='ocrx_word' id='word_1_91' title='bbox 541 871 606 912; x_wconf 93' lang='lat' dir='ltr'>vel</span> <span class='ocrx_word' id='word_1_92' title='bbox 629 875 818 924; x_wconf 83' lang='lat' dir='ltr'>possunt,</span> <span class='ocrx_word' id='word_1_93' title='bbox 849 871 1154 924; x_wconf 87' lang='lat' dir='ltr'>perspicacior;</span> <span class='ocrx_word' id='word_1_94' title='bbox 1187 883 1238 912; x_wconf 88' lang='lat' dir='ltr'>eo</span> <span class='ocrx_word' id='word_1_95' title='bbox 1270 883 1370 912; x_wconf 90' lang='lat' dir='ltr'>vero</span> <span class='ocrx_word' id='word_1_96' title='bbox 1404 873 1606 924; x_wconf 85' lang='lat' dir='ltr'>pauciora</span> <span class='ocrx_word' id='word_1_97' title='bbox 1639 872 1927 912; x_wconf 81' lang='lat' dir='ltr'>credibilitatis</span> 
     </span>
     <span class='ocr_line' id='line_1_12' title="bbox 194 941 1927 996; baseline -0.001 -12"><span class='ocrx_word' id='word_1_98' title='bbox 194 943 464 996; x_wconf 88' lang='lat' dir='ltr'>requiruntur</span> <span class='ocrx_word' id='word_1_99' title='bbox 498 943 668 992; x_wconf 86' lang='lat' dir='ltr'>motiva,</span> <span class='ocrx_word' id='word_1_100' title='bbox 700 955 783 995; x_wconf 92' lang='lat' dir='ltr'>quo</span> <span class='ocrx_word' id='word_1_101' title='bbox 816 943 954 983; x_wconf 88' lang='lat' dir='ltr'>minus</span> <span class='ocrx_word' id='word_1_102' title='bbox 985 947 1048 983; x_wconf 88' lang='lat' dir='ltr'>est</span> <span class='ocrx_word' id='word_1_103' title='bbox 1078 943 1318 991; x_wconf 86' lang='lat' dir='ltr'>instructus,</span> <span class='ocrx_word' id='word_1_104' title='bbox 1359 943 1429 995; x_wconf 88' lang='lat' dir='ltr'>qui</span> <span class='ocrx_word' id='word_1_105' title='bbox 1458 941 1538 983; x_wconf 89' lang='lat' dir='ltr'>fide</span> <span class='ocrx_word' id='word_1_106' title='bbox 1570 947 1633 983; x_wconf 89' lang='lat' dir='ltr'>est</span> <span class='ocrx_word' id='word_1_107' title='bbox 1663 942 1927 993; x_wconf 85' lang='lat' dir='ltr'>imbuendus,</span> 
     </span>
     <span class='ocr_line' id='line_1_13' title="bbox 195 1012 1926 1067; baseline -0.001 -13"><span class='ocrx_word' id='word_1_108' title='bbox 195 1026 278 1067; x_wconf 87' lang='lat' dir='ltr'>quo</span> <span class='ocrx_word' id='word_1_109' title='bbox 310 1015 450 1054; x_wconf 89' lang='lat' dir='ltr'>minus</span> <span class='ocrx_word' id='word_1_110' title='bbox 482 1012 795 1054; x_wconf 85' lang='lat' dir='ltr'>difficultatibus</span> <span class='ocrx_word' id='word_1_111' title='bbox 827 1014 869 1053; x_wconf 90' lang='lat' dir='ltr'>in</span> <span class='ocrx_word' id='word_1_112' title='bbox 900 1015 1161 1054; x_wconf 87' lang='lat' dir='ltr'>contrarium</span> <span class='ocrx_word' id='word_1_113' title='bbox 1193 1013 1496 1066; x_wconf 87' lang='lat' dir='ltr'>perspiciendis</span> <span class='ocrx_word' id='word_1_114' title='bbox 1528 1018 1590 1054; x_wconf 87' lang='lat' dir='ltr'>est</span> <span class='ocrx_word' id='word_1_115' title='bbox 1621 1013 1811 1060; x_wconf 88' lang='lat' dir='ltr'>idoneus,</span> <span class='ocrx_word' id='word_1_116' title='bbox 1844 1026 1926 1066; x_wconf 90' lang='lat' dir='ltr'>quo</span> 
     </span>
     <span class='ocr_line' id='line_1_14' title="bbox 196 1083 1260 1136; baseline 0 -11"><span class='ocrx_word' id='word_1_117' title='bbox 196 1085 334 1125; x_wconf 90' lang='lat' dir='ltr'>minus</span> <span class='ocrx_word' id='word_1_118' title='bbox 358 1083 472 1125; x_wconf 89' lang='lat' dir='ltr'>dubii</span> <span class='ocrx_word' id='word_1_119' title='bbox 494 1084 711 1136; x_wconf 89' lang='lat' dir='ltr'>prudentis</span> <span class='ocrx_word' id='word_1_120' title='bbox 734 1096 869 1136; x_wconf 79' lang='lat' dir='ltr'>capax</span> <span class='ocrx_word' id='word_1_121' title='bbox 892 1084 956 1125; x_wconf 86' lang='lat' dir='ltr'>vel</span> <span class='ocrx_word' id='word_1_122' title='bbox 979 1084 1017 1125; x_wconf 93' lang='lat' dir='ltr'>ei</span> <span class='ocrx_word' id='word_1_123' title='bbox 1040 1084 1260 1126; x_wconf 85' lang='lat' dir='ltr'>obnoxius.</span> 
     </span>
    </p>
   </div>
   <div class='ocr_carea' id='block_1_4' title="bbox 190 1170 1929 3108">
    <p class='ocr_par' dir='ltr' id='par_1_5' title="bbox 190 1170 1929 3108">
     <span class='ocr_line' id='line_1_15' title="bbox 311 1170 1929 1214; baseline 0 -7"><span class='ocrx_word' id='word_1_124' title='bbox 311 1170 499 1208; x_wconf 78' lang='lat' dir='ltr'>Abundat</span> <span class='ocrx_word' id='word_1_125' title='bbox 520 1173 652 1207; x_wconf 88' lang='lat' dir='ltr'>autern</span> <span class='ocrx_word' id='word_1_126' title='bbox 673 1170 860 1207; x_wconf 82' lang='lat' dir='ltr'>revelatio</span> <span class='ocrx_word' id='word_1_127' title='bbox 885 1170 1092 1207; x_wconf 83' lang='lat' dir='ltr'>christiana</span> <span class='ocrx_word' id='word_1_128' title='bbox 1113 1172 1174 1207; x_wconf 85' lang='lat' dir='ltr'>tot</span> <span class='ocrx_word' id='word_1_129' title='bbox 1195 1170 1468 1208; x_wconf 85' lang='lat' dir='ltr'>credibilitatis</span> <span class='ocrx_word' id='word_1_130' title='bbox 1492 1170 1661 1214; x_wconf 86' lang='lat' dir='ltr'>motivis,</span> <span class='ocrx_word' id='word_1_131' title='bbox 1685 1172 1731 1207; x_wconf 92' lang='lat' dir='ltr'>ut</span> <span class='ocrx_word' id='word_1_132' title='bbox 1752 1170 1863 1207; x_wconf 88' lang='lat' dir='ltr'>nulla</span> <span class='ocrx_word' id='word_1_133' title='bbox 1877 1170 1929 1207; x_wconf 87' lang='lat' dir='ltr'>sit</span> 
     </span>
     <span class='ocr_line' id='line_1_16' title="bbox 195 1229 1926 1278; baseline 0.001 -12"><span class='ocrx_word' id='word_1_134' title='bbox 195 1229 398 1266; x_wconf 87' lang='lat' dir='ltr'>hominum</span> <span class='ocrx_word' id='word_1_135' title='bbox 421 1230 540 1266; x_wconf 87' lang='lat' dir='ltr'>etiam</span> <span class='ocrx_word' id='word_1_136' title='bbox 562 1230 765 1267; x_wconf 87' lang='lat' dir='ltr'>doctorum</span> <span class='ocrx_word' id='word_1_137' title='bbox 787 1230 971 1272; x_wconf 84' lang='lat' dir='ltr'>conditio,</span> <span class='ocrx_word' id='word_1_138' title='bbox 1008 1242 1106 1278; x_wconf 91' lang='lat' dir='ltr'>quae</span> <span class='ocrx_word' id='word_1_139' title='bbox 1128 1241 1207 1266; x_wconf 91' lang='lat' dir='ltr'>non</span> <span class='ocrx_word' id='word_1_140' title='bbox 1228 1230 1352 1278; x_wconf 81' lang='lat' dir='ltr'>possit</span> <span class='ocrx_word' id='word_1_141' title='bbox 1374 1229 1566 1277; x_wconf 79' lang='lat' dir='ltr'>ejusmodi</span> <span class='ocrx_word' id='word_1_142' title='bbox 1587 1229 1774 1266; x_wconf 88' lang='lat' dir='ltr'>moralem</span> <span class='ocrx_word' id='word_1_143' title='bbox 1804 1232 1843 1266; x_wconf 87' lang='lat' dir='ltr'>et</span> <span class='ocrx_word' id='word_1_144' title='bbox 1865 1242 1926 1267; x_wconf 88' lang='lat' dir='ltr'>re-</span> 
     </span>
     <span class='ocr_line' id='line_1_17' title="bbox 195 1288 1929 1338; baseline -0.001 -12"><span class='ocrx_word' id='word_1_145' title='bbox 195 1289 409 1337; x_wconf 85' lang='lat' dir='ltr'>spectivam</span> <span class='ocrx_word' id='word_1_146' title='bbox 444 1289 490 1325; x_wconf 89' lang='lat' dir='ltr'>de</span> <span class='ocrx_word' id='word_1_147' title='bbox 513 1288 623 1325; x_wconf 90' lang='lat' dir='ltr'>illius</span> <span class='ocrx_word' id='word_1_148' title='bbox 656 1290 820 1325; x_wconf 84' lang='lat' dir='ltr'>veritate</span> <span class='ocrx_word' id='word_1_149' title='bbox 853 1289 1038 1336; x_wconf 84' lang='lat' dir='ltr'>consequi</span> <span class='ocrx_word' id='word_1_150' title='bbox 1069 1289 1356 1326; x_wconf 82' lang='lat' dir='ltr'>certitudinem.</span> <span class='ocrx_word' id='word_1_151' title='bbox 1401 1290 1673 1338; x_wconf 69' lang='lat' dir='ltr'>‚Argumenta</span> <span class='ocrx_word' id='word_1_152' title='bbox 1704 1288 1784 1333; x_wconf 87' lang='lat' dir='ltr'>illa,</span> <span class='ocrx_word' id='word_1_153' title='bbox 1817 1288 1929 1326; x_wconf 87' lang='lat' dir='ltr'>docet</span> 
     </span>
     <span class='ocr_line' id='line_1_18' title="bbox 193 1347 1926 1396; baseline 0 -12"><span class='ocrx_word' id='word_1_154' title='bbox 193 1347 403 1385; x_wconf 86' lang='lat' dir='ltr'>concilium</span> <span class='ocrx_word' id='word_1_155' title='bbox 425 1347 728 1384; x_wconf 80' lang='lat' dir='ltr'>coloniense</span> <span class='ocrx_word' id='word_1_156' title='bbox 761 1348 820 1384; x_wconf 90' lang='lat' dir='ltr'>tit.</span> <span class='ocrx_word' id='word_1_157' title='bbox 850 1355 863 1387; x_wconf 85' lang='lat'>1</span> <span class='ocrx_word' id='word_1_158' title='bbox 904 1361 984 1396; x_wconf 73' lang='lat' dir='ltr'>cap.</span> <span class='ocrx_word' id='word_1_159' title='bbox 1011 1355 1046 1393; x_wconf 87' lang='lat'>5,</span> <span class='ocrx_word' id='word_1_160' title='bbox 1080 1348 1225 1395; x_wconf 89' lang='lat' dir='ltr'>quibus</span> <span class='ocrx_word' id='word_1_161' title='bbox 1248 1348 1371 1385; x_wconf 87' lang='lat' dir='ltr'>Deum</span> <span class='ocrx_word' id='word_1_162' title='bbox 1403 1348 1579 1385; x_wconf 85' lang='lat' dir='ltr'>locutum</span> <span class='ocrx_word' id='word_1_163' title='bbox 1611 1360 1690 1385; x_wconf 92' lang='lat' dir='ltr'>esse</span> <span class='ocrx_word' id='word_1_164' title='bbox 1722 1347 1926 1391; x_wconf 83' lang='lat' dir='ltr'>evincitur,</span> 
     </span>
     <span class='ocr_line' id='line_1_19' title="bbox 194 1406 1929 1455; baseline -0.001 -11"><span class='ocrx_word' id='word_1_165' title='bbox 194 1419 370 1455; x_wconf 85' lang='lat' dir='ltr'>quaeque</span> <span class='ocrx_word' id='word_1_166' title='bbox 394 1406 540 1444; x_wconf 88' lang='lat' dir='ltr'>motiva</span> <span class='ocrx_word' id='word_1_167' title='bbox 561 1406 834 1444; x_wconf 85' lang='lat' dir='ltr'>credibilitatis</span> <span class='ocrx_word' id='word_1_168' title='bbox 857 1406 1055 1451; x_wconf 89' lang='lat' dir='ltr'>dicuntur,</span> <span class='ocrx_word' id='word_1_169' title='bbox 1089 1419 1177 1444; x_wconf 91' lang='lat' dir='ltr'>cum</span> <span class='ocrx_word' id='word_1_170' title='bbox 1208 1407 1290 1444; x_wconf 86' lang='lat' dir='ltr'>sint</span> <span class='ocrx_word' id='word_1_171' title='bbox 1322 1409 1399 1444; x_wconf 87' lang='lat' dir='ltr'>tam</span> <span class='ocrx_word' id='word_1_172' title='bbox 1424 1407 1561 1445; x_wconf 79' lang='lat' dir='ltr'>multa.</span> <span class='ocrx_word' id='word_1_173' title='bbox 1594 1410 1673 1444; x_wconf 83' lang='lat' dir='ltr'>tam</span> <span class='ocrx_word' id='word_1_174' title='bbox 1704 1406 1820 1452; x_wconf 85' lang='lat' dir='ltr'>varia,</span> <span class='ocrx_word' id='word_1_175' title='bbox 1853 1406 1929 1443; x_wconf 86' lang='lat' dir='ltr'>alia</span> 
     </span>
     <span class='ocr_line' id='line_1_20' title="bbox 195 1465 1927 1515; baseline -0.001 -12"><span class='ocrx_word' id='word_1_176' title='bbox 195 1478 348 1515; x_wconf 87' lang='lat' dir='ltr'>semper</span> <span class='ocrx_word' id='word_1_177' title='bbox 368 1478 438 1514; x_wconf 86' lang='lat' dir='ltr'>pro</span> <span class='ocrx_word' id='word_1_178' title='bbox 460 1466 536 1502; x_wconf 90' lang='lat' dir='ltr'>alia</span> <span class='ocrx_word' id='word_1_179' title='bbox 557 1465 761 1502; x_wconf 89' lang='lat' dir='ltr'>hominum</span> <span class='ocrx_word' id='word_1_180' title='bbox 782 1465 1016 1511; x_wconf 85' lang='lat' dir='ltr'>conditione,</span> <span class='ocrx_word' id='word_1_181' title='bbox 1040 1469 1178 1511; x_wconf 88' lang='lat' dir='ltr'>aetate,</span> <span class='ocrx_word' id='word_1_182' title='bbox 1203 1466 1334 1503; x_wconf 90' lang='lat' dir='ltr'>indole</span> <span class='ocrx_word' id='word_1_183' title='bbox 1356 1466 1579 1515; x_wconf 87' lang='lat' dir='ltr'>mentisque</span> <span class='ocrx_word' id='word_1_184' title='bbox 1602 1466 1759 1503; x_wconf 88' lang='lat' dir='ltr'>cultura</span> <span class='ocrx_word' id='word_1_185' title='bbox 1774 1469 1927 1513; x_wconf 88' lang='lat' dir='ltr'>praesto</span> 
     </span>
     <span class='ocr_line' id='line_1_21' title="bbox 194 1524 1926 1574; baseline -0.001 -12"><span class='ocrx_word' id='word_1_186' title='bbox 194 1528 298 1565; x_wconf 87' lang='lat' dir='ltr'>sunt.</span> <span class='ocrx_word' id='word_1_187' title='bbox 321 1525 482 1573; x_wconf 84' lang='lat' dir='ltr'>ipseque</span> <span class='ocrx_word' id='word_1_188' title='bbox 504 1537 613 1573; x_wconf 89' lang='lat' dir='ltr'>puer,</span> <span class='ocrx_word' id='word_1_189' title='bbox 646 1524 738 1561; x_wconf 89' lang='lat' dir='ltr'>dum</span> <span class='ocrx_word' id='word_1_190' title='bbox 762 1538 783 1561; x_wconf 90' lang='lat' dir='ltr'>a</span> <span class='ocrx_word' id='word_1_191' title='bbox 805 1525 1033 1573; x_wconf 86' lang='lat' dir='ltr'>parentibus</span> <span class='ocrx_word' id='word_1_192' title='bbox 1056 1525 1170 1562; x_wconf 90' lang='lat' dir='ltr'>fidem</span> <span class='ocrx_word' id='word_1_193' title='bbox 1193 1525 1364 1569; x_wconf 86' lang='lat' dir='ltr'>docetur,</span> <span class='ocrx_word' id='word_1_194' title='bbox 1398 1526 1539 1574; x_wconf 88' lang='lat' dir='ltr'>aliqua,</span> <span class='ocrx_word' id='word_1_195' title='bbox 1573 1537 1671 1574; x_wconf 86' lang='lat' dir='ltr'>quae</span> <span class='ocrx_word' id='word_1_196' title='bbox 1703 1525 1738 1562; x_wconf 88' lang='lat' dir='ltr'>ei</span> <span class='ocrx_word' id='word_1_197' title='bbox 1769 1524 1926 1572; x_wconf 87' lang='lat' dir='ltr'>quidem</span> 
     </span>
     <span class='ocr_line' id='line_1_22' title="bbox 195 1583 1924 1632; baseline 0 -12"><span class='ocrx_word' id='word_1_198' title='bbox 195 1584 409 1628; x_wconf 83' lang='lat' dir='ltr'>sufficiunt,</span> <span class='ocrx_word' id='word_1_199' title='bbox 434 1583 576 1624; x_wconf 74' lang='lat' dir='ltr'>haurit.</span> <span class='ocrx_word' id='word_1_200' title='bbox 590 1589 607 1607; x_wconf 76' lang='lat'>«</span> <span class='ocrx_word' id='word_1_201' title='bbox 651 1584 784 1628; x_wconf 77' lang='lat' dir='ltr'>,Quin</span> <span class='ocrx_word' id='word_1_202' title='bbox 806 1584 933 1628; x_wconf 80' lang='lat' dir='ltr'>etiam,</span> <span class='ocrx_word' id='word_1_203' title='bbox 957 1584 1066 1621; x_wconf 84' lang='lat' dir='ltr'>addit</span> <span class='ocrx_word' id='word_1_204' title='bbox 1088 1585 1295 1622; x_wconf 89' lang='lat' dir='ltr'>concilium</span> <span class='ocrx_word' id='word_1_205' title='bbox 1317 1585 1611 1622; x_wconf 89' lang='lat' dir='ltr'>vaticanum</span> <span class='ocrx_word' id='word_1_206' title='bbox 1634 1596 1726 1621; x_wconf 88' lang='lat' dir='ltr'>sess.</span> <span class='ocrx_word' id='word_1_207' title='bbox 1752 1590 1773 1624; x_wconf 86' lang='lat'>3</span> <span class='ocrx_word' id='word_1_208' title='bbox 1799 1596 1883 1632; x_wconf 87' lang='lat' dir='ltr'>cap.</span> <span class='ocrx_word' id='word_1_209' title='bbox 1903 1589 1924 1623; x_wconf 84' lang='lat'>3</span> 
     </span>
     <span class='ocr_line' id='line_1_23' title="bbox 194 1643 1925 1693; baseline -0.001 -13"><span class='ocrx_word' id='word_1_210' title='bbox 194 1644 242 1680; x_wconf 87' lang='lat' dir='ltr'>de</span> <span class='ocrx_word' id='word_1_211' title='bbox 263 1643 350 1688; x_wconf 91' lang='lat' dir='ltr'>fide,</span> <span class='ocrx_word' id='word_1_212' title='bbox 373 1643 542 1679; x_wconf 86' lang='lat' dir='ltr'>Ecclesia</span> <span class='ocrx_word' id='word_1_213' title='bbox 565 1655 632 1691; x_wconf 89' lang='lat' dir='ltr'>per</span> <span class='ocrx_word' id='word_1_214' title='bbox 653 1655 691 1680; x_wconf 89' lang='lat' dir='ltr'>se</span> <span class='ocrx_word' id='word_1_215' title='bbox 715 1643 800 1691; x_wconf 87' lang='lat' dir='ltr'>ipsa</span> <span class='ocrx_word' id='word_1_216' title='bbox 822 1643 870 1680; x_wconf 92' lang='lat' dir='ltr'>ob</span> <span class='ocrx_word' id='word_1_217' title='bbox 893 1656 1005 1680; x_wconf 88' lang='lat' dir='ltr'>suam</span> <span class='ocrx_word' id='word_1_218' title='bbox 1026 1656 1163 1692; x_wconf 88' lang='lat' dir='ltr'>nempe</span> <span class='ocrx_word' id='word_1_219' title='bbox 1194 1644 1460 1680; x_wconf 79' lang='lat' dir='ltr'>admirabilem</span> <span class='ocrx_word' id='word_1_220' title='bbox 1484 1643 1813 1693; x_wconf 70' lang='lat' dir='ltr'>propagationem,</span> <span class='ocrx_word' id='word_1_221' title='bbox 1847 1643 1925 1680; x_wconf 74' lang='lat' dir='ltr'>exi-</span> 
     </span>
     <span class='ocr_line' id='line_1_24' title="bbox 194 1702 1925 1747; baseline 0 -9"><span class='ocrx_word' id='word_1_222' title='bbox 194 1702 312 1739; x_wconf 87' lang='lat' dir='ltr'>miam</span> <span class='ocrx_word' id='word_1_223' title='bbox 334 1702 584 1739; x_wconf 85' lang='lat' dir='ltr'>sanctitatem</span> <span class='ocrx_word' id='word_1_224' title='bbox 606 1704 645 1739; x_wconf 91' lang='lat' dir='ltr'>et</span> <span class='ocrx_word' id='word_1_225' title='bbox 666 1702 934 1739; x_wconf 81' lang='lat' dir='ltr'>inexhaustam</span> <span class='ocrx_word' id='word_1_226' title='bbox 955 1703 997 1739; x_wconf 89' lang='lat' dir='ltr'>in</span> <span class='ocrx_word' id='word_1_227' title='bbox 1019 1702 1200 1740; x_wconf 90' lang='lat' dir='ltr'>omnibus</span> <span class='ocrx_word' id='word_1_228' title='bbox 1222 1703 1336 1739; x_wconf 88' lang='lat' dir='ltr'>bonis</span> <span class='ocrx_word' id='word_1_229' title='bbox 1358 1702 1651 1747; x_wconf 86' lang='lat' dir='ltr'>fecunditatem,</span> <span class='ocrx_word' id='word_1_230' title='bbox 1684 1702 1732 1739; x_wconf 88' lang='lat' dir='ltr'>ob</span> <span class='ocrx_word' id='word_1_231' title='bbox 1765 1702 1925 1739; x_wconf 83' lang='lat' dir='ltr'>catholi—</span> 
     </span>
     <span class='ocr_line' id='line_1_25' title="bbox 194 1760 1928 1811; baseline 0 -13"><span class='ocrx_word' id='word_1_232' title='bbox 194 1773 276 1798; x_wconf 89' lang='lat' dir='ltr'>cam</span> <span class='ocrx_word' id='word_1_233' title='bbox 298 1760 491 1798; x_wconf 85' lang='lat' dir='ltr'>unitatem</span> <span class='ocrx_word' id='word_1_234' title='bbox 514 1760 780 1809; x_wconf 86' lang='lat' dir='ltr'>invictamque</span> <span class='ocrx_word' id='word_1_235' title='bbox 802 1761 1055 1798; x_wconf 77' lang='lat' dir='ltr'>stabilitatem</span> <span class='ocrx_word' id='word_1_236' title='bbox 1086 1775 1273 1811; x_wconf 81' lang='lat' dir='ltr'>magnum</span> <span class='ocrx_word' id='word_1_237' title='bbox 1305 1761 1500 1810; x_wconf 78' lang='lat' dir='ltr'>quoddam</span> <span class='ocrx_word' id='word_1_238' title='bbox 1531 1764 1570 1799; x_wconf 87' lang='lat' dir='ltr'>et</span> <span class='ocrx_word' id='word_1_239' title='bbox 1601 1764 1837 1810; x_wconf 87' lang='lat' dir='ltr'>perpetuum</span> <span class='ocrx_word' id='word_1_240' title='bbox 1869 1763 1928 1798; x_wconf 85' lang='lat' dir='ltr'>est</span> 
     </span>
     <span class='ocr_line' id='line_1_26' title="bbox 194 1820 1926 1871; baseline 0.001 -14"><span class='ocrx_word' id='word_1_241' title='bbox 194 1820 385 1858; x_wconf 87' lang='lat' dir='ltr'>motivum</span> <span class='ocrx_word' id='word_1_242' title='bbox 417 1820 695 1857; x_wconf 74' lang='lat' dir='ltr'>credibilitatis</span> <span class='ocrx_word' id='word_1_243' title='bbox 727 1824 764 1857; x_wconf 83' lang='lat' dir='ltr'>et</span> <span class='ocrx_word' id='word_1_244' title='bbox 797 1820 949 1857; x_wconf 88' lang='lat' dir='ltr'>divinae</span> <span class='ocrx_word' id='word_1_245' title='bbox 982 1833 1074 1858; x_wconf 84' lang='lat' dir='ltr'>suae</span> <span class='ocrx_word' id='word_1_246' title='bbox 1104 1821 1312 1871; x_wconf 84' lang='lat' dir='ltr'>legationis</span> <span class='ocrx_word' id='word_1_247' title='bbox 1343 1821 1616 1858; x_wconf 83' lang='lat' dir='ltr'>testimonium</span> <span class='ocrx_word' id='word_1_248' title='bbox 1646 1820 1926 1869; x_wconf 74' lang='lat' dir='ltr'>irrefragabile.</span> 
     </span>
     <span class='ocr_line' id='line_1_27' title="bbox 194 1878 1925 1929; baseline 0 -14"><span class='ocrx_word' id='word_1_249' title='bbox 194 1879 277 1923; x_wconf 82' lang='lat' dir='ltr'>Quo</span> <span class='ocrx_word' id='word_1_250' title='bbox 300 1878 354 1921; x_wconf 89' lang='lat' dir='ltr'>fit,</span> <span class='ocrx_word' id='word_1_251' title='bbox 387 1880 433 1916; x_wconf 87' lang='lat' dir='ltr'>ut</span> <span class='ocrx_word' id='word_1_252' title='bbox 455 1879 537 1927; x_wconf 85' lang='lat' dir='ltr'>ipsa</span> <span class='ocrx_word' id='word_1_253' title='bbox 558 1879 683 1916; x_wconf 90' lang='lat' dir='ltr'>veluti</span> <span class='ocrx_word' id='word_1_254' title='bbox 705 1879 865 1929; x_wconf 80' lang='lat' dir='ltr'>signum</span> <span class='ocrx_word' id='word_1_255' title='bbox 887 1879 1058 1917; x_wconf 88' lang='lat' dir='ltr'>levatum</span> <span class='ocrx_word' id='word_1_256' title='bbox 1081 1880 1122 1916; x_wconf 90' lang='lat' dir='ltr'>in</span> <span class='ocrx_word' id='word_1_257' title='bbox 1143 1880 1334 1924; x_wconf 85' lang='lat' dir='ltr'>nationes,</span> <span class='ocrx_word' id='word_1_258' title='bbox 1369 1882 1408 1917; x_wconf 89' lang='lat' dir='ltr'>et</span> <span class='ocrx_word' id='word_1_259' title='bbox 1439 1880 1487 1917; x_wconf 89' lang='lat' dir='ltr'>ad</span> <span class='ocrx_word' id='word_1_260' title='bbox 1511 1892 1550 1917; x_wconf 89' lang='lat' dir='ltr'>se</span> <span class='ocrx_word' id='word_1_261' title='bbox 1572 1880 1715 1916; x_wconf 88' lang='lat' dir='ltr'>invitet</span> <span class='ocrx_word' id='word_1_262' title='bbox 1738 1879 1807 1926; x_wconf 86' lang='lat' dir='ltr'>qui</span> <span class='ocrx_word' id='word_1_263' title='bbox 1829 1891 1925 1915; x_wconf 88' lang='lat' dir='ltr'>non-</span> 
     </span>
     <span class='ocr_line' id='line_1_28' title="bbox 194 1938 1926 1984; baseline 0 -10"><span class='ocrx_word' id='word_1_264' title='bbox 194 1939 289 1975; x_wconf 91' lang='lat' dir='ltr'>dum</span> <span class='ocrx_word' id='word_1_265' title='bbox 321 1938 583 1983; x_wconf 88' lang='lat' dir='ltr'>crediderunt,</span> <span class='ocrx_word' id='word_1_266' title='bbox 618 1942 655 1975; x_wconf 92' lang='lat' dir='ltr'>et</span> <span class='ocrx_word' id='word_1_267' title='bbox 688 1938 787 1975; x_wconf 88' lang='lat' dir='ltr'>filios</span> <span class='ocrx_word' id='word_1_268' title='bbox 817 1951 907 1976; x_wconf 92' lang='lat' dir='ltr'>suos</span> <span class='ocrx_word' id='word_1_269' title='bbox 937 1939 1121 1976; x_wconf 86' lang='lat' dir='ltr'>certiores</span> <span class='ocrx_word' id='word_1_270' title='bbox 1151 1939 1278 1984; x_wconf 84' lang='lat' dir='ltr'>faciat,</span> <span class='ocrx_word' id='word_1_271' title='bbox 1314 1939 1534 1976; x_wconf 82' lang='lat' dir='ltr'>firmissimo</span> <span class='ocrx_word' id='word_1_272' title='bbox 1566 1939 1641 1976; x_wconf 88' lang='lat' dir='ltr'>niti</span> <span class='ocrx_word' id='word_1_273' title='bbox 1673 1938 1926 1976; x_wconf 86' lang='lat' dir='ltr'>fundamento</span> 
     </span>
     <span class='ocr_line' id='line_1_29' title="bbox 192 1997 1924 2046; baseline 0.002 -13"><span class='ocrx_word' id='word_1_274' title='bbox 192 1997 321 2042; x_wconf 89' lang='lat' dir='ltr'>fidem,</span> <span class='ocrx_word' id='word_1_275' title='bbox 344 2010 463 2045; x_wconf 89' lang='lat' dir='ltr'>quam</span> <span class='ocrx_word' id='word_1_276' title='bbox 483 1997 750 2046; x_wconf 59' lang='lat' dir='ltr'>profitemur«</span> <span class='ocrx_word' id='word_1_277' title='bbox 794 1998 855 2034; x_wconf 87' lang='lat' dir='ltr'>Ad</span> <span class='ocrx_word' id='word_1_278' title='bbox 877 2010 957 2034; x_wconf 87' lang='lat' dir='ltr'>rem</span> <span class='ocrx_word' id='word_1_279' title='bbox 981 2002 1112 2035; x_wconf 86' lang='lat' dir='ltr'>autem</span> <span class='ocrx_word' id='word_1_280' title='bbox 1134 2001 1295 2035; x_wconf 88' lang='lat' dir='ltr'>notatur</span> <span class='ocrx_word' id='word_1_281' title='bbox 1326 1999 1367 2035; x_wconf 90' lang='lat' dir='ltr'>in</span> <span class='ocrx_word' id='word_1_282' title='bbox 1390 2011 1420 2037; x_wconf 86' lang='lat' dir='ltr'>a.</span> <span class='ocrx_word' id='word_1_283' title='bbox 1451 2006 1498 2038; x_wconf 77' lang='grc'>19</span> <span class='ocrx_word' id='word_1_284' title='bbox 1524 1998 1571 2035; x_wconf 89' lang='lat' dir='ltr'>ad</span> <span class='ocrx_word' id='word_1_285' title='bbox 1594 1999 1748 2035; x_wconf 84' lang='lat' dir='ltr'>schema</span> <span class='ocrx_word' id='word_1_286' title='bbox 1770 1998 1924 2036; x_wconf 88' lang='lat' dir='ltr'>constit.</span> 
     </span>
     <span class='ocr_line' id='line_1_30' title="bbox 194 2053 1926 2108; baseline 0 -16"><span class='ocrx_word' id='word_1_287' title='bbox 194 2056 431 2106; x_wconf 77' lang='lat' dir='ltr'>dogmaticae</span> <span class='ocrx_word' id='word_1_288' title='bbox 454 2056 500 2093; x_wconf 89' lang='lat' dir='ltr'>de</span> <span class='ocrx_word' id='word_1_289' title='bbox 523 2056 700 2094; x_wconf 84' lang='lat' dir='ltr'>doctrina</span> <span class='ocrx_word' id='word_1_290' title='bbox 722 2056 821 2094; x_wconf 82' lang='lat' dir='ltr'>cath.</span> <span class='ocrx_word' id='word_1_291' title='bbox 844 2060 999 2105; x_wconf 85' lang='lat' dir='ltr'>patrum</span> <span class='ocrx_word' id='word_1_292' title='bbox 1022 2069 1125 2097; x_wconf 89' lang='lat' dir='ltr'>conc.</span> <span class='ocrx_word' id='word_1_293' title='bbox 1147 2058 1260 2095; x_wconf 80' lang='lat' dir='ltr'>vatic.</span> <span class='ocrx_word' id='word_1_294' title='bbox 1296 2057 1462 2095; x_wconf 75' lang='lat' dir='ltr'>examini</span> <span class='ocrx_word' id='word_1_295' title='bbox 1494 2059 1739 2106; x_wconf 81' lang='lat' dir='ltr'>propositum</span> <span class='ocrx_word' id='word_1_296' title='bbox 1772 2053 1878 2108; x_wconf 88' lang='lat' dir='ltr'>(coll.</span> <span class='ocrx_word' id='word_1_297' title='bbox 1902 2057 1926 2093; x_wconf 93' lang='lat' dir='ltr'>l.</span> 
     </span>
     <span class='ocr_line' id='line_1_31' title="bbox 194 2113 1926 2167; baseline 0 -15"><span class='ocrx_word' id='word_1_298' title='bbox 194 2115 277 2160; x_wconf 86' lang='lat' dir='ltr'>VH,</span> <span class='ocrx_word' id='word_1_299' title='bbox 305 2113 425 2167; x_wconf 85' lang='lat'>533):</span> <span class='ocrx_word' id='word_1_300' title='bbox 463 2115 600 2159; x_wconf 69' lang='lat' dir='ltr'>‚Sicut</span> <span class='ocrx_word' id='word_1_301' title='bbox 621 2128 789 2164; x_wconf 89' lang='lat' dir='ltr'>namque</span> <span class='ocrx_word' id='word_1_302' title='bbox 810 2116 851 2153; x_wconf 90' lang='lat' dir='ltr'>in</span> <span class='ocrx_word' id='word_1_303' title='bbox 882 2116 1116 2153; x_wconf 84' lang='lat' dir='ltr'>veritatibus</span> <span class='ocrx_word' id='word_1_304' title='bbox 1148 2117 1381 2165; x_wconf 87' lang='lat' dir='ltr'>quibusdam</span> <span class='ocrx_word' id='word_1_305' title='bbox 1414 2116 1661 2153; x_wconf 81' lang='lat' dir='ltr'>naturalibus</span> <span class='ocrx_word' id='word_1_306' title='bbox 1695 2115 1926 2163; x_wconf 87' lang='lat' dir='ltr'>disponente</span> 
     </span>
     <span class='ocr_line' id='line_1_32' title="bbox 194 2173 1925 2225; baseline 0.001 -15"><span class='ocrx_word' id='word_1_307' title='bbox 194 2173 443 2223; x_wconf 79' lang='lat' dir='ltr'>providentia</span> <span class='ocrx_word' id='word_1_308' title='bbox 466 2174 535 2211; x_wconf 88' lang='lat' dir='ltr'>Dei</span> <span class='ocrx_word' id='word_1_309' title='bbox 556 2175 727 2212; x_wconf 86' lang='lat' dir='ltr'>naturali</span> <span class='ocrx_word' id='word_1_310' title='bbox 749 2177 879 2212; x_wconf 91' lang='lat' dir='ltr'>totum</span> <span class='ocrx_word' id='word_1_311' title='bbox 901 2188 1026 2225; x_wconf 85' lang='lat' dir='ltr'>genus</span> <span class='ocrx_word' id='word_1_312' title='bbox 1049 2176 1262 2213; x_wconf 88' lang='lat' dir='ltr'>humanum</span> <span class='ocrx_word' id='word_1_313' title='bbox 1285 2176 1381 2212; x_wconf 78' lang='lat' dir='ltr'>citra</span> <span class='ocrx_word' id='word_1_314' title='bbox 1404 2175 1780 2212; x_wconf 85' lang='lat' dir='ltr'>demonstrationem</span> <span class='ocrx_word' id='word_1_315' title='bbox 1803 2174 1925 2211; x_wconf 87' lang='lat' dir='ltr'>scien-</span> 
     </span>
     <span class='ocr_line' id='line_1_33' title="bbox 194 2233 1925 2283; baseline 0 -14"><span class='ocrx_word' id='word_1_316' title='bbox 194 2233 338 2270; x_wconf 87' lang='lat' dir='ltr'>tificam</span> <span class='ocrx_word' id='word_1_317' title='bbox 361 2233 477 2270; x_wconf 87' lang='lat' dir='ltr'>habet</span> <span class='ocrx_word' id='word_1_318' title='bbox 499 2233 654 2282; x_wconf 90' lang='lat' dir='ltr'>plenam</span> <span class='ocrx_word' id='word_1_319' title='bbox 678 2234 966 2279; x_wconf 87' lang='lat' dir='ltr'>certitudinem,</span> <span class='ocrx_word' id='word_1_320' title='bbox 995 2247 1094 2283; x_wconf 87' lang='lat' dir='ltr'>quae</span> <span class='ocrx_word' id='word_1_321' title='bbox 1116 2234 1374 2283; x_wconf 86' lang='lat' dir='ltr'>inquisitione</span> <span class='ocrx_word' id='word_1_322' title='bbox 1398 2234 1664 2282; x_wconf 80' lang='lat' dir='ltr'>philosophica</span> <span class='ocrx_word' id='word_1_323' title='bbox 1685 2236 1815 2281; x_wconf 84' lang='lat' dir='ltr'>potest</span> <span class='ocrx_word' id='word_1_324' title='bbox 1838 2233 1925 2280; x_wconf 90' lang='lat' dir='ltr'>qui-</span> 
     </span>
     <span class='ocr_line' id='line_1_34' title="bbox 194 2291 1924 2342; baseline 0 -14"><span class='ocrx_word' id='word_1_325' title='bbox 194 2292 282 2329; x_wconf 90' lang='lat' dir='ltr'>dem</span> <span class='ocrx_word' id='word_1_326' title='bbox 303 2292 344 2328; x_wconf 92' lang='lat' dir='ltr'>in</span> <span class='ocrx_word' id='word_1_327' title='bbox 368 2292 448 2329; x_wconf 88' lang='lat' dir='ltr'>suis</span> <span class='ocrx_word' id='word_1_328' title='bbox 469 2291 733 2330; x_wconf 87' lang='lat' dir='ltr'>fundamentis</span> <span class='ocrx_word' id='word_1_329' title='bbox 755 2294 923 2342; x_wconf 88' lang='lat' dir='ltr'>amplius</span> <span class='ocrx_word' id='word_1_330' title='bbox 955 2296 994 2331; x_wconf 89' lang='lat' dir='ltr'>et</span> <span class='ocrx_word' id='word_1_331' title='bbox 1025 2294 1251 2331; x_wconf 85' lang='lat' dir='ltr'>distinctius</span> <span class='ocrx_word' id='word_1_332' title='bbox 1283 2293 1475 2341; x_wconf 79' lang='lat' dir='ltr'>explicari,</span> <span class='ocrx_word' id='word_1_333' title='bbox 1511 2294 1577 2330; x_wconf 85' lang='lat' dir='ltr'>sed</span> <span class='ocrx_word' id='word_1_334' title='bbox 1608 2292 1729 2329; x_wconf 89' lang='lat' dir='ltr'>nullis</span> <span class='ocrx_word' id='word_1_335' title='bbox 1763 2292 1924 2329; x_wconf 87' lang='lat' dir='ltr'>rationi-</span> 
     </span>
     <span class='ocr_line' id='line_1_35' title="bbox 193 2344 1925 2400; baseline 0 -13"><span class='ocrx_word' id='word_1_336' title='bbox 193 2351 268 2388; x_wconf 90' lang='lat' dir='ltr'>bus</span> <span class='ocrx_word' id='word_1_337' title='bbox 291 2351 570 2400; x_wconf 81' lang='lat' dir='ltr'>apparentibus</span> <span class='ocrx_word' id='word_1_338' title='bbox 593 2351 843 2389; x_wconf 84' lang='lat' dir='ltr'>labefactari:</span> <span class='ocrx_word' id='word_1_339' title='bbox 876 2353 931 2389; x_wconf 88' lang='lat' dir='ltr'>ita</span> <span class='ocrx_word' id='word_1_340' title='bbox 953 2353 1085 2389; x_wconf 88' lang='lat' dir='ltr'>divina</span> <span class='ocrx_word' id='word_1_341' title='bbox 1114 2353 1268 2389; x_wconf 89' lang='lat' dir='ltr'>bonitas</span> <span class='ocrx_word' id='word_1_342' title='bbox 1299 2355 1338 2389; x_wconf 91' lang='lat' dir='ltr'>et</span> <span class='ocrx_word' id='word_1_343' title='bbox 1360 2344 1552 2400; x_wconf 86' lang='lat' dir='ltr'>sapientia</span> <span class='ocrx_word' id='word_1_344' title='bbox 1574 2351 1615 2388; x_wconf 87' lang='lat' dir='ltr'>in</span> <span class='ocrx_word' id='word_1_345' title='bbox 1638 2351 1773 2388; x_wconf 85' lang='lat' dir='ltr'>ordine</span> <span class='ocrx_word' id='word_1_346' title='bbox 1794 2352 1925 2400; x_wconf 87' lang='lat' dir='ltr'>provi-</span> 
     </span>
     <span class='ocr_line' id='line_1_36' title="bbox 195 2410 1926 2460; baseline 0.001 -14"><span class='ocrx_word' id='word_1_347' title='bbox 195 2410 348 2447; x_wconf 85' lang='lat' dir='ltr'>dentiae</span> <span class='ocrx_word' id='word_1_348' title='bbox 372 2410 683 2458; x_wconf 87' lang='lat' dir='ltr'>supernaturalis</span> <span class='ocrx_word' id='word_1_349' title='bbox 710 2411 904 2459; x_wconf 89' lang='lat' dir='ltr'>disposuit</span> <span class='ocrx_word' id='word_1_350' title='bbox 924 2411 1132 2448; x_wconf 85' lang='lat' dir='ltr'>Ecclesiam</span> <span class='ocrx_word' id='word_1_351' title='bbox 1155 2411 1382 2448; x_wconf 85' lang='lat' dir='ltr'>catholicam</span> <span class='ocrx_word' id='word_1_352' title='bbox 1407 2410 1454 2448; x_wconf 87' lang='lat' dir='ltr'>iis</span> <span class='ocrx_word' id='word_1_353' title='bbox 1476 2411 1668 2460; x_wconf 84' lang='lat' dir='ltr'>insignem</span> <span class='ocrx_word' id='word_1_354' title='bbox 1692 2410 1926 2447; x_wconf 87' lang='lat' dir='ltr'>characteri-</span> 
     </span>
     <span class='ocr_line' id='line_1_37' title="bbox 193 2468 1925 2519; baseline 0 -13"><span class='ocrx_word' id='word_1_355' title='bbox 193 2468 279 2515; x_wconf 85' lang='lat' dir='ltr'>bus,</span> <span class='ocrx_word' id='word_1_356' title='bbox 302 2472 349 2506; x_wconf 88' lang='lat' dir='ltr'>ut</span> <span class='ocrx_word' id='word_1_357' title='bbox 369 2469 411 2505; x_wconf 89' lang='lat' dir='ltr'>in</span> <span class='ocrx_word' id='word_1_358' title='bbox 434 2481 477 2506; x_wconf 88' lang='lat' dir='ltr'>ea</span> <span class='ocrx_word' id='word_1_359' title='bbox 499 2468 596 2505; x_wconf 86' lang='lat' dir='ltr'>citra</span> <span class='ocrx_word' id='word_1_360' title='bbox 618 2469 846 2506; x_wconf 86' lang='lat' dir='ltr'>scientificas</span> <span class='ocrx_word' id='word_1_361' title='bbox 869 2470 1157 2518; x_wconf 80' lang='lat' dir='ltr'>inquisitiones,</span> <span class='ocrx_word' id='word_1_362' title='bbox 1191 2469 1335 2518; x_wconf 86' lang='lat' dir='ltr'>quibus</span> <span class='ocrx_word' id='word_1_363' title='bbox 1366 2470 1483 2519; x_wconf 82' lang='lat' dir='ltr'>longe</span> <span class='ocrx_word' id='word_1_364' title='bbox 1505 2470 1672 2507; x_wconf 84' lang='lat' dir='ltr'>maxima</span> <span class='ocrx_word' id='word_1_365' title='bbox 1692 2481 1780 2518; x_wconf 86' lang='lat' dir='ltr'>pars</span> <span class='ocrx_word' id='word_1_366' title='bbox 1801 2469 1925 2506; x_wconf 79' lang='lat' dir='ltr'>homi-</span> 
     </span>
     <span class='ocr_line' id='line_1_38' title="bbox 195 2527 1923 2578; baseline 0.001 -14"><span class='ocrx_word' id='word_1_367' title='bbox 195 2540 289 2565; x_wconf 88' lang='lat' dir='ltr'>num</span> <span class='ocrx_word' id='word_1_368' title='bbox 312 2527 452 2564; x_wconf 90' lang='lat' dir='ltr'>idonea</span> <span class='ocrx_word' id='word_1_369' title='bbox 472 2540 550 2564; x_wconf 91' lang='lat' dir='ltr'>non</span> <span class='ocrx_word' id='word_1_370' title='bbox 573 2532 644 2572; x_wconf 84' lang='lat' dir='ltr'>est,</span> <span class='ocrx_word' id='word_1_371' title='bbox 669 2528 787 2565; x_wconf 87' lang='lat' dir='ltr'>etiam</span> <span class='ocrx_word' id='word_1_372' title='bbox 810 2529 927 2566; x_wconf 91' lang='lat' dir='ltr'>rudes</span> <span class='ocrx_word' id='word_1_373' title='bbox 950 2529 1117 2565; x_wconf 88' lang='lat' dir='ltr'>habeant</span> <span class='ocrx_word' id='word_1_374' title='bbox 1138 2529 1249 2566; x_wconf 85' lang='lat' dir='ltr'>facile</span> <span class='ocrx_word' id='word_1_375' title='bbox 1273 2529 1533 2578; x_wconf 85' lang='lat' dir='ltr'>cognoscibile</span> <span class='ocrx_word' id='word_1_376' title='bbox 1547 2528 1821 2577; x_wconf 88' lang='lat' dir='ltr'>compendium</span> <span class='ocrx_word' id='word_1_377' title='bbox 1844 2541 1923 2565; x_wconf 89' lang='lat' dir='ltr'>mo-</span> 
     </span>
     <span class='ocr_line' id='line_1_39' title="bbox 193 2586 1925 2636; baseline 0 -12"><span class='ocrx_word' id='word_1_378' title='bbox 193 2587 368 2625; x_wconf 85' lang='lat' dir='ltr'>tivorum</span> <span class='ocrx_word' id='word_1_379' title='bbox 390 2586 663 2624; x_wconf 87' lang='lat' dir='ltr'>credibilitatis</span> <span class='ocrx_word' id='word_1_380' title='bbox 687 2587 733 2624; x_wconf 91' lang='lat' dir='ltr'>ad</span> <span class='ocrx_word' id='word_1_381' title='bbox 755 2588 911 2635; x_wconf 88' lang='lat' dir='ltr'>plenam</span> <span class='ocrx_word' id='word_1_382' title='bbox 933 2587 1220 2633; x_wconf 85' lang='lat' dir='ltr'>certitudinem,</span> <span class='ocrx_word' id='word_1_383' title='bbox 1252 2600 1350 2636; x_wconf 87' lang='lat' dir='ltr'>quae</span> <span class='ocrx_word' id='word_1_384' title='bbox 1381 2589 1568 2636; x_wconf 89' lang='lat' dir='ltr'>poterunt</span> <span class='ocrx_word' id='word_1_385' title='bbox 1600 2600 1669 2636; x_wconf 91' lang='lat' dir='ltr'>per</span> <span class='ocrx_word' id='word_1_386' title='bbox 1700 2587 1925 2636; x_wconf 87' lang='lat' dir='ltr'>disciplinas</span> 
     </span>
     <span class='ocr_line' id='line_1_40' title="bbox 195 2645 1927 2695; baseline 0 -13"><span class='ocrx_word' id='word_1_387' title='bbox 195 2645 454 2695; x_wconf 87' lang='lat' dir='ltr'>apologeticas</span> <span class='ocrx_word' id='word_1_388' title='bbox 487 2645 724 2683; x_wconf 74' lang='lat' dir='ltr'>distinctior-i</span> <span class='ocrx_word' id='word_1_389' title='bbox 756 2648 795 2683; x_wconf 90' lang='lat' dir='ltr'>et</span> <span class='ocrx_word' id='word_1_390' title='bbox 827 2646 1009 2694; x_wconf 88' lang='lat' dir='ltr'>ampliori</span> <span class='ocrx_word' id='word_1_391' title='bbox 1040 2646 1295 2694; x_wconf 81' lang='lat' dir='ltr'>explicatione</span> <span class='ocrx_word' id='word_1_392' title='bbox 1328 2646 1557 2691; x_wconf 85' lang='lat' dir='ltr'>confirmari,</span> <span class='ocrx_word' id='word_1_393' title='bbox 1591 2647 1656 2684; x_wconf 83' lang='lat' dir='ltr'>sed</span> <span class='ocrx_word' id='word_1_394' title='bbox 1687 2659 1765 2684; x_wconf 90' lang='lat' dir='ltr'>non</span> <span class='ocrx_word' id='word_1_395' title='bbox 1797 2648 1927 2694; x_wconf 66' lang='lat' dir='ltr'>potest</span> 
     </span>
     <span class='ocr_line' id='line_1_41' title="bbox 195 2704 1924 2754; baseline 0 -13"><span class='ocrx_word' id='word_1_396' title='bbox 195 2704 412 2742; x_wconf 88' lang='lat' dir='ltr'>rationibus</span> <span class='ocrx_word' id='word_1_397' title='bbox 435 2705 626 2753; x_wconf 90' lang='lat' dir='ltr'>oppositis</span> <span class='ocrx_word' id='word_1_398' title='bbox 648 2705 780 2742; x_wconf 86' lang='lat' dir='ltr'>induci</span> <span class='ocrx_word' id='word_1_399' title='bbox 802 2706 974 2754; x_wconf 86' lang='lat' dir='ltr'>prudens</span> <span class='ocrx_word' id='word_1_400' title='bbox 997 2705 1162 2742; x_wconf 88' lang='lat' dir='ltr'>dubium</span> <span class='ocrx_word' id='word_1_401' title='bbox 1184 2705 1232 2742; x_wconf 89' lang='lat' dir='ltr'>ad</span> <span class='ocrx_word' id='word_1_402' title='bbox 1252 2706 1360 2742; x_wconf 89' lang='lat' dir='ltr'>illam</span> <span class='ocrx_word' id='word_1_403' title='bbox 1383 2706 1659 2743; x_wconf 88' lang='lat' dir='ltr'>certitudinem</span> <span class='ocrx_word' id='word_1_404' title='bbox 1688 2705 1924 2742; x_wconf 82' lang='lat' dir='ltr'>labefactan-</span> 
     </span>
     <span class='ocr_line' id='line_1_42' title="bbox 196 2763 1925 2814; baseline -0.001 -14"><span class='ocrx_word' id='word_1_405' title='bbox 196 2765 323 2800; x_wconf 64' lang='lat' dir='ltr'>dam.&lt;K</span> <span class='ocrx_word' id='word_1_406' title='bbox 359 2763 410 2801; x_wconf 88' lang='lat' dir='ltr'>cf.</span> <span class='ocrx_word' id='word_1_407' title='bbox 435 2775 553 2812; x_wconf 89' lang='lat' dir='ltr'>supra</span> <span class='ocrx_word' id='word_1_408' title='bbox 566 2777 603 2800; x_wconf 92' lang='lat' dir='ltr'>n.</span> <span class='ocrx_word' id='word_1_409' title='bbox 622 2770 685 2803; x_wconf 85' lang='lat'>94.</span> <span class='ocrx_word' id='word_1_410' title='bbox 720 2765 824 2801; x_wconf 89' lang='lat' dir='ltr'>Bene</span> <span class='ocrx_word' id='word_1_411' title='bbox 846 2777 937 2813; x_wconf 88' lang='lat' dir='ltr'>ergo</span> <span class='ocrx_word' id='word_1_412' title='bbox 959 2764 1006 2800; x_wconf 87' lang='lat' dir='ltr'>de</span> <span class='ocrx_word' id='word_1_413' title='bbox 1029 2764 1162 2813; x_wconf 85' lang='lat' dir='ltr'>Lugo</span> <span class='ocrx_word' id='word_1_414' title='bbox 1183 2764 1230 2801; x_wconf 89' lang='lat' dir='ltr'>ad</span> <span class='ocrx_word' id='word_1_415' title='bbox 1253 2764 1524 2813; x_wconf 87' lang='lat' dir='ltr'>objectionem,</span> <span class='ocrx_word' id='word_1_416' title='bbox 1548 2765 1739 2814; x_wconf 89' lang='lat' dir='ltr'>quomodo</span> <span class='ocrx_word' id='word_1_417' title='bbox 1754 2764 1925 2800; x_wconf 89' lang='lat' dir='ltr'>rusticus</span> 
     </span>
     <span class='ocr_line' id='line_1_43' title="bbox 196 2822 1925 2871; baseline 0 -13"><span class='ocrx_word' id='word_1_418' title='bbox 196 2823 354 2859; x_wconf 86' lang='lat' dir='ltr'>credens</span> <span class='ocrx_word' id='word_1_419' title='bbox 385 2823 550 2870; x_wconf 80' lang='lat' dir='ltr'>parocho</span> <span class='ocrx_word' id='word_1_420' title='bbox 582 2822 697 2859; x_wconf 88' lang='lat' dir='ltr'>fidem</span> <span class='ocrx_word' id='word_1_421' title='bbox 732 2823 968 2871; x_wconf 89' lang='lat' dir='ltr'>proponenti</span> <span class='ocrx_word' id='word_1_422' title='bbox 1002 2823 1278 2860; x_wconf 89' lang='lat' dir='ltr'>certitudinem</span> <span class='ocrx_word' id='word_1_423' title='bbox 1314 2824 1361 2861; x_wconf 85' lang='lat' dir='ltr'>ad</span> <span class='ocrx_word' id='word_1_424' title='bbox 1397 2824 1633 2861; x_wconf 85' lang='lat' dir='ltr'>credendum</span> <span class='ocrx_word' id='word_1_425' title='bbox 1668 2823 1925 2860; x_wconf 75' lang='lat' dir='ltr'>sufficientem</span> 
     </span>
     <span class='ocr_line' id='line_1_44' title="bbox 196 2881 1925 2931; baseline 0 -14"><span class='ocrx_word' id='word_1_426' title='bbox 196 2881 347 2926; x_wconf 83' lang='lat' dir='ltr'>habeat,</span> <span class='ocrx_word' id='word_1_427' title='bbox 370 2882 580 2929; x_wconf 85' lang='lat' dir='ltr'>respondet</span> <span class='ocrx_word' id='word_1_428' title='bbox 601 2882 636 2918; x_wconf 90' lang='lat' dir='ltr'>d.</span> <span class='ocrx_word' id='word_1_429' title='bbox 662 2889 681 2922; x_wconf 81' lang='lat'>5</span> <span class='ocrx_word' id='word_1_430' title='bbox 707 2895 743 2918; x_wconf 90' lang='lat' dir='ltr'>n.</span> <span class='ocrx_word' id='word_1_431' title='bbox 770 2889 843 2922; x_wconf 82' lang='lat'>36:</span> <span class='ocrx_word' id='word_1_432' title='bbox 879 2882 1110 2925; x_wconf 75' lang='lat' dir='ltr'>„Rusticum</span> <span class='ocrx_word' id='word_1_433' title='bbox 1133 2882 1248 2919; x_wconf 88' lang='lat' dir='ltr'>illum</span> <span class='ocrx_word' id='word_1_434' title='bbox 1269 2883 1330 2919; x_wconf 92' lang='lat' dir='ltr'>vel</span> <span class='ocrx_word' id='word_1_435' title='bbox 1354 2895 1519 2931; x_wconf 89' lang='lat' dir='ltr'>puerum</span> <span class='ocrx_word' id='word_1_436' title='bbox 1555 2896 1633 2920; x_wconf 89' lang='lat' dir='ltr'>non</span> <span class='ocrx_word' id='word_1_437' title='bbox 1651 2882 1825 2931; x_wconf 85' lang='lat' dir='ltr'>judicare</span> <span class='ocrx_word' id='word_1_438' title='bbox 1859 2882 1925 2917; x_wconf 87' lang='lat' dir='ltr'>ab·</span> 
     </span>
     <span class='ocr_line' id='line_1_45' title="bbox 196 2940 1926 2991; baseline 0 -15"><span class='ocrx_word' id='word_1_439' title='bbox 196 2940 324 2977; x_wconf 89' lang='lat' dir='ltr'>solute</span> <span class='ocrx_word' id='word_1_440' title='bbox 355 2942 394 2976; x_wconf 90' lang='lat' dir='ltr'>et</span> <span class='ocrx_word' id='word_1_441' title='bbox 426 2941 467 2976; x_wconf 92' lang='lat' dir='ltr'>in</span> <span class='ocrx_word' id='word_1_442' title='bbox 497 2941 739 2985; x_wconf 89' lang='lat' dir='ltr'>universum,</span> <span class='ocrx_word' id='word_1_443' title='bbox 775 2941 880 2989; x_wconf 89' lang='lat' dir='ltr'>quod</span> <span class='ocrx_word' id='word_1_444' title='bbox 911 2940 1060 2978; x_wconf 87' lang='lat' dir='ltr'>motiva</span> <span class='ocrx_word' id='word_1_445' title='bbox 1091 2940 1166 2978; x_wconf 86' lang='lat' dir='ltr'>sibi</span> <span class='ocrx_word' id='word_1_446' title='bbox 1195 2941 1393 2990; x_wconf 84' lang='lat' dir='ltr'>proposita</span> <span class='ocrx_word' id='word_1_447' title='bbox 1423 2942 1599 2991; x_wconf 83' lang='lat' dir='ltr'>obligent</span> <span class='ocrx_word' id='word_1_448' title='bbox 1630 2941 1845 2988; x_wconf 84' lang='lat' dir='ltr'>quemlibet</span> <span class='ocrx_word' id='word_1_449' title='bbox 1878 2940 1926 2976; x_wconf 83' lang='lat' dir='ltr'>ad</span> 
     </span>
     <span class='ocr_line' id='line_1_46' title="bbox 190 2998 1927 3049; baseline -0.001 -14"><span class='ocrx_word' id='word_1_450' title='bbox 190 2998 434 3040; x_wconf 58' lang='lat' dir='ltr'>,credendum</span> <span class='ocrx_word' id='word_1_451' title='bbox 455 2999 630 3045; x_wconf 89' lang='lat' dir='ltr'>firmiter,</span> <span class='ocrx_word' id='word_1_452' title='bbox 655 3000 722 3036; x_wconf 90' lang='lat' dir='ltr'>sed</span> <span class='ocrx_word' id='word_1_453' title='bbox 745 3002 870 3036; x_wconf 89' lang='lat' dir='ltr'>solum</span> <span class='ocrx_word' id='word_1_454' title='bbox 895 3000 997 3047; x_wconf 88' lang='lat' dir='ltr'>quod</span> <span class='ocrx_word' id='word_1_455' title='bbox 1020 2999 1195 3049; x_wconf 86' lang='lat' dir='ltr'>obligent</span> <span class='ocrx_word' id='word_1_456' title='bbox 1215 3001 1358 3048; x_wconf 88' lang='lat' dir='ltr'>ipsum,</span> <span class='ocrx_word' id='word_1_457' title='bbox 1396 3004 1435 3037; x_wconf 88' lang='lat' dir='ltr'>et</span> <span class='ocrx_word' id='word_1_458' title='bbox 1456 3001 1525 3038; x_wconf 92' lang='lat' dir='ltr'>hoc</span> <span class='ocrx_word' id='word_1_459' title='bbox 1548 3001 1705 3049; x_wconf 89' lang='lat' dir='ltr'>quidem</span> <span class='ocrx_word' id='word_1_460' title='bbox 1729 3011 1864 3035; x_wconf 91' lang='lat' dir='ltr'>verum</span> <span class='ocrx_word' id='word_1_461' title='bbox 1886 3003 1927 3035; x_wconf 89' lang='lat' dir='ltr'>et</span> 
     </span>
     <span class='ocr_line' id='line_1_47' title="bbox 197 3057 1926 3108; baseline -0.001 -14"><span class='ocrx_word' id='word_1_462' title='bbox 197 3057 356 3094; x_wconf 88' lang='lat' dir='ltr'>evidens</span> <span class='ocrx_word' id='word_1_463' title='bbox 380 3060 458 3101; x_wconf 75' lang='lat' dir='ltr'>est3</span> <span class='ocrx_word' id='word_1_464' title='bbox 495 3069 583 3094; x_wconf 89' lang='lat' dir='ltr'>cum</span> <span class='ocrx_word' id='word_1_465' title='bbox 605 3058 709 3095; x_wconf 90' lang='lat' dir='ltr'>enim</span> <span class='ocrx_word' id='word_1_466' title='bbox 732 3071 811 3095; x_wconf 90' lang='lat' dir='ltr'>non</span> <span class='ocrx_word' id='word_1_467' title='bbox 833 3061 1036 3095; x_wconf 87' lang='lat' dir='ltr'>occurrant</span> <span class='ocrx_word' id='word_1_468' title='bbox 1057 3059 1093 3095; x_wconf 89' lang='lat' dir='ltr'>ei</span> <span class='ocrx_word' id='word_1_469' title='bbox 1112 3059 1295 3106; x_wconf 87' lang='lat' dir='ltr'>rationes,</span> <span class='ocrx_word' id='word_1_470' title='bbox 1330 3071 1427 3108; x_wconf 89' lang='lat' dir='ltr'>quae</span> <span class='ocrx_word' id='word_1_471' title='bbox 1449 3059 1596 3096; x_wconf 88' lang='lat' dir='ltr'>homini</span> <span class='ocrx_word' id='word_1_472' title='bbox 1619 3059 1729 3095; x_wconf 87' lang='lat' dir='ltr'>docto</span> <span class='ocrx_word' id='word_1_473' title='bbox 1751 3069 1926 3094; x_wconf 86' lang='lat' dir='ltr'>occurre-</span> 
     </span>
    </p>
   </div>
  </div>
 </body>
</html>
