2175 3382
741 106 794 141 De
812 107 919 141 modo
939 107 1073 150 agendi
1091 117 1172 141 cum
1191 108 1400 142 incredulis
1855 115 1936 157 115

332 225 370 268 l.
392 229 480 266 Non
510 231 591 265 tam
612 228 809 266 fidendum
831 232 892 266 est
914 229 1105 274 scientiae,
1129 229 1203 265 arti
1226 229 1449 267 dialecticae
1472 233 1509 267 et
1531 231 1787 279 eloquentiae,
1820 245 1935 281 quam

211 287 379 325 orationi
399 287 648 330 instandum;
671 287 765 324 fides
789 288 892 324 enim
914 290 972 324 est
995 287 1141 324 donum
1162 288 1253 325 Dei:
1284 289 1474 336 patientia
1496 295 1555 326 est
1577 302 1684 338 opus,
1707 294 1934 329 mansuetu-

211 346 302 384 dine
332 346 374 383 in
405 346 555 395 primis
599 346 700 383 Hinc
731 346 979 383 doctissimus
1012 346 1081 383 Du
1111 346 1300 383 Perron
1334 347 1458 384 dicere
1480 348 1647 385 solebat:
1674 350 1780 392 „Hos
1803 347 1841 402 (a
1863 350 1936 388 fide

211 405 402 442 catholica
432 404 594 455 alienos)
626 405 658 442 si
690 405 930 442 convinci
953 404 1111 452 cupitis,
1143 405 1189 442 ad
1211 417 1272 442 me
1294 406 1514 454 perducite:
1547 409 1587 443 at
1609 419 1882 446 conversos
1905 409 1936 447 si

212 463 451 508 desideratis,
474 463 624 501 mittite
647 463 694 500 ad
715 463 964 500 Franciscum
987 463 1010 500 d
1024 475 1043 499 e
1067 463 1230 509 Sales,
1254 476 1512 513 genevensem
1534 466 1794 514 epist-opums<

328 544 373 586 2.
397 546 716 595 Cognoscendum
749 546 884 583 sedulo
917 548 987 590 est,
1021 546 1116 594 quid
1138 546 1306 583 affirmet
1327 547 1582 593 adversarius,
1614 548 1786 597 quidque
1809 553 1935 600 neget,

211 607 258 643 de
289 617 367 653 quo
390 604 536 642 dubius
558 605 725 650 haereat,
758 606 804 642 ut
826 605 994 642 sciamus
1016 615 1058 644 a.
1081 605 1187 642 unde
1219 605 1486 653 incipiendum
1508 606 1571 643 sit.
1614 607 1848 656 Plerumque
1869 622 1936 647 au-

210 667 290 703 tem
320 664 484 712 patebit,
517 676 606 701 eum
628 664 691 700 vel
722 664 768 700 de
790 664 927 712 primis
958 664 1138 701 dubitare
1160 664 1373 713 principiis,
1406 664 1452 701 de
1475 665 1702 702 exsistentia
1724 666 1793 703 Dei
1815 667 1937 716 deque

211 722 505 761 immortalitate
536 722 700 766 animae,
734 723 912 771 quamvis
934 722 1035 760 forte
1056 723 1096 759 id
1117 724 1250 771 aperte
1270 723 1384 761 fateri
1405 735 1496 771 prae
1519 723 1668 771 pudore
1690 737 1767 762 non
1789 726 1938 766 audeat.

210 782 284 820 Vix
317 782 423 819 enim
455 781 543 819 fieri
564 783 708 830 potest,
742 783 787 818 ut
820 782 907 830 quis
940 781 1040 818 serio
1071 784 1110 818 et
1141 794 1186 818 ex
1216 782 1343 819 animo
1376 781 1559 819 admittat
1580 782 1650 819 Dei
1675 783 1938 821 exsistentiam

210 841 437 889 animaeque
460 840 811 886 immortalitatem,
834 842 874 877 et
896 840 942 878 de
963 840 1213 878 revelationis
1228 841 1453 878 exsistentia
1466 841 1621 878 dubitet
1634 842 1696 878 vel
1717 854 1799 879 eam
1823 843 1938 880 etiam

211 901 339 949 neget.
381 900 540 937 Juverit
570 897 616 939 b.
641 900 679 936 id
702 911 829 943 nosse,
863 903 908 936 ut
940 900 981 936 in
1003 899 1284 947 disputationis
1306 911 1489 948 processu
1510 900 1829 938 contradictionis
1851 913 1938 939 con·

212 959 415 996 vincatur:
438 958 651 996 incredulis
675 958 778 995 enim
802 959 1025 1008 contingere
1048 958 1158 1002 solet,
1185 960 1233 995 ut
1255 958 1331 995 sibi
1353 959 1631 1002 contradicant,
1655 962 1811 1008 negent,
1836 961 1939 1008 quod

211 1018 322 1067 prius
345 1017 616 1062 concesserint,
641 1030 728 1055 cum
751 1017 798 1054 ad
822 1017 1023 1066 angustias
1046 1017 1302 1066 rediguntur:
1326 1030 1415 1054 nam
1437 1030 1570 1055 eorum
1593 1018 1825 1056 assertiones
1838 1020 1938 1056 veri-

210 1079 291 1114 tate
313 1089 392 1113 non
413 1076 611 1122 nituntur,
648 1077 715 1114 sed
737 1089 807 1125 pro
830 1077 980 1113 ratione
1003 1088 1115 1124 saepe
1138 1078 1215 1113 stat
1236 1076 1430 1113 voluntas.
1471 1077 1566 1114 Inde
1590 1087 1629 1117 (⁴.
1652 1077 1770 1114 etiam
1790 1078 1941 1125 patebit

211 1148 346 1173 eorum
377 1135 540 1180 levitas;
574 1148 687 1184 saepe
718 1136 821 1172 enim
853 1136 900 1172 ob
927 1135 1112 1185 figmenta
1143 1135 1167 1171 i.
1190 1147 1221 1173 e.
1244 1135 1293 1172 ob
1315 1135 1529 1184 opiniones,
1563 1148 1659 1183 quas
1680 1136 1873 1173 Ecclesiae
1896 1148 1939 1173 ex

211 1194 369 1232 inscitia
390 1194 622 1244 appingunt,
645 1194 762 1232 fidem
784 1194 1021 1235 detrectant:
1044 1196 1084 1231 et
1104 1194 1274 1231 libenter
1297 1194 1342 1231 de
1364 1194 1412 1231 iis
1434 1206 1478 1231 ex
1500 1195 1653 1243 tripode
1667 1195 1939 1243 pronunciant,

211 1248 311 1302 quae
340 1266 389 1290 ne
420 1256 569 1291 norunt
590 1253 760 1302 quidem.
806 1253 930 1297 Quare
953 1253 1000 1290 ad
1023 1253 1197 1301 ipsorum
1219 1265 1285 1290 ora
1306 1253 1558 1290 obtundenda
1580 1266 1692 1302 saepe
1709 1254 1858 1302 juverit.
1879 1266 1941 1292 eos

211 1313 466 1362 interrogare,
499 1313 595 1361 quid
625 1313 727 1350 illud
759 1312 824 1358 sit,
858 1312 963 1361 quod
993 1313 1073 1348 tam
1108 1312 1292 1349 audacter
1313 1311 1506 1360 rejiciunt,
1531 1326 1565 1349 v.
1589 1325 1644 1362 gr.
1669 1312 1764 1360 quid
1786 1313 1940 1350 nomine

211 1371 402 1417 miraculi,
425 1371 720 1409 infallibilitatis
734 1372 884 1409 romani
897 1371 1107 1420 pontificis,
1132 1371 1395 1419 conceptionis
1410 1366 1678 1408 immaculatae
1692 1371 1729 1410 b.
1744 1372 1885 1409 Mariae
1898 1371 1940 1410 V.

213 1433 284 1470 etc,
305 1430 543 1480 intelligant.

331 1510 373 1552 3.
397 1513 485 1550 Non
517 1515 611 1550 sunt
633 1513 728 1550 dure
750 1512 956 1557 tractandi,
989 1524 1067 1549 non
1089 1511 1229 1549 acriter
1249 1512 1487 1560 increpandi,
1520 1525 1597 1549 non
1620 1512 1872 1561 contemptim
1895 1513 1940 1550 de

213 1584 348 1609 eorum
380 1572 589 1609 sententiis
621 1574 661 1609 et
690 1571 908 1609 rationibus
943 1573 1004 1608 est
1025 1570 1276 1619 loquendum,
1310 1571 1376 1608 sed
1398 1571 1540 1619 potius,
1574 1583 1660 1607 curn
1684 1571 1762 1608 sint
1783 1572 1940 1609 misera-

212 1631 318 1668 tione
349 1631 470 1680 digni,
502 1631 653 1679 placide
684 1635 776 1668 sunt
808 1630 968 1668 curandi
998 1629 1327 1678 indulgenterque
1358 1629 1527 1666 habendi
1545 1626 1600 1681 ¹);
1633 1632 1671 1667 et
1701 1642 1786 1667 cum
1816 1630 1940 1668 incre-

214 1690 393 1727 dulitatis
423 1690 533 1727 radix
566 1690 626 1727 vel
662 1690 878 1727 fomentum
901 1701 1012 1737 saepe
1034 1688 1084 1725 sit
1107 1688 1300 1737 superbia,
1333 1690 1448 1737 atque
1471 1688 1517 1725 de
1541 1700 1610 1725 sua
1631 1689 1880 1738 intelligendi
1900 1689 1942 1725 vi

214 1748 459 1795 confidentia,
492 1761 569 1797 qua
599 1749 825 1786 incredulus
853 1749 919 1796 jus
951 1747 1026 1784 sibi
1057 1749 1211 1796 arrogat
1241 1747 1287 1784 de
1321 1759 1553 1796 quacunque
1584 1759 1626 1784 re
1656 1747 1943 1796 pronunciandi

213 1807 469 1845 sententiam:
494 1808 599 1845 omni
614 1807 747 1845 studio
762 1807 1018 1856 satagendum
1032 1806 1118 1852 erit,
1134 1809 1180 1843 ut
1192 1806 1356 1843 rationis
1372 1819 1462 1843 suae
1476 1806 1619 1843 sentiat
1633 1806 1941 1844 imbecillitatem

213 1869 252 1904 et
274 1866 487 1916 angustias,
512 1870 630 1915 atque
652 1866 708 1903 ita
729 1866 892 1915 pronius
914 1865 1165 1902 revelationis
1179 1864 1407 1910 utilitatem,
1431 1865 1753 1908 convenientiam,
1777 1865 1943 1902 necessi-

212 1927 336 1962 tatem
365 1925 570 1974 percipiat.
613 1925 723 1970 Quod
751 1925 863 1962 facile
895 1936 1177 1972 consequemur
1210 1924 1454 1972 provocando
1477 1924 1521 1961 ad
1545 1926 1606 1961 tot
1629 1926 1777 1961 secreta
1797 1926 1837 1961 et
1858 1937 1942 1973 my-

212 1984 340 2029 steria,
364 1997 462 2032 quae
484 1985 547 2021 vel
568 1985 610 2021 in
629 1984 781 2021 visibili
803 1996 934 2021 rerum
956 1986 1108 2027 natura,
1134 1995 1250 2030 quam
1272 1983 1454 2020 manibus
1477 1983 1690 2031 palpamus,
1724 1985 1942 2027 occurrunt,

213 2043 284 2080 ubi
306 2043 534 2080 dicendum:
567 2044 796 2093 Ignoramus
819 2045 859 2080 et
879 2041 1169 2092 ignorabimus3
1204 2041 1253 2078 ad
1273 2042 1508 2090 paucitatem
1529 2042 1752 2086 veritatum,
1785 2042 1827 2078 in
1849 2054 1944 2090 quas

213 2114 346 2139 omnes
368 2101 612 2151 conspirant3
638 2104 683 2139 ad
708 2102 838 2148 dubia,
862 2100 1134 2144 dissensiones,
1159 2100 1478 2138 incertitudinem
1501 2101 1822 2149 philosophorum
1844 2100 1945 2137 circa

213 2173 274 2198 res
306 2161 449 2198 summi
480 2162 679 2206 momenti,
712 2161 811 2198 circa
841 2173 972 2198 rerum
1005 2159 1206 2209 originem,
1240 2159 1405 2197 hominis
1439 2159 1750 2204 destinationem,
1783 2159 1945 2196 alteram

212 2220 344 2265 vitam,
367 2220 493 2257 Deum
514 2223 585 2257 etc.
608 2220 670 2267 (cf.
692 2220 747 2257 th.
770 2217 864 2271 IV).

360 2376 383 2419 ¹)
402 2374 639 2409 Praeclarum
656 2373 866 2418 exemplum
885 2373 1037 2419 praebet
1054 2372 1093 2407 in
1110 2372 1239 2417 primis
1257 2373 1288 2407 A
1300 2385 1323 2405 u
1334 2384 1358 2417 g
1370 2384 1392 2405 u
1406 2384 1420 2405 s
1431 2372 1505 2405 tin
1517 2383 1565 2405 us
1583 2373 1621 2405 in
1635 2372 1709 2405 suis
1724 2370 1870 2415 scriptis
1886 2370 1944 2403 ad-

212 2438 337 2461 versus
356 2428 443 2462 fidei
461 2428 665 2462 catholicae
683 2428 816 2462 hostes.
852 2427 903 2461 Cf.
924 2437 976 2461 ex.
995 2438 1048 2471 gr.
1068 2426 1093 2460 l.
1112 2426 1155 2459 de
1173 2426 1253 2460 util.
1281 2425 1453 2459 credendi
1482 2430 1618 2469 (opusc.
1639 2425 1710 2465 VI.)
1729 2423 1944 2469 praesertim

213 2491 241 2516 c.
260 2484 291 2516 9.
326 2481 456 2515 Petrus
472 2481 504 2515 D
516 2491 585 2515 am
599 2481 699 2514 iani
718 2481 756 2515 in
775 2491 898 2525 opusc.
918 2484 937 2514 ‘2
957 2480 1121 2524 antilogo
1141 2478 1436 2523 contrajudaeos
1455 2477 1577 2523 (Mig.
1599 2482 1674 2517 145,
1692 2481 1749 2519 41)
1768 2478 1823 2512 ita
1840 2488 1944 2522 prae-

212 2534 320 2578 cipit:
355 2534 467 2572 „Cum
484 2534 566 2578 quis
585 2534 629 2568 de
654 2534 724 2569 hoc
742 2533 893 2578 negotio
919 2533 978 2578 (de
996 2532 1066 2566 fide
1083 2532 1234 2574 tuenda)
1262 2533 1367 2566 litem
1393 2533 1524 2571 movet,
1550 2531 1803 2565 admonendus
1821 2532 1886 2565 est.
1905 2531 1944 2563 ut

211 2597 286 2620 non
304 2587 550 2621 contumeliae
563 2587 688 2632 jurgio
707 2587 766 2620 vel
785 2585 979 2630 superbiae
996 2585 1112 2628 typho
1132 2584 1415 2619 contendentem
1446 2585 1645 2627 exasperet,
1673 2584 1734 2617 sed
1753 2583 1830 2628 ejus
1849 2593 1945 2616 meu-

211 2642 287 2674 tem
305 2639 460 2673 caritate
479 2640 659 2675 benevola-
676 2641 712 2674 et
730 2639 1001 2684 patientissima
1019 2638 1201 2683 gravitate
1225 2637 1444 2677 demulceat,
1470 2639 1652 2681 quatenus
1670 2637 1855 2681 lapideum
1875 2647 1943 2673 cor,

213 2693 311 2735 quod
331 2692 444 2726 effusa
463 2692 708 2726 amaritudine
727 2691 889 2726 deterius
906 2693 1055 2735 poterat
1073 2691 1327 2732 obdurescere,
1340 2690 1508 2723 modesta
1522 2690 1715 2724 verborum
1730 2689 1882 2723 dulcedo
1898 2687 1944 2721 ad

214 2744 434 2779 credendum
452 2745 611 2779 forsitan
629 2745 751 2779 valeat
771 2744 946 2778 emollire.
981 2743 1076 2777 Hinc
1104 2745 1159 2777 est
1185 2743 1283 2787 quod
1309 2743 1408 2777 idem
1425 2743 1622 2786 Apostolus
1649 2743 1694 2775 ad
1711 2742 1944 2776 Timotheum

214 2808 296 2831 cum
314 2798 582 2842 praemisisset:
602 2799 737 2832 Stultus
755 2803 867 2832 autem
887 2802 917 2830 et
933 2798 1009 2830 sine
1026 2798 1213 2840 disciplina
1230 2797 1443 2840 quaestiones
1460 2796 1571 2829 devita
1599 2798 1642 2833 (2,
1666 2805 1720 2839 ep.
1741 2797 1771 2833 2,
1790 2797 1846 2835 23)
1865 2804 1944 2837 pro-

213 2849 313 2884 tinus
332 2851 495 2885 addidit:
516 2852 662 2885 Servum
683 2857 798 2884 autem
812 2851 958 2884 Domini
972 2861 1043 2883 non
1057 2854 1191 2893 oportet
1204 2851 1352 2892 litiyare,
1365 2850 1424 2883 sed
1436 2854 1650 2882 mansuetum
1675 2858 1744 2881 esse
1758 2848 1804 2880 ad
1817 2857 1942 2889 omnes,

213 2905 402 2948 docibilem,
414 2909 620 2949 patientem,
648 2916 726 2938 cum
744 2905 841 2938 omni
858 2904 1024 2936 modestia
1041 2904 1287 2946 corripientem
1315 2913 1370 2936 eos
1386 2903 1448 2945 qui
1468 2903 1642 2943 resistunt,
1668 2913 1708 2933 ne
1730 2901 1868 2943 quando
1887 2900 1942 2931 det

217 2958 285 2990 illis
299 2958 395 2990 Deus
401 2959 652 3001 poenitentiam
667 2958 714 2991 ad
727 2957 994 3000 coqnoscendam
1021 2958 1199 2990 ceritatem
1218 2961 1248 2989 et
1260 2957 1467 2998 reszpiscant
1485 2966 1506 2988 α
1523 2955 1651 2987 diabole?
1675 2954 1817 2996 laqueis,
1838 2963 1858 2984 α
1877 2963 1943 2995 quo

213 3011 341 3053 captim*
356 3016 515 3045 tenentur
533 3012 580 3045 ad
598 3013 709 3054 ipsius
725 3012 968 3046 volzmtatem.“
1003 3007 1054 3043 Cf.
1074 3009 1186 3043 etiam
1213 3009 1356 3042 monita
1384 3007 1581 3052 prudentia
1599 3006 1626 3039 B
1639 3016 1656 3039 e
1669 3017 1685 3039 c
1699 3005 1774 3038 ani
1792 3004 1831 3037 in
1848 3003 1943 3037 Man.

215 3065 376 3098 controv.
395 3064 510 3108 prael.
533 3068 548 3097 1
566 3078 573 3102 ς
593 3064 768 3097 Lehmk
782 3062 864 3097 uhl
884 3063 1011 3104 Linzer
1030 3061 1188 3103 Qtlschr.
1209 3064 1297 3096 1896
1316 3073 1350 3105 p.
1370 3063 1543 3095 823-33.

1695 3118 1731 3149 8·
