2175 3382
834 148 885 181 De
903 147 1171 192 approbatione
1193 148 1373 182 ordinum.
1887 154 1972 196 301

234 271 321 309 dam
345 271 506 308 ducunt.
548 270 658 307 Unde
679 270 946 318 consequitur,
970 282 1048 307 non
1071 270 1199 307 solum
1221 271 1479 308 recedendum
1504 283 1586 308 esse
1601 272 1852 318 asententiis,
1876 285 1980 321 quas

232 329 407 367 Ecclesia
438 328 680 378 proscripsit,
715 328 782 366 sed
803 329 922 365 etiam
944 328 1160 365 cavendum
1182 341 1276 372 esse,
1313 341 1362 366 ne
1384 332 1598 378 systemata
1628 330 1839 380 fingantur,
1872 344 1977 380 quae

232 388 406 437 ejusdem
428 388 627 425 doctrinae
650 390 690 424 et
710 388 834 424 menti
857 387 1127 432 adversentur,
1157 390 1197 424 et
1218 388 1482 425 reformandas
1504 391 1663 437 patrum
1695 402 1737 426 ac
1768 395 1976 438 praestan-

231 447 476 485 tissimorum
506 446 727 495 theologiae
761 446 966 483 doctorum
997 446 1173 494 exemplo
1204 446 1400 484 doctrinas
1431 447 1732 496 philosophicas,
1765 449 1834 486 ubi
1866 450 1971 487 veri-

231 509 353 544 tatem
374 506 585 544 revelatam
609 504 960 553 quomodocunque
991 507 1173 554 tangunt,
1207 506 1423 543 secundum
1454 506 1648 543 Ecclesiae
1681 507 1895 545 doctrinam
1928 520 1976 545 ac

231 567 414 610 mentem,
451 577 539 602 cum
561 564 686 612 ipsius
720 563 985 612 philosophiae
1020 566 1158 612 utpote
1193 565 1376 602 scientiae
1411 564 1607 602 inferioris
1646 569 1684 602 et
1717 566 1848 603 minus
1881 570 1976 603 tuto-

231 624 485 662 fundamento
509 623 692 661 suffultae
715 623 816 660 ratio
839 622 981 672 exigat,
1015 625 1061 660 ut
1092 623 1422 670 quemadmodum
1453 624 1631 672 loquitur
1661 624 1795 662 doctor
1824 638 1976 675 ange—

232 683 366 720 licus
389 680 447 733 (in
468 682 677 720 Boethium
699 681 746 718 de
769 681 907 718 Trinit.
930 695 966 730 q.
992 687 1013 720 2
1038 694 1069 718 3.
1095 679 1147 734 3),
1183 682 1236 719 sit
1256 682 1303 720 ad
1326 684 1448 720 metas
1479 682 1570 719 fidei
1592 683 1803 732 redigenda
1833 696 1975 721 secun-

232 742 323 779 dum
346 742 447 779 illud
468 741 667 790 Apostoli:
702 740 749 778 In
771 741 1027 789 captivitatem
1050 741 1256 791 redigentes
1278 754 1423 778 omnem
1448 743 1671 779 intellectum
1695 744 1735 779 in
1756 743 1972 792 obsequium·

235 801 379 838 Christi
401 798 457 854 (⁶2.
482 801 563 838 Cor.
592 807 653 844 10,
681 797 743 851 5):
775 812 903 847 neque
924 800 993 836 illo
1016 800 1206 837 Ecclesiae
1228 800 1275 837 de
1299 801 1484 838 doctrinis
1507 800 1789 850 philosophicis
1817 802 1976 850 judicio-

230 859 450 897 detrahitur
472 859 687 908 quidquam
720 859 897 896 veritatis
929 858 1125 896 naturalis
1156 859 1400 909 indagandae
1437 860 1578 898 studio.
1590 865 1606 883 «
1652 860 1701 897 Et
1732 873 1867 898 revera
1898 861 1972 898 Ec-

229 919 347 957 clesia
368 919 440 956 hoc
455 919 547 968 jure
566 930 638 955 usa
658 918 889 966 praesertim
910 920 1045 955 nostra
1074 919 1201 955 aetate
1233 919 1279 955 de
1310 919 1492 967 pluribus
1526 919 1806 967 systematibus
1839 920 1966 968 philo-

231 978 399 1026 sophicis
421 977 648 1015 authentice
677 976 883 1025 judicavit,
907 979 953 1014 ut
975 976 1022 1013 de
1048 976 1390 1023 traditionalismo,
1415 978 1687 1027 ontologismo,
1712 978 1759 1015 de
1773 979 1972 1026 opinioni-

230 1037 304 1074 bus
325 1036 604 1086 philosophicis
627 1035 895 1080 Hermesii,
920 1035 1186 1080 Giintheri,
1211 1037 1442 1074 Rosmiini
1466 1040 1537 1075 etc.
1582 1037 1634 1074 Cf.
1658 1037 1772 1074 Petra
1797 1038 1970 1075 Romana

231 1094 405 1149 (auctore
427 1096 585 1133 Rudis
607 1095 631 1132 i.
653 1107 684 1131 e.
707 1094 944 1146 Andries)
967 1108 1004 1144 p.
1031 1101 1051 1134 2
1076 1094 1206 1144 diagn.
1233 1103 1267 1135 6.

349 1179 445 1219 277.
477 1176 521 1218 2.
553 1173 707 1227 Nequit
736 1173 925 1214 Ecclesia
959 1174 1125 1215 sancire
1169 1176 1411 1227 generalem
1446 1175 1663 1228 quandam
1699 1153 2175 1235 disciplinamm

231 1258 466 1299 omnesque
488 1245 759 1297 obligantem,
782 1256 891 1297 quae
914 1245 979 1285 vel
1002 1244 1097 1285 fidei
1119 1245 1368 1286 adversetur
1389 1246 1455 1286 vel
1478 1246 1601 1286 bonis
1623 1246 1813 1287 moribus
1835 1246 1900 1287 vel
1923 1245 2175 1293 immam

231 1328 358 1369 grave
380 1317 593 1369 religionis
616 1317 915 1358 detrimentum
940 1317 1107 1385 0οἐᾓὶ
1107 1322 1149 1358 et
1170 1318 1252 1387 hoff
1275 1330 1403 1394 sensu
1425 1318 1661 1398 ιήζανίἰίόίῑὶε
1683 1320 1765 1360 dica·
1788 1320 1899 1360 debet
1922 1321 1967 1360 in-
2091 1352 2104 1377 ι

94 1409 103 1420 ·
229 1389 456 1429 sancienda
479 1388 621 1443 aliqua
643 1371 1149 1442 disciplinawss‘ffjusmodi
1172 1401 1235 1432 ex,
1258 1402 1314 1441 gr.
1349 1394 1413 1430 est
1434 1389 1670 1442 baptismus
1692 1402 1768 1442 per
1790 1368 2175 1465 infffiosssshaefl

0 1422 217 1467 ,hm-‘⁹⁸⁸⁴‘
711 1449 801 1469 m
2036 1445 2046 1476 l
2069 1444 2078 1459 υ
2103 1430 2110 1458 ἱ

229 1471 339 1507 nem,
362 1459 607 1500 communio
630 1458 708 1500 sub
731 1472 818 1500 una
839 1452 992 1511 spesss‘eff
1014 1473 1041 1500 u
1066 1473 1116 1500 us
1131 1461 1268 1513 azymi
1291 1461 1333 1501 in
1357 1461 1615 1502 eucharistia
1638 1466 1736 1502 ete:
1761 1473 1845 1501 non
1864 1467 2175 1527 veroin-Lavi

234 1541 285 1570 eo
317 1541 457 1579 sensu,
489 1530 610 1583 quasi
643 1531 813 1571 nonnisi
846 1542 940 1571 eam
973 1543 1142 1583 semper
1173 1531 1438 1584 disciplinam
1470 1536 1656 1573 statuere
1683 1533 1826 1585 possit,
1859 1544 1975 1585 quae
1994 1535 2079 1567 M
2103 1531 2110 1538 “
2132 1572 2175 1597 ,a

233 1600 431 1641 omnibus
453 1601 649 1654 expensis
681 1613 783 1654 prae
817 1602 968 1642 ceteris
1000 1602 1161 1654 optima
1193 1614 1362 1655 quoq-ue
1393 1603 1445 1643 sit
1473 1604 1693 1656 magisque
1717 1608 2175 1674 opportunaffffl

350 1687 410 1724 Ad
432 1700 515 1725 rem
537 1689 567 1725 A
581 1687 887 1737 ugustinus:
915 1714 931 1732 »
942 1688 1124 1733 Ecclesia,
1148 1689 1280 1737 inquit
1302 1703 1362 1737 ep.
1389 1696 1438 1729 55
1465 1702 1502 1726 n.
1520 1696 1584 1735 35,
1608 1703 1706 1738 quae
1728 1692 1822 1726 sunt
1835 1684 2175 1747 &msam

231 1747 347 1784 fidem
369 1749 438 1784 aut
458 1747 600 1784 bonam
621 1747 756 1793 vitam,
779 1759 850 1785 nec
871 1747 1071 1795 approbat,
1094 1760 1165 1785 nec
1186 1750 1300 1793 tacet,
1324 1761 1394 1786 nec
1414 1749 1548 1786 facit.‘
1591 1749 1641 1785 Et
1663 1749 1807 1786 iterum
1830 1762 1887 1798 ep.
1913 1755 1965 1789 54

232 1819 269 1844 n.
295 1813 338 1846 5:
377 1806 444 1850 „Si
467 1806 564 1855 quid
584 1808 713 1843 totum
735 1819 804 1854 per
825 1806 957 1843 orbem
988 1806 1214 1855 frequentat
1236 1807 1418 1853 Ecclesia,
1450 1807 1548 1856 quin
1578 1808 1636 1844 ita
1666 1807 1884 1845 faciendum
1917 1808 1967 1845 sit

232 1865 434 1913 disputare
455 1865 765 1902 insolentissime
797 1865 968 1902 insaniae
1000 1867 1070 1902 est.
1082 1871 1098 1888 «
1143 1866 1228 1903 Huc
1262 1866 1400 1903 referri
1431 1869 1596 1915 possunt
1627 1879 1730 1904 conc.
1761 1867 1970 1903 tridentini

234 1936 325 1961 sess.
352 1932 371 1964 7
397 1936 478 1961 can.
509 1930 578 1968 133
602 1936 690 1961 sess.
715 1929 766 1963 22
791 1936 872 1963 can.
899 1931 934 1969 7,
957 1924 1102 1972 quibus
1124 1925 1226 1962 ritus
1249 1927 1288 1962 et
1303 1926 1565 1963 caeremonias
1580 1926 1621 1963 in
1636 1928 1964 1963 sacramentorum

230 1983 570 2020 administratione
593 1985 632 2019 et
653 1983 792 2020 missae
815 1983 1074 2021 celebratione
1096 1984 1292 2022 adhibitas
1305 1985 1532 2022 solemniter
1544 1987 1692 2022 tuetur.
1735 1984 1836 2022 Hinc
1850 1985 1969 2022 etiam-

231 2055 253 2079 a
274 2042 358 2080 Pio
381 2042 443 2080 VI.
467 2041 685 2079 declaratur
717 2054 825 2090 prop.
852 2048 916 2083 78.
940 2042 1080 2091 synodi
1110 2043 1456 2091 pistoriensis
1491 2046 1715 2092 „quatenus
1746 2057 1817 2092 pro
1849 2056 1969 2093 gene-

231 2101 389 2139 ralitate
410 2101 619 2138 verborum
641 2102 942 2150 comprehendat
964 2104 1003 2138 et
1024 2102 1263 2151 praescripto
1286 2103 1451 2139 examini
1486 2103 1669 2150 subjiciat
1700 2103 1818 2140 etiam
1849 2103 1971 2140 disci—

230 2160 378 2209 plinam
400 2160 448 2197 ab
470 2159 643 2197 Ecclesia
664 2160 920 2197 constitutam
944 2162 983 2197 et
1004 2161 1218 2209 probatam,
1251 2162 1364 2209 quasi
1386 2162 1565 2207 Ecclesia,
1599 2174 1698 2210 quae
1722 2161 1873 2210 Spiritu
1896 2162 1965 2199 Dei

231 2219 396 2269 regitur,
432 2219 679 2267 disciplinam
702 2219 944 2256 constituere
964 2221 1098 2268 posset
1119 2233 1196 2257 non
1232 2221 1359 2257 solum
1395 2221 1579 2258 inutilem
1614 2225 1653 2258 et
1689 2220 1962 2263 onerosiorem,

231 2291 349 2327 quam
370 2279 530 2315 libertas
551 2278 762 2316 christiana
783 2278 971 2327 patiatur,
1000 2279 1066 2316 sed
1089 2282 1128 2316 et
1150 2279 1417 2327 periculosam,
1441 2280 1607 2324 noxiam,
1641 2279 1891 2317 inducentem
1923 2279 1967 2316 in

233 2337 551 2386 superstitionem
574 2340 614 2374 et
640 2337 977 2383 materialismum,
1008 2338 1150 2379 falsa.
1182 2339 1476 2384 temeraria,
1509 2338 1825 2383 scandalosa,
1857 2351 1965 2387 per-

230 2396 437 2442 niciosa,
459 2396 614 2445 piarum
635 2396 791 2433 aurium
813 2396 1084 2442 offensiva‚
1107 2397 1302 2435 Ecclesiae
1324 2409 1367 2434 ac
1391 2397 1560 2446 Spiritui
1584 2397 1664 2440 Dei,
1693 2410 1768 2446 quo
1791 2398 1876 2446 ipsa
1898 2410 1959 2434 re-

230 2455 350 2504 gitur,
372 2455 652 2504 injuriosa,
686 2455 733 2492 ad
755 2455 886 2492 minus
908 2461 1192 2494 errronea«
1238 2456 1290 2493 Cf.
1312 2456 1559 2493 Heinrich
1593 2454 1613 2499 ἓ
1643 2463 1720 2496 104
1745 2469 1812 2501 ss.;
1846 2456 1971 2493 Stim—

232 2527 320 2551 men
342 2527 411 2551 aus
432 2514 555 2551 Maria
577 2515 697 2551 Laach
721 2514 765 2551 X.
787 2527 824 2551 n.
851 2521 899 2554 79
926 2526 973 2551 ss.

2125 2564 2175 2586 Ι-Ἁ-

156 2641 168 2653 ,
351 2614 361 2625 “
382 2609 447 2649 78.
471 2605 513 2648 3.
538 2605 784 2646 Tenendum
816 2610 880 2653 est
902 2604 1130 2650 Ecclesiwn
1161 2619 1302 2646 errare
1330 2618 1408 2656 non
1441 2626 1443 2629 .
1471 2618 1556 2646 osse
1589 2606 1630 2645 ιή
1663 2620 1713 2646 α’
1753 2570 2105 2646 robatioffl

135 2607 378 2706 W
1306 2646 1364 2678 ‘q
1390 2657 1403 2669 s
1732 2658 1828 2680 ww
1848 2662 1923 2677 W„
1942 2640 2088 2674 ,offiw
2115 2642 2175 2662 su·-

0 2689 212 2736 Μ
233 2647 1120 2730 ,·ει«ῑρῑοηεέ”’ἑ“ει“ἷόἷ·“ᾱῆῖ1”ὲᾪὲῖῖςῑόἐΐ·ἔιῖῧξιᾙ
1147 2652 1322 2728 ᾖῐῖἷῖἓῑ
1336 2659 1429 2716 υηῖ
1446 2676 1498 2717 de
1529 2657 1649 2717 hob}
1669 2667 1753 2716 tare
1776 2688 1827 2717 ae
1849 2674 1963 2717 suffi-

0 2736 161 2781 Μ
179 2772 188 2782 ·
231 2747 386 2787 cientia
408 2747 503 2787 talis
525 2747 640 2787 modi
661 2743 843 2795 vivendi,
866 2751 911 2787 ut
933 2751 997 2788 est
1018 2751 1153 2787 status
1178 2718 1963 2799 perfectionisfflmseffieli-

0 2790 377 2887 ymonis.
419 2817 673 2870 Approbans
705 2818 818 2858 enim
849 2818 1098 2859 solemniter
1120 2818 1311 2859 ordinem
1334 2818 1577 2868 religiosum
1608 2818 1690 2858 hoc
1722 2818 1968 2859 authentice
1999 2804 2175 2863 ww]

0 2881 422 2942 mmissdeclarat
444 2892 485 2929 et
508 2900 559 2929 eo
583 2889 674 2940 ipso
698 2900 792 2929 eum
817 2888 1093 2930 commendat
1106 2888 1296 2930 fidelibus
1318 2894 1364 2929 ut
1386 2893 1519 2943 tutam
1542 2888 1811 2940 perfectionis
1833 2888 1938 2928 semi
1958 2886 2175 2960 Um&

0 2943 181 2994 Μ
233 2962 322 2998 tam
344 2970 501 3010 eosque
523 2958 661 2999 reddit
682 2970 856 2999 securos
887 2958 938 2998 de
970 2959 1065 2999 viae
1097 2958 1151 2998 ad
1182 2959 1452 2999 sanctitatem
1485 2963 1526 2999 et
1557 2958 1734 3010 gloriam
1761 2951 1973 2998 bonitates

0 2998 362 3080 &Atqui
382 3033 590 3080 repugnat
609 3028 901 3080 providentiae
923 3029 1236 3080 supernaturali
1258 3028 1472 3069 Ecclesiae
1494 3028 1692 3069 divinitus
1714 3028 1960 3080 promissae.

0 3085 176 3130 “Nur-
232 3103 279 3139 ut
309 3110 361 3139 ea
391 3097 582 3139 fidelibus
605 3099 874 3141 commendet
896 3100 1020 3149 viam,
1053 3111 1162 3152 quae
1196 3104 1360 3140 avertat
1391 3112 1416 3140 a
1447 3099 1716 3152 perfectione,
1748 3098 1875 3138 ducat
1907 3096 1963 3138 ad·
