2175 3382
265 164 319 204 6ss
534 157 651 190 'rx-act.
672 155 697 189 Ι.
717 155 897 200 Apologia
917 155 1020 200 relig.
1041 156 1166 190 clii-ist.
1187 154 1265 189 XlI.
1286 154 1429 188 Veritas
1446 154 1704 198 philosophica

265 278 413 329 ipsum,
437 287 561 316 nemo
586 279 682 328 post
704 276 853 327 ipsum.
876 276 953 316 nisi
979 276 1084 316 forte
1109 275 1174 317 illi.
1198 275 1267 327 qui
1290 275 1367 326 ipsi
1401 285 1558 314 nomen
1583 273 1789 314 dederunt
1811 279 1863 329 ¹);
1887 274 1998 327 quod

264 349 352 400 ipse
376 347 446 399 qui
464 347 711 400 pertransiit
735 346 1023 399 benefaciendo
1040 345 1131 388 Act.
1151 349 1215 394 10,
1231 349 1299 389 38.
1327 345 1482 397 quique
1510 350 1596 384 tam
1621 344 1851 385 salutarem
1874 344 2001 385 docc-

265 418 339 458 bat
369 417 621 466 doctrinam,
654 417 761 459 adeo
794 417 938 458 utilem
972 417 1192 457 scientiam
1225 428 1310 456 non
1344 418 1471 457 etiam
1497 415 1591 456 aliis
1615 415 2003 459 communicaverit.

383 488 426 531 3.
451 486 647 528 Ceterum
680 486 832 528 suflicit
856 487 919 527 vel
951 487 1158 538 inspicere
1192 486 1378 534 modum,
1410 497 1493 538 quo
1527 485 1596 526 illa
1619 484 1811 527 Christus
1833 487 2005 539 peregit,

265 564 310 600 ut
331 558 488 611 liquido
512 563 728 611 appareat,
760 569 857 598 eum
890 558 1025 610 egisse
1048 562 1266 610 tamquam
1291 562 1470 598 naturae
1491 556 1793 601 Dominum.
1824 556 2004 610 ideoque

265 630 355 682 ejus
378 642 508 682 opera
533 642 619 670 non
642 628 770 670 fuisse
793 628 992 676 humana,
1025 627 1099 669 sed
1123 627 1454 681 superhumana,
1478 627 1830 680 supernaturalia,
1851 627 2004 668 divina.

383 715 629 763 Quapropter
651 718 783 752 Arno
798 714 914 751 bius
937 714 1080 751 merito
1102 714 1157 751 ita
1181 714 1398 762 alloquitur
1420 714 1592 764 gentiles
1616 715 1639 750 l.
1672 721 1681 753 l
1712 726 1741 750 c.
1768 721 1842 754 35:
1873 713 2004 758 „Quid

264 775 409 819 dicitis,
433 787 454 812 o
479 775 642 811 iterum!
676 774 777 820 Ergo
801 773 868 810 ille
890 773 1070 811 mortalis
1103 777 1171 810 aut
1204 785 1308 810 unus
1330 773 1408 810 fuit
1439 785 1458 810 e
1481 773 1608 818 nobis,
1641 773 1753 822 cujus
1783 772 2003 822 imperium,

263 835 376 883 cujus
399 846 532 871 vocem
554 833 811 881 popularibus
833 835 874 870 et
895 832 1135 881 quotidianis
1158 832 1287 870 verbis
1318 832 1476 870 missam
1508 830 1598 884 (seu
1629 829 1825 883 emissam)
1857 831 2003 869 invale-

263 894 431 937 tudines,
455 891 591 937 morbi,
626 891 752 929 febres
777 895 896 940 atque
919 892 994 929 alia
1017 904 1223 940 corporum
1246 891 1508 929 cruciamenta
1530 891 1761 941 fugiebant?
1796 890 1905 928 Unus
1927 890 2004 928 fuit

264 966 283 990 e
306 952 431 994 nobis,
455 952 568 999 cujus
591 951 865 999 praesentiam,
889 951 1003 998 cujus
1025 951 1155 988 visum
1178 962 1274 1000 gens
1297 950 1364 987 illa
1386 950 1577 999 nequibat
1602 950 1942 988 ferre'mersorum
1962 950 2004 987 in

263 1011 477 1049 visceribus
501 1010 745 1055 daemonum,
770 1010 1062 1059 conterritaque
1084 1010 1124 1047 vi
1145 1022 1244 1047 nova
1265 1009 1530 1047 membrorum
1551 1009 1792 1059 possessione
1815 1009 2004 1047 cedebat?

263 1071 372 1108 Unus
393 1070 469 1107 fuit
492 1082 511 1107 e
534 1069 658 1114 nobis,
695 1070 808 1117 cujus
831 1068 962 1106 foedae
984 1069 1201 1118 vitiligines
1218 1069 1386 1117 jussioni
1409 1068 1733 1117 obtemperabant
1753 1068 1892 1117 pulsae
1924 1070 2003 1106 sta-

262 1130 336 1167 tim
358 1132 396 1166 et
420 1128 666 1166 concordiam
690 1128 864 1165 colorum
897 1128 1191 1166 commaculatis
1223 1128 1440 1165 visceribus
1471 1128 1776 1176 relinquebant?
1801 1157 1807 1163 .
1832 1157 1839 1165 .
1865 1160 1871 1167 .
1896 1127 2004 1165 Unus

262 1189 339 1226 fuit
362 1201 381 1225 e
403 1188 527 1231 nobis,
553 1187 621 1236 qui
644 1187 801 1225 claudos
824 1199 979 1225 currere
1001 1187 1290 1236 praecipiebat?
1392 1187 1514 1231 Unus,
1538 1187 1714 1236 inquam,
1736 1186 1815 1225 fuit
1836 1199 1856 1224 e
1878 1186 2003 1231 nobis,

263 1248 332 1296 qui
354 1247 630 1285 debilitatibus
653 1246 773 1284 variis
797 1247 1018 1295 morbisque
1041 1250 1197 1284 vexatos
1219 1249 1376 1283 centum
1412 1249 1482 1284 aut
1503 1246 1574 1284 hoc
1596 1246 1765 1295 amplius
1787 1245 1905 1283 semel
1927 1258 2005 1283 una

263 1306 546 1344 intercessione
569 1306 763 1343 sanabat?
797 1306 910 1355 cujus
932 1318 1064 1343 vocem
1088 1305 1136 1342 ad
1159 1305 1377 1354 simplicem
1397 1305 1613 1343 furibunda
1643 1308 1683 1343 et
1712 1305 1849 1343 insana
1878 1304 2004 1354 expli—

264 1366 405 1403 cabant.
427 1377 467 1402 se
489 1365 643 1402 maria?
666 1365 925 1413 procellarum
947 1365 1127 1402 turbines
1141 1367 1479 1414 tempestatesque
1496 1364 1705 1402 sidebant?
1727 1364 1796 1413 qui
1813 1376 1881 1413 per
1894 1363 2004 1402 altis-

264 1424 381 1462 simos
404 1424 583 1474 gurgites
604 1424 744 1473 pedem
765 1424 916 1461 ferebat
936 1424 1140 1461 inlutum?
1172 1423 1345 1461 calcabat-
1376 1424 1487 1473 ponti
1518 1426 1631 1474 terga
1661 1423 1779 1461 undis
1800 1423 1896 1473 ipsis
1919 1424 2003 1461 stu·

262 1484 448 1532 pentibus
470 1484 512 1520 in
534 1483 769 1520 famulatum
793 1483 989 1521 subeunte
1011 1485 1182 1520 natura?
1213 1483 1283 1532 qui
1317 1483 1568 1531 sequentium
1601 1495 1639 1520 se
1661 1483 1786 1520 millia
1817 1482 2004 1531 quinque,

263 1543 439 1591 quinque
462 1542 657 1579 saturavit
680 1554 699 1579 e
720 1543 900 1591 panibus,
924 1554 977 1587 ac,
1001 1555 1049 1579 ne
1072 1554 1156 1580 esse
1180 1543 1412 1592 praestigiae
1435 1541 1649 1580 incredulis
1670 1542 1754 1579 illis
1775 1541 2006 1579 viderentur

261 1604 300 1639 et
322 1601 446 1646 duris,
478 1602 538 1639 bis
573 1613 757 1638 senarum
778 1606 1001 1650 sportarum
1033 1601 1143 1638 sinus
1176 1601 1440 1650 reliquiarum
1473 1601 1734 1650 fragminibus
1767 1600 2005 1651 aggerebat?

262 1661 371 1698 Unus
392 1661 471 1698 fuit
493 1673 513 1698 e
535 1660 658 1703 nobis,
694 1660 763 1709 qui
785 1660 911 1698 redire
935 1660 978 1697 in
1000 1672 1159 1709 corpora
1176 1661 1411 1709 jamdudum
1433 1661 1581 1698 animas
1603 1660 1868 1709 praecipiebat,
1897 1659 2004 1698 effla-

261 1723 332 1764 tas,
355 1720 512 1769 prodire
536 1720 584 1757 ab
605 1719 818 1769 aggeribus
841 1719 1027 1765 conditos,
1064 1723 1103 1757 et
1125 1724 1215 1768 post
1237 1720 1341 1757 diem
1361 1720 1514 1757 funeris
1537 1720 1700 1757 tertium
1721 1719 2006 1768 pollinctorum

262 1779 531 1816 voluminibus
554 1778 756 1827 expediri?
781 1779 887 1816 Unus
910 1778 987 1816 fuit-
1009 1791 1028 1816 e
1050 1779 1172 1824 nobis,
1196 1779 1265 1828 qui
1288 1779 1382 1827 quid
1406 1778 1558 1823 singuli
1580 1780 1796 1824 volverent,
1820 1778 1918 1827 quid
1931 1778 2004 1816 sub

262 1838 438 1875 obscuris
461 1838 768 1887 cogitationibus
791 1838 1050 1881 continerent,
1073 1838 1285 1876 tacitorum
1308 1838 1351 1875 in
1373 1838 1553 1876 cordibus
1574 1838 1834 1886 pervidebat?
1855 1841 1944 1874 etc‘

380 1916 424 1959 4.
449 1915 737 1958 Confirmatur
768 1917 964 1970 probatio
998 1918 1050 1958 de
1073 1918 1251 1959 veritate
1283 1917 1586 1959 miraculorum
1610 1917 1765 1959 Christi
1799 1918 1882 1958 hac
1903 1929 2007 1959 con-

262 1987 543 2028 sideratione:
578 1986 685 2028 Cum
707 2000 809 2029 vera
837 1988 1043 2029 miracula
1065 1988 1213 2030 efficax
1237 1990 1320 2029 sint
1342 1989 1632 2030 testimonium
1654 1989 1864 2037 veritatis;
1895 1989 2007 2030 Deus

409 2114 432 2153 ¹)
450 2110 660 2146 Secundum
676 2110 741 2144 illa
765 2110 904 2145 Christi
917 2111 1046 2145 verba:
1067 2114 1190 2154 Amen,
1210 2123 1311 2145 amen
1328 2113 1404 2146 dico
1426 2114 1529 2157 robis,
1547 2115 1610 2156 qui
1625 2115 1736 2147 credit
1751 2114 1788 2146 in
1805 2124 1868 2151 me,
1887 2122 2006 2155 opera,

262 2175 349 2208 quae
366 2175 425 2207 eqo
442 2166 536 2207 facio
555 2170 586 2198 et
604 2167 677 2208 ipse
693 2166 812 2208 faciel,
832 2170 863 2199 et
879 2166 1018 2208 majvra
1037 2166 1162 2199 horum
1182 2166 1289 2208 faciet
1305 2165 1425 2209 (Joan.
1446 2168 1500 2205 14.
1522 2167 1589 2211 11).
1626 2164 1706 2206 Qua.
1730 2166 1920 2200 occasione
1946 2165 2008 2198 ad-

262 2217 373 2251 vertit,
389 2218 485 2250 Arn
497 2228 517 2251 o
529 2217 613 2251 biu
626 2229 641 2250 s
662 2218 685 2251 l.
710 2222 719 2251 1
747 2216 828 2251 adr.
847 2220 979 2262 gentes
998 2228 1025 2251 c.
1042 2222 1107 2252 50:
1127 2216 1269 2258 ,Quid?
1288 2218 1385 2261 quod
1403 2218 1494 2252 istas
1512 2218 1681 2262 virtutes,
1703 2228 1797 2262 quae
1811 2218 1898 2252 sunt
1910 2229 1933 2251 a
1945 2228 2006 2251 no-

261 2270 319 2304 bis
338 2269 563 2311 summatim,
581 2281 657 2304 non
674 2272 716 2304 ut
732 2271 785 2304 rei
803 2271 980 2315 poscebat
995 2270 1226 2315 magnitudo.
1242 2271 1493 2316 depromptae.
1511 2281 1587 2305 non
1598 2273 1747 2306 tantum
1760 2272 1839 2316 ipse
1855 2271 2008 2316 perfecit

263 2323 301 2356 vi
320 2334 395 2363 sua,
422 2334 550 2357 verum
569 2324 665 2367 quod
684 2326 762 2358 erat
781 2323 988 2358 sublimius.
1015 2324 1152 2358 multos
1170 2323 1262 2358 alios
1281 2324 1436 2368 experiri
1457 2327 1493 2358 et
1511 2325 1628 2359 facere
1654 2325 1710 2358 sui
1735 2323 1897 2358 nominis
1923 2335 2007 2358 cum

262 2376 457 2411 affectione
474 2377 645 2422 permisit
657 2382 671 2410 ἶ)
690 2377 786 2410 Nam
808 2388 890 2410 cum
908 2376 1051 2411 videret.
1065 2377 1210 2412 futuros
1226 2387 1287 2411 vos
1302 2389 1377 2412 esse
1391 2381 1579 2422 gestarum
1593 2389 1614 2412 a
1629 2388 1666 2412 se
1679 2389 1802 2412 rerum
1816 2377 2006 2422 divinique

262 2430 381 2474 operis
399 2431 649 2475 abrogatores,
669 2441 715 2464 ne
735 2443 806 2475 quu
826 2432 989 2465 subesset
1008 2432 1169 2476 suspicio
1188 2433 1342 2476 magicis
1363 2443 1399 2466 se
1414 2433 1556 2466 artibus
1571 2443 1724 2467 munera
1737 2433 1803 2467 illa.
1816 2432 2006 2466 beneficia-

263 2493 334 2526 que
352 2482 541 2528 largitum.
562 2495 605 2518 ex
623 2484 805 2518 immensa
821 2484 887 2518 illa
917 2485 1048 2530 populi
1076 2484 1326 2526 multitudine,
1354 2496 1448 2529 quae
1475 2495 1579 2520 suam
1607 2486 1767 2530 gratiam
1795 2486 2007 2520 sectabatur

263 2536 461 2576 admirans.
480 2538 692 2581 piscatores.
713 2538 871 2582 opifices.
896 2539 1104 2572 rusticanos
1119 2541 1231 2582 atque
1246 2537 1283 2571 id
1298 2549 1414 2582 genus
1428 2537 1569 2584 delegit
1583 2539 1851 2584 imperitorum,
1866 2539 1929 2582 qui
1939 2549 2007 2583 per

263 2590 384 2623 varias
403 2591 534 2633 gentes
553 2590 658 2624 missi
676 2594 809 2625 cuncta
827 2591 895 2625 illa
913 2592 1089 2625 miracula
1110 2592 1188 2626 sine
1206 2591 1291 2625 ullis
1309 2592 1401 2626 fucis
1420 2594 1533 2637 atque
1559 2593 1795 2627 adminiculis
1822 2594 2006 2637 perpetra-

262 2644 376 2676 rent.<
400 2643 438 2676 L.
458 2647 477 2676 2
497 2654 526 2677 c.
550 2646 590 2678 16
611 2655 657 2678 ss.
693 2643 746 2678 Cf.
766 2644 1019 2685 Eusebius,
1039 2646 1102 2689 qui
1121 2645 1302 2679 demonst.
1322 2656 1450 2690 evang.
1470 2646 1493 2680 l.
1512 2649 1533 2681 3
1554 2657 1584 2680 c.
1603 2651 1626 2680 4
1643 2657 1687 2680 ss,
1706 2647 1854 2691 egregie
1872 2647 1917 2680 de
1933 2646 2004 2679 hoc

264 2699 486 2741 argumento
514 2698 673 2741 diputat,
703 2699 739 2731 et
766 2698 864 2731 inter
882 2698 956 2732 alia
976 2709 1004 2732 c.
1024 2702 1044 2733 6
1064 2701 1189 2734 notat:
1227 2699 1383 2738 ,Nullus
1413 2698 1535 2734 adhuc
1566 2700 1605 2733 in
1634 2702 1712 2734 tam
1743 2698 1869 2733 multis
1899 2698 2005 2734 annis

264 2750 465 2794 discipulus
483 2750 571 2784 Jesu
591 2751 854 2795 praestigiator
872 2752 1058 2796 apparuit,
1076 2753 1226 2786 tametsi
1243 2752 1397 2786 diversis
1415 2753 1643 2798 temporibus
1673 2754 1710 2787 et
1725 2763 1829 2798 reges
1846 2754 1884 2786 et
1901 2764 2004 2797 prae-

262 2804 358 2838 sides
376 2815 441 2847 per
459 2805 644 2837 tormenta
662 2804 844 2847 quidquid
865 2806 910 2838 acl
930 2816 996 2839 nos
1015 2806 1175 2849 pertinet
1195 2805 1481 2850 diligentissime
1511 2806 1795 2850 exquisiverint:
1823 2806 1877 2840 ita
1896 2817 2004 2851 porro

263 2855 387 2890 nullus
404 2856 670 2900 praestigiator
687 2857 773 2898 fuit.
793 2858 833 2891 ut
850 2858 944 2891 liber
964 2858 1215 2892 dimitteretur
1243 2861 1354 2901 atque
1382 2862 1486 2893 extra
1514 2869 1622 2893 omne
1647 2859 1851 2904 periculum
1872 2859 2004 2893 consti-

262 2911 441 2950 tueretur,
459 2909 524 2952 qui
544 2909 649 2942 modo
669 2909 715 2943 ab
733 2910 822 2953 ipsis
842 2914 989 2945 coactus
1007 2913 1101 2945 esset
1118 2912 1280 2956 ipsorum
1299 2911 1376 2945 ritu
1395 2911 1609 2946 sacrificare.
1627 2910 1730 2952 Quod
1748 2912 1778 2945 si
1795 2912 1921 2946 nullus
1938 2923 2004 2946 uu-

263 2974 375 3007 quam
394 2970 603 2996 nostrorum
620 2962 872 3001 famulorum,
891 2974 982 3007 quos
1008 2964 1080 3008 ipsi
1106 2965 1229 2999 videre
1254 2965 1455 3010 potuimus,
1485 2975 1595 3008 quam
1622 2965 1781 3007 illorum,
1808 2966 1871 3010 qui
1890 2975 2003 3010 quon-

263 3016 350 3049 dam
366 3015 483 3060 ipsius
502 3015 589 3049 Jesu
606 3015 780 3059 discipuli
801 3016 960 3057 fuerunt,
979 3017 1146 3051 veneficii
1177 3021 1241 3051 aut
1269 3017 1556 3062 praestigi·u-um
1585 3018 1782 3052 damnatus
1812 3023 1885 3053 est:
1916 3028 2003 3063 ergo

262 3078 332 3102 nec
350 3074 570 3112 praeceptor
586 3067 738 3111 quidem
754 3066 841 3102 talis
859 3068 965 3103 suin«
1003 3070 1056 3104 Cf.
1085 3070 1267 3114 insignem
1289 3070 1578 3114 disputationem
1596 3070 1623 3104 P
1635 3071 1728 3104 etri
1756 3082 1838 3105 ven.
1856 3072 1903 3106 tr.
1921 3071 2002 3107 adv.

265 3121 426 3156 Judaeos
446 3132 475 3156 c.
493 3125 516 3155 4
533 3121 639 3166 Mig.
660 3122 739 3160 189.
758 3123 827 3156 594
844 3133 889 3156 ss.
932 3122 985 3157 Cf.
1004 3123 1051 3157 St
1065 3123 1306 3158 orchenau
1324 3123 1366 3164 V,
1388 3126 1536 3158 1—161.
