2175 3382
186 166 223 202 3⁴
236 165 272 203 »33
523 156 640 189 Tract.
661 155 719 188 111.
740 154 790 188 De
810 154 979 189 Ecclesia.
999 153 1050 187 De
1068 153 1284 188 Sanctorum
1303 152 1590 187 canonizatione.

187 278 428 330 perniciem.
473 275 579 326 Ergo
614 286 740 315 sensu
776 274 969 326 exposito
992 272 1179 313 Ecclesia
1203 272 1366 312 censeri
1389 271 1515 312 debet
1536 270 1772 312 infallibilis.
1805 270 1922 312 Judi-

189 350 298 389 cium
315 359 415 388 vero
431 346 482 388 de
498 346 813 399 opportunitate
828 357 903 386 seu
918 343 1175 385 admissione
1197 347 1239 383 et
1260 342 1537 394 permissione
1561 341 1720 383 ordinis
1742 341 1922 394 religiosi

185 423 355 471 spectat
380 418 433 458 ad
457 416 820 469 gubernationem.
864 415 921 456 Cf.
945 413 1147 456 Suarez
1170 413 1221 455 de
1244 414 1357 465 relig.
1380 418 1405 453 t.
1430 416 1454 457 3
1476 412 1499 456 1.
1525 418 1549 456 ἱ)
1573 425 1606 453 ε’.
1633 416 1696 456 17.

0 522 53 541 Μ
76 499 147 545 “d
178 480 409 569 Wssff
427 489 470 567 Ξ.
495 523 742 564 Tenendum
767 528 830 563 est
845 521 1068 562 Ecclesiam
1096 522 1135 560 in
1160 521 1328 561 solemni
1349 524 1585 561 sanctorum
1609 520 1923 560 canonizatione

0 558 508 681 ,mnfulllbilc
512 609 576 634 m.-
600 605 729 646 quain
745 592 1081 645 propositionem
1095 592 1304 632 innumeri
1319 590 1504 642 theologi
1519 594 1690 631 tuentur
1703 593 1809 630 teste
1829 589 1922 630 Be-

0 657 71 686 ⁴⁹¹
186 667 412 708 nedicto
436 664 542 706 XIV.
568 665 619 706 de
643 665 831 707 canoniz
864 668 903 704 et
936 663 1045 704 beat.
1070 675 1290 704 servorum
1311 661 1432 703 Deil.
1459 664 1479 704 1
1505 674 1539 704 c.
1560 665 1617 705 43
1640 674 1671 702 5.
1714 658 1821 701 Sunt
1852 660 1923 713 qui

0 734 155 769 Μ
187 739 413 786 affirment,
439 737 478 778 id
502 748 595 778 esse
622 736 673 776 de
698 735 788 784 fide,
810 740 856 775 ut
878 735 910 775 Τ
923 746 1112 781 anner
1136 733 1336 774 Torres
1359 738 1457 781 etc.;
1481 733 1621 785 plures
1644 743 1744 773 xero
1767 736 1924 784 negant

0 774 281 938 messe
317 809 369 850 de
405 808 497 855 fide,
533 813 576 848 ut
608 808 831 861 Canus(
835 805 951 859 V,5)
988 810 1029 846 et
1063 805 1132 845 ilii
1165 805 1343 857 ἕψω-13
1356 804 1665 847 enedictum
1702 801 1819 851 XIV„
1854 803 1925 855 qui

188 886 415 932 utramque
452 879 694 931 opinionem
739 878 780 918 in
823 889 901 918 sua
945 876 1141 928 relinquit
1174 875 1492 928 probabilitate,
1535 887 1631 916 cum
1665 873 1925 926 gravissimis

191 957 335 993 tamen
357 950 564 1002 theologis
589 951 787 1005 [quorum
813 948 902 1000 ipse
926 947 979 987 ad
997 951 1050 992 TO
1065 947 1274 1002 recenset)
1297 947 1443 987 statuit
1464 959 1502 987 n.
1518 950 1594 990 27:
1624 943 1691 996 „Si
1713 957 1798 986 non
1820 944 1924 985 hae-

131 1041 136 1048 ·
189 1023 380 1071 reticum,
402 1022 675 1063 temerarium
691 1025 845 1067 tamen,
869 1017 1118 1059 scandalum
1133 1018 1210 1058 toti
1225 1016 1438 1059 Ecclesiae
1453 1016 1710 1064 afferentem,
1733 1016 1776 1056 in
1798 1027 1924 1057 sanc-

0 1095 91 1130 ed-
191 1100 258 1135 tos
283 1094 546 1146 injuriosum,
569 1092 783 1132 faventem
806 1089 1030 1131 haereticis
1053 1088 1305 1141 negantibus
1327 1088 1625 1129 auctoritatem
1647 1086 1860 1128 Ecclesiae
1883 1087 1926 1127 in

0 1153 73 1178 ω’·
189 1165 518 1206 canonizatione
551 1167 809 1203 sanctorum.
843 1161 1078 1213 sapientem
1109 1160 1321 1201 haeresim
1353 1164 1499 1211 utpote
1530 1159 1644 1200 viam
1665 1162 1926 1199 sternentem

0 1223 124 1262 ΝΜ
189 1235 430 1277 infidelibus
467 1235 520 1275 ad
553 1233 811 1274 irridendum
843 1231 998 1273 fideles.
1030 1235 1287 1272 assertorem
1311 1241 1518 1271 erroneae
1539 1229 1853 1282 propositionis,
1886 1233 1927 1269 et

0 1282 213 1365 Μΐιρζμν
217 1307 455 1348 ravissimis
478 1305 627 1358 poenis
651 1304 881 1346 obnoxium
905 1315 1001 1344 eum
1026 1303 1226 1350 dicemus,
1259 1302 1329 1354 qui
1360 1301 1536 1343 auderet
1567 1311 1760 1342 asserere
1786 1300 1926 1353 ponti-

0 1378 145 1448 m
153 1377 313 1440 δή1106111
346 1377 389 1418 in
420 1377 501 1417 hac
535 1380 607 1417 aut
630 1375 699 1416 illa
722 1375 1047 1416 canonizatione
1070 1385 1247 1422 errasse,
1279 1373 1474 1425 huncque
1498 1377 1571 1413 aut
1592 1371 1708 1412 illum
1731 1375 1926 1412 sanctum

0 1457 170 1493 μων-να
191 1449 244 1490 ab
269 1459 320 1489 eo
344 1448 642 1488 canonizatum
667 1459 753 1487 non
777 1457 870 1486 esse
893 1445 1007 1486 cultu
1030 1444 1168 1486 duliae
1192 1443 1442 1493 colendum,
1463 1441 1927 1496 quemadmadmodum

0 1505 166 1563 W
193 1519 481 1560 assentiuntur
504 1518 632 1559 etiam
653 1517 722 1565 illi,
755 1517 826 1569 qui
849 1516 1003 1557 docent
1024 1516 1076 1556 de
1098 1515 1178 1556 fide
1200 1527 1287 1556 non
1310 1527 1403 1556 esse
1426 1515 1538 1556 hunc
1561 1519 1634 1555 aut
1655 1514 1771 1555 illum
1793 1526 1925 1555 cano-

0 1567 173 1634 Ἔμ
193 1590 380 1631 nizatum
403 1601 496 1630 esse
519 1593 728 1631 sanctum
737 1593 751 1610 ⁴⁶
802 1586 851 1627 Et
882 1598 985 1628 sane
1017 1586 1284 1627 canonizatio
1316 1598 1402 1627 non
1434 1590 1497 1627 est
1527 1585 1607 1626 nisi
1638 1584 1854 1638 publicum
1885 1589 1927 1625 et

0 1651 63 1669 μ’
180 1660 449 1702 -definitimm
477 1659 689 1700 Ecclesiae
713 1660 752 1714 (i.
775 1671 808 1700 e.
832 1658 999 1699 romani
1020 1657 1239 1710 pontificis.¹
1262 1657 1329 1698 cui
1350 1669 1462 1698 nunc
1484 1661 1727 1698 reservatur
1747 1660 1919 1696 sancto-

192 1745 285 1773 rum
315 1731 601 1786 canonizatio)
634 1730 926 1771 testimonium
958 1734 1085 1781 atque
1113 1728 1316 1781 judicium
1348 1728 1400 1769 de
1432 1727 1608 1780 alicujus
1638 1727 1823 1768 hominis
1853 1726 1926 1767 de-

194 1803 323 1844 functi
344 1803 570 1843 sanctitate
603 1813 653 1842 ac
684 1801 829 1853 gloria,
861 1812 944 1853 quo
968 1799 1138 1852 quidem
1160 1799 1229 1840 ille
1250 1804 1470 1852 tamquam
1492 1803 1698 1851 patronus
1720 1802 1762 1839 et
1782 1809 1926 1839 exem-

192 1874 286 1927 plar
301 1875 558 1915 christianae
572 1873 738 1914 virtutis
761 1878 802 1913 et
824 1872 1061 1913 sanctitatis
1074 1871 1338 1924 proponitur,
1360 1870 1504 1911 fideles
1526 1881 1628 1911 vero
1644 1869 1928 1910 admonentur

195 1958 246 1986 ac.
269 1945 524 1998 quandoque
549 1943 799 1995 obligantur,
820 1948 866 1984 ut
888 1942 1003 1983 illum
1027 1942 1168 1983 colant
1191 1946 1231 1982 et
1253 1941 1479 1982 imitentur.
1510 1940 1637 1993 Atqui
1650 1944 1809 1993 pugnat
1830 1951 1927 1981 cum

194 2016 464 2069 providentia
495 2015 820 2068 supernaturali,
854 2026 983 2067 quam
1016 2012 1218 2062 Christus,
1253 2017 1380 2065 caput
1414 2017 1455 2053 et
1489 2024 1682 2064 sponsus,
1715 2010 1928 2052 Ecclesiae

185 2087 366 2139 corpori
398 2098 666 2139 sponsaeque
699 2085 836 2133 debet,
877 2090 923 2126 ut
962 2096 1058 2126 eam
1089 2085 1306 2137 permittat
1338 2083 1562 2125 colendum
1592 2082 1928 2135 imitandumque

194 2169 436 2211 proponere
459 2157 721 2206 damnatum,
745 2155 898 2197 Christi
919 2156 1149 2204 inimicum,
1171 2155 1392 2196 daemonis
1415 2166 1596 2196 servum.

312 2256 372 2292 Ad
394 2268 477 2292 rem
500 2258 593 2292 sunt
615 2255 919 2304 Hieronymi
950 2254 992 2291 in
1016 2256 1218 2291 comment.
1241 2265 1298 2301 ep.
1322 2252 1371 2290 ad
1392 2252 1553 2293 Philem,
1576 2252 1714 2290 verba:
1749 2251 1818 2297 ‚Si
1840 2251 1928 2300 quis

195 2315 402 2361 hominem,
435 2315 504 2363 qui
526 2318 683 2352 sanctus
705 2326 785 2351 non
807 2315 875 2359 est,
908 2316 1084 2351 sanctum
1118 2325 1199 2350 esse
1231 2312 1442 2349 crediderit
1472 2314 1512 2349 et
1534 2311 1605 2349 Dei
1635 2324 1725 2349 eum
1749 2311 1930 2360 junxerit

196 2374 382 2418 societati,
416 2373 615 2411 Christum
645 2374 777 2419 violat,
811 2374 924 2422 cujus
953 2373 1124 2421 corporis
1155 2383 1288 2410 omnes
1319 2371 1493 2408 membra
1524 2383 1672 2408 sumus.
1720 2371 1794 2418 Qui
1823 2371 1926 2420 dicit,

192 2433 324 2482 inquit
346 2431 474 2484 (Pron
504 2439 564 2479 17,
593 2430 675 2483 13),
689 2433 840 2480 justu-m
861 2433 1046 2480 injustum
1079 2436 1111 2468 el
1132 2432 1319 2479 injustum
1333 2431 1496 2479 justum,
1530 2430 1796 2468 abominabilis
1826 2434 1928 2467 uter-

185 2505 261 2541 que
282 2493 389 2540 apud
411 2492 533 2529 Deum
555 2497 618 2529 est.
662 2491 850 2529 Similiter
871 2491 941 2540 qui
963 2494 1143 2528 sanctum
1165 2502 1247 2527 esse
1278 2502 1357 2527 non
1389 2493 1580 2535 sanctum,
1613 2491 1652 2526 et
1681 2501 1818 2527 rursus
1848 2500 1930 2526 non

196 2554 373 2588 sanetum
397 2551 534 2588 asserit
556 2554 734 2588 sanctum
767 2550 1038 2588 abominabilis
1068 2550 1172 2599 apud
1193 2549 1317 2586 Deum
1339 2551 1401 2586 est
1422 2580 1429 2587 .
1455 2578 1462 2585 .
1487 2579 1493 2585 .
1517 2548 1591 2592 Qui
1612 2549 1653 2585 in
1676 2548 1821 2586 Christi
1843 2560 1927 2586 cor-

196 2622 289 2658 pore
313 2612 417 2646 errat
439 2612 477 2646 et
500 2610 648 2646 labitur
670 2621 845 2646 asserens
866 2609 1087 2647 membrum
1115 2610 1200 2657 ejus
1223 2610 1404 2645 sanctum
1426 2620 1520 2653 esse,
1553 2620 1641 2645 cum
1662 2619 1743 2644 non
1773 2607 1835 2653 sit,
1866 2607 1930 2644 vel

196 2682 275 2707 non
298 2671 472 2706 sanctum
497 2681 590 2713 esse,
615 2680 704 2705 cum
726 2669 789 2712 sit,
825 2668 914 2705 vide
949 2668 1057 2716 quali
1091 2667 1247 2705 crimini
1268 2666 1459 2705 obnoxius
1482 2666 1559 2704 fiat.
1611 2666 1701 2714 Vae,
1731 2666 1788 2704 ait
1807 2666 1930 2703 Isaias

197 2726 253 2780 (5,
280 2730 360 2775 20),
384 2729 448 2776 qui
469 2729 601 2764 dicunt
623 2728 727 2765 dulce
749 2740 931 2765 ainornm
963 2732 994 2764 et
1016 2739 1195 2764 amarum
1229 2727 1344 2771 dulce,
1371 2730 1554 2774 ponentes
1585 2725 1766 2762 tenebras.
1808 2725 1929 2763 Dulce

195 2789 293 2835 puto
316 2798 398 2824 esse
421 2787 730 2834 sanctimoniam,
755 2797 934 2823 amarum
957 2787 1063 2835 quod
1085 2785 1362 2824 sanctimoniae
1375 2785 1616 2822 contrarium
1630 2787 1728 2821 est«
1766 2784 1930 2822 Romani

75 2803 129 2895 Q
186 2856 351 2894 ⁴quoque
372 2845 574 2893 pontifices
594 2845 642 2882 iis
663 2847 836 2882 utuntur
857 2845 1034 2883 formulis
1056 2846 1099 2882 in
1119 2844 1411 2882 canonizatione
1434 2843 1599 2881 solemni
1611 2843 1779 2892 alicujus
1792 2843 1927 2889 sancti,

195 2917 293 2953 quas
316 2904 503 2941 adhibent
535 2904 577 2941 in
599 2903 895 2942 definitionibus
917 2906 983 2941 ut:
1017 2903 1388 2948 ‚Decernimus‚
1421 2902 1675 2947 declaramus,
1707 2902 1927 2948 definimus,

196 2963 419 3010 statuimus,
450 2963 719 3009 mandamus<
753 2965 872 3010 atque
892 2963 934 2999 in
955 2975 1029 3008 eos,
1053 2963 1121 3012 qui
1151 2961 1455 3000 canonizationis
1484 2961 1639 2999 decreto
1668 2961 1927 3011 refragantur,

187 3023 401 3060 anathema
420 3022 696 3071 pronunciant.
740 3020 844 3065 Quae
875 3021 1063 3070 loquendi
1094 3022 1284 3059 formulae
1309 3020 1450 3069 judicii
1479 3020 1706 3058 firmitatem
1736 3032 1929 3058 summam

199 3093 267 3119 seu
291 3081 495 3119 indubiam
518 3081 680 3130 exigunt
701 3081 763 3117 vel
785 3083 1032 3129 supponunt:
1055 3082 1132 3118 imo
1153 3079 1335 3118 nonnulli
1356 3079 1559 3128 pontifices
1571 3079 1612 3117 in
1627 3078 1929 3117 canonizationis
