2175 3382
581 71 790 242 Μ
805 5 1110 197 ffioni
1129 152 1272 186 satisfit.
1868 149 1953 197 289

216 275 349 315 tatis
380 178 727 343 nglfficedere,
761 277 801 313 et
832 271 1066 324 protegeris
1100 271 1141 311 in
1163 269 1438 311 tabernaculo
1463 282 1488 310 a
1511 269 1847 311 contradictione
1870 269 1953 310 lin-

216 357 395 398 guarum
414 345 478 399 1).“
527 343 633 384 Hinc
654 343 733 396 ipsi
755 342 866 383 idem
890 347 954 383 est
975 341 1079 382 fides
1101 353 1204 382 vera
1227 345 1267 382 et
1290 340 1513 381 catholica.

338 437 432 470 264.
455 425 744 471 Corollaria:
779 427 818 469 l.
853 428 992 465 Merito
1015 428 1197 465 damnata
1218 427 1295 464 fuit
1328 439 1437 475 prop.
1467 434 1482 466 1
1510 426 1647 475 synodi
1678 427 1954 474 pistorien-

219 490 297 534 sis,
324 502 449 537 „quae
471 489 619 534 asserit,
644 488 849 537 postremis
872 487 979 537 hisce
1002 487 1144 524 seculis
1169 498 1342 535 sparsam
1365 498 1446 523 esse
1468 485 1691 534 generalem
1713 485 1954 523 obscuratio-

217 561 306 586 nem
329 561 444 597 super
466 548 650 585 veritates
672 546 865 597 gravioris
888 546 1074 583 momenti
1106 548 1325 594 spectantes
1359 545 1407 582 ad
1429 544 1658 594 religionem
1682 546 1721 580 et
1743 556 1842 592 quae
1864 547 1956 581 sunt
2075 564 2165 599 W

218 607 323 644 basis
344 607 434 645 fidei
457 611 497 644 et
519 606 677 644 moralis
700 605 898 643 doctrinae
920 605 1019 642 Jesu
1041 605 1224 649 Christi‚<‘
1249 608 1448 652 tamquam
1470 603 1560 640 hae
1575 602 1755 640 retica.
1800 587 2063 670 W
2121 631 2129 637 .
2144 632 2175 667 μ

337 665 378 706 2.
402 666 602 703 Immerito
623 665 827 714 postulant
848 666 1068 706 novatores,
1091 666 1137 700 ut
1159 663 1286 700 omnis
1309 663 1356 700 de
1379 663 1453 699 fide
1469 661 1736 700 controversia
1749 661 1958 699 dirimatur
1976 647 2166 724 cim

220 738 262 763 ex
298 725 474 763 doctrina
506 725 724 774 primorum
756 724 987 761 seculorum.
1030 723 1109 760 Hoc
1142 722 1244 760 enim
1275 722 1521 771 postulatum
1552 720 1743 758 innititur
1772 720 1881 765 falso,
1913 723 1959 758 ut
2155 716 2175 745 ό

219 784 464 822 ostendimus
496 782 550 836 (n.
580 781 676 835 134)
713 782 932 831 supposito,
969 781 1163 819 Ecclesiae
1197 781 1413 818 doctrinam
1446 780 1586 830 primis
1621 780 1780 828 quidem
1816 779 1970 832 seculisj

218 856 356 892 puram
391 843 655 891 illibitamque
690 842 888 887 mansisse,
916 843 1052 890 postea
1073 853 1164 878 vero
1186 840 1376 889 temporis
1407 841 1519 889 lapsu
1550 839 1719 887 coepisse
1751 839 1958 876 obfuscari.
1979 828 2175 882 Μ

336 883 539 942 31‘Omnis
561 901 750 946 doctrina,
775 913 874 948 quae
897 900 1063 937 dissidet
1086 913 1107 936 a
1129 900 1305 937 doctrina
1327 912 1440 936 verae
1462 897 1671 944 Ecclesiae,
1707 898 1854 946 absque
1877 864 2175 948 anau&

220 961 294 998 alia
316 960 651 998 demonstratione
673 960 807 997 haberi
829 960 945 997 debet
967 959 1064 996 falsa
1100 962 1139 996 et-
1161 971 1334 1004 erronea,
1367 958 1532 1006 ideoque
1564 944 1817 997 damnanda.¹’
1836 956 1960 1005 Atqui
2147 947 2175 981 Δ

220 1022 425 1057 novatores
449 1032 520 1057 sec.
544 1019 642 1056 XVI.
664 1019 798 1068 plures
822 1019 1041 1056 docuerunt
1063 1018 1279 1067 opiniones,
1313 1030 1413 1066 quae
1446 1016 1710 1054 abhorrebant
1741 1028 1761 1052 a
1784 1015 1961 1054 doctrina
1992 1046 2018 1055 .-
2046 1044 2061 1049 -
2092 1041 2113 1047 -
2141 1005 2175 1045 „⁰⁴

221 1079 397 1117 omnium
428 1078 589 1116 illorum
616 1081 809 1123 coetuum,
834 1077 902 1126 qui
925 1090 989 1115 eos
1011 1079 1322 1125 praecesserunt,
1357 1077 1462 1114 inter
1495 1088 1592 1125 quos
1627 1075 1844 1113 certissime
1878 1078 1962 1112 erat
1980 1078 2175 1137 dua-”⁶2⁴-

222 1151 313 1175 vera
332 1138 516 1175 Ecclesia.
559 1137 708 1185 Nequit
729 1149 820 1186 ergo
842 1136 1152 1185 protestantium
1184 1139 1316 1174 coetus
1349 1136 1485 1173 haberi
1516 1148 1607 1172 vera
1628 1134 1809 1172 Ecclesia.
1851 1133 1961 1171 Unde
2085 1155 2096 1162 -
2122 1167 2175 1184 w„

222 1197 369 1245 optima
403 1200 462 1234 est
494 1196 669 1234 definitio
699 1196 783 1233 veri
814 1196 1005 1241 catholici,
1039 1208 1157 1244 quam
1187 1195 1310 1232 tradit
1334 1194 1648 1232 Vincentius
1678 1194 1740 1230 lir.
1773 1186 2175 1260 commonffl

223 1268 253 1293 c.
278 1262 352 1296 20:
385 1256 485 1300 „Ine
507 1259 567 1293 est
588 1267 703 1292 verus
726 1260 765 1292 et
796 1267 1008 1305 germanus
1039 1255 1262 1299 catholicus,
1296 1255 1365 1302 qui
1396 1254 1602 1291 veritatem
1624 1252 1708 1297 Dei,
1742 1253 1811 1301 qui
1833 1252 1961 1290 Eccle-
2027 1258 2053 1300 ῑ,
2071 1280 2086 1300 a·
2103 1256 2175 1294 ,μ

222 1315 328 1361 siam,
353 1315 422 1363 qui
445 1315 588 1352 Christi
618 1327 757 1363 corpus
779 1314 923 1363 diligit,
948 1313 1017 1362 qui
1039 1313 1191 1350 divinae
1213 1314 1408 1363 religioni,
1435 1313 1504 1361 qui
1524 1312 1735 1350 catholicae
1758 1311 1849 1348 fidei
1863 1311 1962 1348 nihil
1979 1323 2078 1346 w
2095 1301 2175 1355 «ΧΓ

223 1374 436 1423 praeponit,
459 1385 537 1411 non
559 1373 725 1411 hominis
747 1374 967 1422 cujuspiam
990 1373 1277 1417 auctoritatem,
1311 1385 1389 1410 non
1421 1383 1603 1417 amorem,
1635 1383 1715 1408 non
1746 1347 2175 1423 ingeniumff‘qssk‘*

222 1445 302 1470 non
323 1433 598 1481 eloquentiam,
622 1444 699 1469 non
720 1432 1017 1481 philosophiam,
1042 1431 1110 1469 sed
1132 1432 1225 1469 haec
1248 1434 1388 1469 cuncta
1411 1431 1641 1480 despiciens,
1665 1430 1758 1467 etin
1773 1429 1847 1467 fide
1860 1429 1961 1466 fixus

223 1492 376 1530 stabilis
412 1504 654 1541 permanens,
691 1491 885 1539 quidquid
920 1491 1202 1528 universaliter
1236 1491 1460 1539 antiquitus
1490 1490 1702 1528 Ecclesiam
1736 1489 1963 1527 catholicam

223 1551 399 1588 tenuisse
422 1551 658 1601 cognoverit,
682 1550 722 1587 id
745 1551 870 1588 solum
896 1550 971 1587 sibi
993 1550 1210 1588 tenendum
1233 1550 1549 1598 credendumque
1571 1548 1786 1586 decernit<<

347 1640 440 1674 265.
466 1629 697 1674 Sssholioll
730 1630 767 1673 I.
812 1633 1036 1681 Erceptiom·
1057 1634 1206 1680 satisfit.
1230 1654 1287 1658 ——
1309 1633 1448 1670 Paucis
1480 1632 1637 1669 tandem
1662 1632 1872 1680 aliquando
1903 1646 1964 1671 re-

226 1692 498 1741 spondendum
519 1695 578 1730 est
600 1692 829 1740 exceptioni,
862 1704 961 1740 quae
987 1693 1068 1740 jam
1100 1692 1141 1728 in
1169 1692 1347 1741 apologia
1377 1691 1580 1741 religionis
1613 1691 1849 1729 christianae
1881 1692 1964 1729 fieri

224 1753 357 1800 potest
378 1753 418 1788 et
440 1752 548 1795 solet,
571 1753 746 1788 nostram
769 1751 1146 1788 demonstrationem
1178 1751 1354 1788 laborare
1386 1751 1531 1788 circulo
1563 1751 1706 1788 vitioso
1738 1751 1798 1788 vel
1830 1753 1964 1799 petere

225 1810 477 1859 principium,
502 1822 588 1847 cum
612 1822 657 1846 ex
680 1810 824 1847 divinis
847 1810 973 1847 literis
995 1810 1205 1859 probemus
1228 1809 1420 1847 Ecclesiae
1444 1810 1731 1854 auctoritatem,
1765 1812 1804 1847 et
1826 1822 1870 1847 ex
1892 1811 1963 1847 Ec-

221 1869 359 1907 clesiae
393 1869 619 1907 testimonio
656 1869 947 1917 Scripturarum
979 1869 1227 1906 authentiam
1261 1871 1300 1906 et
1335 1869 1644 1918 inspirationem.
1687 1869 1840 1906 Pariter
1873 1870 1964 1918 quis

221 1929 396 1977 excipere
418 1931 568 1977 potest:
591 1928 786 1966 Ecclesiae
808 1927 1071 1965 infallibilitas
1094 1933 1155 1965 est
1177 1928 1372 1976 objectum
1395 1928 1488 1966 fidei
1510 1928 1675 1976 ideoque
1699 1940 1879 1966 assensus
1902 1928 1962 1965 in-

221 1987 412 2024 fallibilis.
454 1989 508 2025 At
538 1989 583 2024 ut
616 1989 704 2024 tuto
738 1987 893 2024 credere
926 1987 1130 2036 possimus,
1165 1987 1284 2024 inniti
1317 1987 1433 2024 debet
1466 1987 1559 2024 fides
1592 1989 1727 2025 nostra
1760 1987 1962 2025 infallibili

219 2046 449 2084 testimonio
471 2047 664 2084 Ecclesiae
687 2043 740 2098 (n.
767 2044 903 2098 236⁶).
937 2045 1135 2090 Quomodo
1160 2059 1251 2096 ergo
1275 2046 1359 2083 sine
1380 2046 1572 2095 petitione
1594 2046 1781 2095 principii
1804 2049 1965 2096 propter

221 2105 492 2143 testimonium
518 2105 712 2143 Ecclesiae
733 2118 944 2155 possumus
967 2117 1128 2143 assensu
1150 2105 1350 2142 infallibili
1373 2106 1530 2143 credere
1546 2106 1752 2149 Ecclesiae,
1778 2105 1869 2142 dum
1887 2105 1965 2142 sibi

222 2164 395 2202 vindicat
416 2164 773 2202 infallibilitatem?

341 2247 578 2295 Dis-putandi
601 2247 794 2283 methodus
815 2259 899 2283 cum
920 2247 1128 2283 haereticis.
1155 2269 1209 2274 —
1232 2247 1306 2284 Pro
1329 2247 1523 2284 solutione
1556 2247 1696 2295 prioris
1721 2246 1963 2285 difficultatis

222 2311 414 2351 notamus,
448 2308 517 2343 aut
548 2306 855 2354 disputationem
888 2306 1044 2342 institui
1076 2306 1263 2343 adversus
1296 2305 1606 2350 haereticos,
1640 2305 1843 2354 speciatim
1873 2319 1961 2354 pro-

222 2368 424 2408 testantes,
448 2368 517 2402 aut
538 2365 722 2402 adversus
744 2364 997 2401 infideles
1022 2365 1083 2402 vel
1106 2365 1339 2402 incredulos.
1384 2364 1424 2401 Si
1447 2364 1729 2413 disputandum
1751 2367 1811 2402 est
1825 2365 1961 2402 adver-

223 2436 288 2461 sus
312 2426 585 2472 protestantes,
617 2424 675 2460 ita
696 2423 962 2472 procedimus:
996 2424 1091 2460 Cum
1114 2423 1219 2461 inter
1241 2423 1451 2461 catholicos
1474 2426 1512 2460 et
1533 2426 1800 2472 protestantes
1824 2425 1961 2461 saltem

224 2483 468 2527 orthodoxos,
492 2482 708 2526 conveniat,
733 2495 761 2519 s.
786 2482 1039 2531 Scripturam,
1063 2483 1275 2532 Evangelia
1297 2483 1540 2531 praesertim,
1565 2483 1765 2520 continere
1788 2483 1960 2520 divinam

223 2542 512 2585 revelationem,
549 2541 760 2579 doctrinam
783 2541 928 2578 Christi
951 2538 1102 2592 (utrum
1127 2552 1278 2578 omnem
1302 2553 1434 2585 necne,
1470 2542 1584 2579 modo
1617 2553 1695 2579 non
1728 2540 1961 2594 quaeritur),

224 2613 386 2650 eamque
408 2613 490 2638 esse
512 2601 744 2649 inspiratam
767 2598 820 2652 (εἰ
842 2600 945 2637 enim
980 2600 1026 2637 de
1049 2600 1119 2637 hoc
1151 2600 1361 2637 adversarii
1393 2600 1587 2645 dubitent,
1621 2601 1836 2638 incredulis
1869 2604 1961 2638 sunt

223 2660 462 2699 accensendi.
487 2660 533 2696 de
556 2659 700 2708 quibus
721 2656 894 2711 postea):
926 2659 1066 2696 merito
1102 2672 1146 2696 ex
1182 2659 1251 2696 hac
1273 2659 1543 2708 suppositione
1566 2662 1605 2697 et
1627 2660 1673 2697 ad
1697 2660 1894 2697 hominem
1917 2672 1961 2697 ex

225 2719 338 2756 claris
361 2718 501 2756 Christi
523 2718 760 2755 testimoniis
785 2716 900 2769 (quae
935 2718 976 2755 in
999 2718 1069 2755 hoc
1091 2720 1322 2767 argumento
1345 2718 1574 2767 abundant),
1598 2718 1764 2767 ideoque
1787 2731 1831 2756 ex
1852 2732 1960 2756 reve-

225 2777 370 2815 latione
391 2778 524 2814 divina
545 2778 755 2826 probamus
776 2777 970 2814 Ecclesiae
994 2777 1286 2815 institutionem
1321 2781 1438 2826 atque
1471 2778 1645 2826 ejusdem
1677 2777 1841 2815 docendi
1871 2790 1961 2815 auc-

224 2836 436 2879 toritatem,
471 2849 588 2884 quam
610 2848 743 2874 omnes
766 2836 901 2873 audire
923 2836 1102 2881 debeant,
1134 2837 1211 2873 nisi
1242 2837 1367 2874 velint-
1398 2849 1482 2874 esse
1514 2836 1660 2874 ethnici
1692 2838 1732 2873 et
1761 2837 1960 2885 publicani

226 2895 364 2932 Matth.
392 2901 454 2939 18,
487 2902 530 2935 17
547 2909 554 2939 ;
578 2907 676 2943 quae
697 2908 767 2944 pro
791 2895 940 2932 Christo
964 2895 1158 2944 legatione
1179 2895 1362 2945 fungitur
1387 2901 1421 2935 2.
1446 2896 1527 2934 Cor.
1553 2903 1588 2940 5,
1616 2901 1680 2940 20,
1705 2895 1799 2932 adeo
1822 2899 1867 2932 ut
1893 2895 1960 2943 qui

375 3012 396 3048 ¹)
416 3007 469 3041 Cf.
489 3008 565 3052 ejus
583 3008 693 3042 verba
711 3020 819 3053 supra
843 3011 944 3046 14622
977 3008 1021 3042 de
1039 3009 1141 3053 bapt.
1163 3007 1220 3047 lll,
1243 3012 1282 3044 2:
1309 3008 1369 3043 IV.
1389 3012 1434 3043 24
1449 3010 1538 3046 etc.;
1567 3010 1602 3043 et.
1630 3009 1785 3042 aliorum
1812 3009 1959 3051 patrum

225 3060 441 3095 testimonia
459 3061 558 3105 apud
585 3060 607 3095 S
619 3063 702 3105 tap
715 3061 728 3094 l
740 3063 816 3095 eto
828 3074 852 3095 n
878 3062 917 3095 in
935 3062 1056 3098 relect.
1075 3062 1341 3106 principiorum
1370 3062 1452 3096 fidei
1471 3061 1731 3095 doc-trinalium
1751 3060 1918 3095 Controw
1938 3063 1958 3094 6

230 3126 266 3157 q.
287 3117 306 3148 2
326 3125 356 3147 a.
378 3116 417 3152 3;
439 3114 484 3148 de
502 3113 599 3148 thesi
619 3114 850 3148 Palmieri
869 3116 885 3153 ἓ
906 3118 945 3148 ‘21
969 3126 1033 3153 ss.;
1054 3115 1282 3149 Schneem
1297 3126 1385 3149 ann
1406 3115 1464 3149 die
1482 3115 1612 3149 kirchl.
1633 3113 1873 3157 Lehrgewalt.

371 3185 420 3209 ΗΠ
432 3192 443 3209 r
454 3188 489 3210 te
500 3193 522 3215 r,
545 3185 690 3217 Compend.
710 3185 864 3218 theologiae
885 3187 907 3213 1,
929 3187 970 3211 10.
990 3186 1031 3211 ed.
1708 3176 1748 3207 19
