2175 3382
726 129 761 161 et
779 127 1061 161 infallibilitatis
1078 128 1387 172 praerogativam.
1841 134 1926 176 355

193 248 347 289 clesiae
369 246 449 288 fide
474 246 528 287 ab
552 246 702 287 eadem
725 257 893 298 quoque
915 245 1108 288 excludit.
1140 244 1280 296 Quare
1310 247 1355 289 b.
1380 246 1586 298 primatus
1609 248 1840 289 auctoritas
1861 249 1924 289 in-

193 319 338 359 stituta
370 318 424 359 ad
456 317 798 359 conservandam
821 315 1033 357 Ecclesiae
1054 317 1259 356 unitatem
1284 316 1408 357 debet
1430 328 1523 357 esse
1547 329 1620 368 per
1646 329 1691 358 se
1714 318 1924 360 sufficiens

195 389 249 429 ad
272 389 479 429 unitatem
503 388 688 428 maxime
710 388 752 428 in
775 387 855 428 fide
878 387 1153 430 efficiendam.
1188 386 1283 427 Vim
1308 387 1431 438 igitur
1453 400 1494 430 c.
1519 387 1678 428 habere
1700 389 1826 430 debet
1847 389 1924 430 ob-

192 458 347 511 ligandi
381 459 436 500 ad
470 471 727 500 consensum
758 459 802 499 in
833 457 1014 498 eandem
1038 457 1184 504 fidem;
1219 457 1290 498 ubi
1326 458 1438 498 enirn
1473 458 1588 498 nulla
1621 458 1833 510 obligatio,
1868 460 1924 500 ibi

192 530 424 581 permissus
447 534 510 570 est
532 530 770 579 dissensus3
801 528 874 569 ubi
907 528 1124 569 dissensus
1148 528 1213 568 vel
1235 528 1386 568 saltem
1409 528 1681 569 dissentiendi
1700 530 1780 582 jus,
1811 530 1923 571 nulla

192 600 474 641 consonantia
496 611 571 640 seu
593 599 690 640 fidei
711 599 852 640 unitas
875 611 969 640 esse
992 603 1142 651 potest.
1171 598 1275 639 Cum
1297 610 1400 639 vero
1424 599 1470 641 d.
1495 601 1699 650 primatus
1722 612 1796 651 per
1818 613 1862 641 se
1885 601 1924 641 vi

192 682 296 711 suae
329 670 603 711 institutionis
636 670 689 710 sit
719 669 972 722 principium
1004 669 1191 717 unitatis,
1222 681 1308 709 non
1341 669 1628 721 dependenter
1651 669 1704 709 ab
1726 669 1924 717 Ecclesia,

189 753 319 793 quam
344 741 396 781 ad
429 741 634 781 unitatem
659 752 864 781 revocare
887 739 1023 789 debet,
1054 739 1228 780 habebit
1249 741 1333 780 vim
1356 739 1568 791 obligandi
1591 740 1644 780 ad
1667 752 1922 782 consensum

190 813 231 852 in
255 812 436 853 eandem
457 811 583 852 fidem
606 811 942 863 independenter
965 810 1018 851 ab
1042 810 1255 851 Ecclesiae
1277 822 1465 851 assensu.
1500 810 1627 863 Atqui
1649 825 1690 854 e.
1715 811 1809 853 fidei
1830 812 1923 852 uni-

188 883 266 933 tati
287 894 375 923 non
396 882 546 923 satisfit
569 894 688 923 mera
710 882 909 923 exteriori
931 882 1203 923 observantia
1227 886 1267 922 et
1290 882 1496 934 obsequio
1520 883 1616 930 oris,
1648 882 1723 923 sed
1755 895 1807 923 ea
1833 895 1923 923 om-

191 953 291 993 nino
315 953 440 1005 exigit
455 954 608 994 mentis
625 965 847 994 assensum
871 957 997 1006 atque
1023 952 1295 1005 obsequium:
1319 951 1571 1004 professioni
1594 953 1709 993 enim
1734 952 1828 993 fidei
1851 965 1923 994 ore

188 1023 380 1075 prolatae
402 1024 592 1076 profecto
616 1024 875 1076 respondere
898 1023 1025 1064 debet
1057 1023 1159 1064 fides
1191 1022 1342 1063 cordis.
1384 1022 1491 1074 Ergo
1523 1035 1705 1064 romano
1739 1023 1923 1077 pontifici

189 1095 230 1134 vi
251 1094 469 1147 primatus,
492 1099 537 1135 ut
558 1095 758 1135 idoneum
781 1096 835 1135 sit
857 1094 1109 1146 principium
1131 1094 1304 1134 unitatis
1326 1094 1370 1134 in
1390 1093 1483 1143 fide,
1515 1093 1738 1135 tribuenda
1760 1100 1823 1135 est
1847 1107 1922 1146 po-

190 1169 334 1214 testas,
357 1177 441 1218 qua
463 1166 595 1218 possit
611 1165 797 1218 obligare
821 1165 875 1206 ad
897 1176 1118 1206 assensum
1142 1170 1184 1205 et
1205 1164 1455 1217 obsequium
1471 1168 1634 1205 mentis.
1660 1163 1743 1205 Sed
1767 1166 1802 1208 f.
1829 1164 1922 1207 fidei

189 1248 393 1277 assensus
423 1236 550 1277 debet
581 1248 677 1277 esse
713 1235 977 1277 firmissimus
1009 1235 1237 1276 excludens
1268 1247 1396 1276 omne
1427 1235 1600 1276 dubium
1632 1235 1921 1277 deliberatum.

188 1306 297 1360 Ergo
320 1311 362 1347 et
382 1307 475 1359 ipsa
490 1307 722 1348 auctoritas
742 1312 788 1347 ut
808 1307 1017 1359 ejusmodi
1032 1306 1198 1359 exigere
1213 1306 1347 1358 possit
1361 1318 1594 1354 assensum,
1618 1319 1747 1359 supra
1770 1319 1794 1347 o
1807 1320 1849 1347 m
1862 1320 1888 1347 n
1900 1319 1922 1348 e

188 1377 363 1418 dubium
388 1377 553 1418 elevata
576 1389 671 1419 esse
694 1377 830 1421 debet.
873 1377 1011 1428 Quam
1036 1380 1219 1429 primum
1242 1377 1354 1418 enim
1376 1377 1570 1418 dubitare
1599 1377 1697 1418 licet
1727 1377 1779 1418 de
1811 1379 1921 1418 veri-

187 1452 276 1489 tate
309 1447 530 1489 doctrinae
564 1460 640 1489 seu
674 1448 940 1497 definitionis,
975 1461 1062 1489 non
1100 1460 1326 1500 possumus
1360 1447 1590 1500 prudenter
1624 1448 1682 1488 illi
1716 1449 1921 1489 assentire

187 1531 377 1567 assensu,
400 1519 471 1572 qui
493 1519 691 1560 excludat
713 1531 841 1560 omne
864 1519 1049 1562 dubium.
1093 1518 1220 1571 Atqui
1252 1532 1295 1572 gf.
1327 1519 1419 1559 sola
1445 1519 1676 1559 auctoritas
1708 1519 1921 1559 intalli-

187 1590 318 1631 bilis
350 1594 414 1631 est
434 1602 510 1642 pro
535 1591 684 1642 quovis
706 1602 810 1631 casu
832 1602 962 1642 supra
983 1601 1111 1630 omne
1134 1589 1308 1630 dubium
1331 1590 1489 1641 posita;
1522 1590 1687 1641 quoties
1711 1590 1823 1631 enirn
1846 1590 1921 1631 ali-

187 1674 271 1714 qua
286 1662 520 1702 auctoritas
536 1673 680 1702 errare
695 1666 846 1714 potest,
869 1661 1006 1709 toties,
1029 1661 1180 1701 saltem
1203 1661 1238 1700 si
1260 1671 1409 1711 graves
1423 1660 1611 1701 rationes
1634 1665 1732 1701 sunt
1754 1660 1797 1701 in
1820 1672 1921 1701 con-

186 1732 363 1773 trarium
395 1732 461 1773 vel
492 1731 758 1772 difficultates
790 1731 904 1772 haud
936 1731 1213 1784 spernendae,
1247 1730 1313 1771 vel
1346 1730 1425 1770 viri
1457 1742 1638 1782 magnae
1673 1730 1921 1772 eruditionis

187 1803 535 1855 auctoritatisque
568 1802 877 1851 contradicunt,
918 1801 969 1842 de
1002 1802 1092 1854 ejus
1123 1801 1336 1842 sententia
1367 1800 1560 1841 dubitare
1590 1801 1699 1849 licet,
1740 1801 1921 1855 ideoque

187 1885 408 1914 assensum
432 1886 561 1926 supra
584 1885 710 1914 omne
734 1873 908 1913 dubium
930 1873 1115 1925 positum
1139 1873 1306 1924 exigere
1337 1871 1493 1924 nequit.
1535 1870 1676 1922 Quare
1704 1876 1804 1912 tunc
1825 1877 1919 1913 tan-

186 1949 274 1984 tum
297 1956 375 1996 par
397 1948 461 1985 est
482 1944 535 1985 ad
559 1944 810 1997 exigendum
826 1944 1070 1996 simpliciter
1093 1956 1326 1993 assensum,
1350 1944 1420 1996 qui
1442 1955 1528 1983 non
1551 1942 1748 1983 obstante
1774 1943 1922 1995 quavis

186 2015 352 2055 ratione
373 2015 439 2055 vel
462 2014 705 2056 difficultate
728 2015 770 2055 in
794 2015 1056 2055 contrarium
1072 2014 1268 2055 excludat
1290 2026 1417 2055 omne
1440 2013 1626 2062 dubium,
1649 2014 1686 2054 si
1708 2014 1800 2065 ipsa
1821 2013 1922 2054 nulli

186 2090 249 2126 est
273 2086 408 2126 errori
431 2085 618 2126 obnoxia
640 2086 663 2126 i.
687 2097 721 2128 e.
744 2085 982 2126 infallibilis.
1005 2085 1112 2137 Ergo
1135 2097 1185 2126 ex
1209 2086 1300 2137 ipso
1325 2084 1404 2125 fine
1426 2085 1605 2125 instituti
1629 2085 1834 2135 primatus
1856 2084 1920 2124 in-

186 2156 402 2197 ferrelicet
415 2156 605 2208 ejusdem
621 2155 959 2197 infallibilitatem
979 2156 1032 2212 ¹):
1057 2167 1184 2208 quam
1207 2155 1438 2196 illationem
1460 2155 1655 2195 viderunt
1677 2159 1718 2194 et
1740 2153 1918 2195 candide

186 2226 425 2268 concedunt
449 2227 591 2279 plures
614 2239 663 2268 ex
686 2226 1020 2279 protestantibus
1043 2227 1309 2267 oculatiores.

941 2333 1180 2389 eaputii

646 2416 715 2457 De
747 2416 993 2458 Primatu
1026 2416 1173 2457 Petri
1205 2415 1470 2468 Apostoli.

308 2508 402 2542 341,
424 2502 624 2539 Primatus
647 2504 756 2539 notio.
780 2525 836 2529 —
859 2502 912 2538 Ut
934 2504 1062 2539 status
1084 2502 1328 2550 quaestionis
1351 2502 1427 2538 rite
1448 2501 1708 2550 intelligatur,
1732 2499 1921 2548 quaedam

187 2564 282 2598 sunt
303 2561 602 2609 praemittenda.
646 2561 780 2605 Quad
794 2561 976 2608 ruplex
998 2561 1191 2609 primatus
1214 2560 1407 2610 distingui
1428 2562 1579 2608 potest:
2079 2587 2175 2635 ΜΛΝ

308 2619 347 2659 1.
372 2620 569 2657 Primatus
592 2621 718 2667 hono
730 2620 802 2656 ris
824 2632 892 2656 seu
914 2619 1074 2664 ordinis,
1098 2620 1166 2667 qui
1190 2619 1413 2656 continetur
1434 2620 1601 2677 pl'fleeffij
1634 2619 1741 2656 entia
1762 2617 1927 2655 honoris
1952 2626 1998 2661 μ’
2016 2627 2062 2643 ⁴⁶⁵*

185 2692 219 2715 v.
243 2691 299 2728 gr.
322 2680 369 2716 ut
391 2679 478 2725 quis
501 2680 674 2727 primum
696 2684 857 2726 occupet
880 2679 1008 2715 locum
1047 2678 1127 2715 sive
1159 2678 1200 2715 in
1231 2678 1397 2715 sedendo
1431 2679 1512 2715 sive
1543 2678 1585 2715 in
1616 2659 1828 2715 moed-ando
1850 2689 1870 2713 e
1892 2688 1921 2713 c.
1943 2667 2063 2703 mv·

305 2736 348 2777 2.
375 2737 573 2775 primatus
596 2737 952 2792 auctoritatis,
990 2737 1058 2784 qui
1079 2741 1140 2774 est
1173 2737 1481 2785 praeeminentia
1511 2737 1553 2774 in
1584 2736 1831 2803 Recrotiomm
1863 2735 1919 2771 di-

186 2796 368 2835 rectione.
394 2797 459 2833 sed
483 2799 674 2845 potestate
695 2799 849 2834 tantum
875 2796 1072 2841 directiva,
1096 2807 1176 2833 non
1189 2770 1919 2849 praeceptivassfflujusmtmum

187 2854 334 2892 habent
354 2856 396 2892 in
417 2856 551 2903 aliqua
571 2855 851 2892 communitate
873 2854 950 2891 viri
972 2854 1154 2891 seniores.

334 2980 358 3019 ¹)
377 2978 429 3013 Cf.
449 2989 490 3012 ex
508 2991 561 3024 gr.
587 2980 707 3014 Hart
719 2992 755 3014 m
767 2991 822 3013 an
834 2992 856 3013 n
880 2980 918 3013 in
937 2990 995 3024 op.
1013 2979 1080 3013 Die
1099 2979 1433 3025 Selbstzersetzung
1447 2981 1509 3013 des
1529 2978 1827 3015 Christenthums
1845 2976 1921 3009 und

189 3031 248 3065 die
266 3031 436 3076 Religion
455 3031 519 3067 dei·
537 3033 699 3067 Zukunft
717 3045 751 3077 p.
771 3037 813 3067 32
833 3044 872 3073 s.,
890 3032 1015 3066 Berlin
1038 3035 1135 3073 1874,
1165 3042 1207 3066 ex
1235 3042 1306 3076 quo
1325 3033 1553 3076 praeclaram
1581 3031 1844 3065 confessionem
1862 3040 1919 3064 ex-

186 3083 319 3118 hibent
336 3085 422 3118 fasc.
443 3084 498 3120 lit.
518 3085 695 3120 Katholik
717 3088 808 3120 1874
825 3085 868 3125 Il,
887 3089 954 3120 4⁴29
974 3098 1030 3127 ss,
1049 3085 1216 3129 aliosque
1234 3087 1333 3130 apud
1352 3086 1618 3130 Hettinger
1638 3086 1667 3117 [ἢ
1687 3087 1719 3128 3,
1739 3086 1784 3117 88
1803 3094 1847 3117 ss,

1640 3145 1698 3178 23⁴
