2175 3382
273 174 352 211 150
686 166 804 200 'Prae-t.
826 166 867 199 ll.
889 165 938 199 De
959 166 1166 200 traditione.
1188 165 1349 209 Regulae
1367 170 1411 199 (10
1431 168 1576 210 patrum

388 288 480 329 136.
506 285 733 329 Scholion
758 286 795 329 I.
821 285 1000 339 Ii'equlae
1022 286 1071 326 de
1090 290 1261 339 patrum
1286 286 1615 326 auct0›·1sstate.—
1631 284 1685 326 Ut
1697 286 1875 339 reliqua,
1891 299 2000 340 quae

266 356 318 397 ad
342 360 509 408 patrum
532 356 828 397 auctoritatem
851 361 1056 408 spectant,
1079 356 1225 408 paucis
1248 355 1593 408 complectamur,
1615 357 1861 398 statuimur:

386 439 425 481 l.
451 437 654 489 Quamvis
677 439 1015 490 singulorum
1037 444 1218 492 patrum,
1243 439 1277 479 si
1294 439 1472 480 seorsim
1489 443 1746 491 spectantur,
1769 443 2003 482 auctoritas

266 509 319 549 sit
339 510 491 560 gravis,
525 515 570 549 ut
601 520 651 550 ex
679 509 799 550 dictis
821 509 1045 562 colligitur:
1078 509 1229 550 nullius
1252 515 1396 550 tamen
1419 510 1651 550 auctoritas
1677 515 1741 550 est
1762 510 2001 560 infallibilis,

266 583 311 620 ut
332 591 408 632 per
429 591 474 620 se
497 584 624 632 patet,
648 584 774 632 atque
797 580 923 620 etiam
947 581 1105 632 passim
1120 580 1305 621 inculcat
1326 580 1593 632 Augustin
1607 593 1630 620 u
1644 593 1686 630 S,
1707 585 1753 622 ut
1767 593 1829 634 ep.
1849 584 1930 626 148
1947 582 2000 623 ad

266 650 617 692 Fortunatianum
643 663 680 694 n.
701 655 774 694 lo:
794 639 974 717 ‘Neque
997 652 1122 700 enim,
1145 652 1350 704 inquiens,
1374 651 1659 704 quorumlibet
1683 653 2002 704 disputationes,

266 724 458 776 quamvis
480 724 788 764 catholicorum
813 728 854 764 et
884 723 1153 765 laudatorum
1177 725 1396 766 hominum
1420 725 1533 766 velut
1554 723 1801 777 Scripturas
1823 724 2001 764 canoni-

266 806 339 835 cas
360 794 519 835 habere
541 794 756 842 debemus,
788 799 834 835 ut
865 794 987 835 nobis
1018 806 1105 835 non
1135 795 1261 836 liceat
1282 795 1401 836 salva
1423 795 1759 843 honoriticentia,
1791 806 1901 848 quae
1923 794 2002 836 illis

266 865 442 907 debetur
464 865 716 914 hominibus,
745 865 903 918 aliquid
934 866 976 906 in
1009 877 1157 906 eorum
1180 867 1347 918 scriptis
1370 866 1613 919 improbare
1637 871 1764 919 atque
1787 877 2002 918 respuere,

265 936 299 977 si
321 936 427 977 forte
451 937 706 986 noverimus,
730 936 843 989 quod
866 936 986 977 aliter
1007 937 1228 984 senserint,
1252 949 1380 990 quam
1402 937 1560 978 veritas
1582 936 1723 984 habet,
1756 937 1900 977 divino
1923 936 2000 977 ad-

260 1007 418 1059 jutorio
442 1008 507 1048 vel
529 1007 587 1048 ab
611 1008 703 1048 aliis
726 1007 938 1048 intellecta
961 1007 1025 1048 vel
1050 1019 1076 1047 a
1097 993 1280 1080 nobis9
1306 1007 1368 1048 Ita
1399 1007 1450 1048 de
1473 1008 1646 1060 singulis
1668 1007 1860 1060 patribus
1881 1019 2001 1048 seor-

266 1078 344 1118 sim
368 1078 432 1119 vel
455 1079 583 1119 etiam
606 1078 658 1119 de
680 1078 869 1130 pluribus
892 1083 1011 1119 extra
1026 1089 1282 1119 consensum
1297 1079 1498 1130 spectatis
1513 1077 1684 1131 intelligi
1697 1077 1866 1127 debent,
1890 1089 2002 1131 quae

264 1148 601 1201 Augustinus
629 1149 783 1202 aliique
805 1148 983 1190 subinde
1006 1148 1231 1197 affirmant,
1255 1161 1342 1190 non
1365 1150 1632 1198 auctoritate,
1664 1149 1740 1190 sed
1771 1149 1936 1190 ratione
1960 1154 2002 1189 et
2028 1190 2037 1198 ,

264 1220 528 1272 probatione,
552 1232 637 1273 qua
652 1225 825 1261 utuntur
838 1226 994 1273 patreS,
1017 1233 1063 1262 se
1086 1222 1268 1262 moveri:
1291 1233 1392 1262 nam
1415 1221 1487 1262 ubi
1509 1221 1630 1262 adest
1645 1232 1891 1267 consensus,
1914 1232 2000 1261 non

265 1292 496 1332 auctoritas
519 1291 779 1343 singulorum
803 1291 968 1344 probat,
999 1293 1107 1333 sicut
1129 1293 1362 1333 auctoritas
1384 1293 1450 1333 vel
1472 1292 1597 1333 unius
1619 1290 1846 1344 Scriptoris
1868 1291 2000 1343 inspi-

264 1361 343 1401 rati
365 1360 539 1402 sufficit:
571 1362 646 1403 sed
668 1362 709 1402 in
733 1374 946 1404 consensu
968 1363 1208 1404 continetur
1229 1363 1338 1404 ratio
1367 1367 1408 1404 et
1429 1363 1626 1415 probatio
1650 1362 1889 1403 traditionis
1912 1365 1999 1402 tam

263 1432 464 1473 historica
486 1437 528 1473 et
549 1433 842 1486 philosophica
865 1446 994 1486 quam
1016 1434 1255 1486 theologica
1277 1434 1331 1474 ad
1354 1446 1579 1475 assensum
1601 1445 1789 1474 movens.

383 1515 422 1558 2.
446 1513 578 1556 Sicuti
600 1516 751 1568 singuli
772 1529 860 1557 non
883 1529 1011 1558 coece
1034 1522 1131 1558 sunt
1153 1516 1357 1570 sequendi
1376 1517 1419 1573 1),
1450 1517 1509 1557 ita
1531 1528 1611 1557 nec
1633 1521 1793 1557 temere
1815 1517 1906 1557 sine
1929 1527 1998 1556 ra-

264 1586 377 1626 tione
400 1585 634 1635 deserendi,
665 1587 821 1627 nedum
845 1587 1155 1628 contemnendi.
1199 1587 1366 1640 Optima
1399 1588 1512 1628 circa
1543 1587 1730 1639 singulos
1761 1592 1825 1628 est
1855 1586 2002 1639 regula

264 1669 295 1699 s.
317 1656 610 1709 Augustini
632 1658 856 1698 statuentis
874 1658 929 1714 2):
955 1647 1109 1724 (quae
1131 1670 1234 1699 vera
1257 1670 1350 1699 esse
1372 1658 1653 1711 perspexeris,
1675 1662 1773 1699 tene
1795 1662 1837 1699 et
1856 1657 2001 1698 Eccle-

265 1727 353 1768 siae
368 1728 604 1769 catholicae
619 1727 776 1777 tribue;
799 1741 909 1781 quae
932 1728 1048 1778 falsa,
1072 1741 1225 1782 respue
1249 1734 1290 1770 et
1312 1729 1426 1776 mihi,
1449 1729 1519 1782 qui
1533 1729 1664 1770 homo
1680 1742 1786 1773 sum,
1808 1728 2001 1781 ignosce,

265 1811 374 1851 quae
396 1799 536 1848 dubia,
567 1800 693 1841 crede
716 1800 852 1841 donec
875 1806 948 1842 aut
969 1801 1209 1854 respuenda
1241 1813 1334 1842 esse
1366 1805 1440 1842 aut
1469 1813 1572 1842 vera
1603 1813 1698 1842 esse
1729 1805 1801 1842 aut
1832 1812 2002 1853 semper

265 1869 477 1911 credenda
502 1882 607 1919 esse,
631 1871 696 1912 vel
718 1872 826 1912 ratio
850 1872 1014 1921 doceat,
1036 1873 1102 1913 vel
1124 1873 1359 1925 praecipiat
1380 1870 1674 1939 auctoritasg)

383 1954 425 1996 3.
448 1952 531 1994 Per
566 1965 611 1994 se
642 1959 758 2006 patet
784 1966 869 1995 non
893 1954 1073 1995 eandem
1096 1966 1190 1996 esse
1213 1955 1473 2007 singulorum
1496 1959 1664 2007 patrum
1687 1955 2000 2001 auctoritatem,

264 2023 338 2064 sed
361 2035 456 2064 eam
479 2036 670 2065 crescere
693 2037 768 2077 pro
791 2025 957 2086 rati-OQ}
970 2025 1244 2082 antiquitatis,
1268 2026 1515 2082 sanctitatis,
1538 2025 1798 2076 eruditionis,
1819 2023 1999 2066 celebri-

264 2095 372 2142 tatis,
395 2094 607 2147 dignitatis
629 2095 932 2146 hierarchicae,
955 2096 1287 2149 approbationis,
1320 2110 1422 2138 usus
1452 2097 1657 2137 librorum
1690 2096 1745 2137 ab
1772 2097 1873 2149 ipsis
1895 2108 1999 2137 con-

264 2165 518 2217 scriptorum
542 2166 612 2218 qui
634 2167 676 2206 in
698 2166 885 2208 Ecclesia
908 2167 1102 2217 obtinuit,
1131 2168 1315 2220 partium
1338 2179 1444 2220 quas
1466 2168 1509 2208 in
1531 2166 1822 2220 expugnandis
1843 2167 1996 2207 haere-

263 2235 378 2276 sibus
400 2237 790 2290 propugnandaque
808 2237 1018 2279 Ecclesiae
1041 2238 1235 2279 doctrina
1257 2243 1299 2279 et
1319 2238 1363 2278 in
1385 2237 1699 2279 definitionibus
1721 2237 1998 2278 conciliorum

263 2305 513 2347 habuerunt.

380 2389 424 2431 4.
448 2388 717 2433 Manifestum
738 2392 898 2443 pariter
919 2396 993 2440 est,
1026 2392 1069 2432 in
1100 2391 1288 2432 taxanda
1308 2391 1518 2444 probandi
1539 2392 1795 2432 auctoritate
1816 2390 1997 2442 alicujus

262 2460 492 2500 testimonii
514 2466 681 2512 patrum
703 2462 945 2504 habendam
969 2474 1062 2504 esse
1084 2462 1421 2522 rationemsli-bri,
1445 2474 1468 2503 e
1490 2474 1573 2515 quo
1597 2461 1842 2509 desumitur,
1864 2472 1994 2501 occa-

410 2640 431 2677 ¹)
448 2635 634 2671 Damnata
651 2640 704 2672 est
719 2639 764 2672 ab
783 2639 837 2673 Al
849 2649 867 2672 e
877 2651 899 2673 x
911 2649 931 2672 a
941 2651 966 2672 n
977 2640 998 2673 d
1011 2651 1028 2673 r
1039 2650 1058 2673 o
1078 2639 1173 2674 VIH.
1188 2650 1292 2684 prop.
1307 2643 1368 2676 30:
1391 2617 1483 2685 kUbi
1499 2639 1581 2683 quis
1594 2638 1778 2673 invenerit
1791 2637 1997 2671 doctrinam

260 2689 300 2722 in
314 2688 522 2733 Augustino
537 2690 632 2724 clare
646 2691 850 2732 fundatam,
864 2691 969 2726 illam
983 2693 1152 2727 absolute
1166 2694 1289 2738 potest
1302 2696 1429 2727 tenere
1453 2697 1490 2727 et:
1513 2693 1654 2733 docere,
1678 2702 1753 2724 non
1766 2689 1996 2735 respiciendo

262 2742 308 2776 ad
325 2742 439 2775 ullam
458 2742 643 2786 pontificis
661 2744 833 2778 bullam«
870 2745 926 2779 Ad
944 2756 1021 2779 rem
1040 2747 1134 2780 Tho
1147 2758 1182 2780 m
1195 2757 1242 2780 as
1270 2750 1301 2780 2.
1320 2749 1353 2781 2.
1371 2758 1406 2790 q.
1429 2750 1469 2781 10
1488 2757 1519 2780 a.
1545 2748 1604 2781 12:
1644 2744 1863 2785 ,Maximam
1883 2743 1996 2777 habet

261 2794 519 2828 auctoritatem
537 2795 719 2830 Ecclesiae
737 2797 973 2838 consuetudo,
992 2810 1086 2841 quae
1105 2809 1248 2843 semper
1265 2800 1321 2833 est
1337 2799 1377 2832 in
1395 2798 1564 2833 omnibus
1582 2797 1823 2832 aemulanda:
1854 2796 1942 2840 quia
1960 2798 1997 2830 et

261 2847 341 2891 ipsa
359 2847 526 2881 doctrina
544 2849 813 2883 catholicorum
831 2851 1024 2884 doctorum
1048 2852 1096 2885 ab
1115 2851 1275 2886 Ecclesia
1302 2851 1563 2886 auctoritatem
1589 2851 1712 2885 habet.
1750 2849 1857 2884 Unde
1877 2850 1997 2894 magis

260 2900 432 2933 standum
461 2903 515 2933 est
542 2901 756 2936 auctoritati
782 2902 975 2943 Ecclesiae,
1004 2915 1114 2948 quam
1143 2903 1357 2938 auctoritati
1374 2905 1432 2938 vel
1450 2903 1661 2948 Augustini,
1691 2903 1749 2938 vel
1767 2902 1996 2947 Hieronymi,

259 2953 317 2987 vel
335 2953 584 2997 cujuscunque
599 2954 790 2989 doctoris.‘
1549 2988 1551 2990 .

403 3007 432 3052 2)
449 3005 502 3040 De
519 3018 605 3041 vera
621 3007 726 3052 relig.
746 3020 780 3042 n.
801 3011 863 3048 2ος
883 3009 926 3043 de
944 3009 1075 3043 Trinit.
1093 3010 1275 3054 prooemii
1293 3009 1318 3043 l.
1337 3013 1358 3044 3
1377 3022 1411 3043 n.
1433 3013 1463 3046 2.
1484 3009 1536 3044 Cf.
1554 3010 1703 3055 regulas
1716 3010 1826 3044 utiles
1843 3010 1943 3054 apud
1956 3010 1993 3046 P.

262 3060 470 3095 Gautier
488 3059 522 3094 S.
540 3060 573 3095 J.
600 3062 639 3095 in
665 3062 862 3106 prodromo
890 3063 936 3096 ad
963 3062 1077 3098 theol.
1104 3062 1587 3108 dogmatico-scholasticam
1615 3063 1707 3107 disp.
1727 3066 1749 3098 3
1776 3074 1853 3108 cap.
1874 3066 1894 3096 2
1912 3074 1943 3097 a.
1962 3066 1996 3097 6.

259 3113 372 3147 etiam
390 3114 429 3147 in
447 3113 620 3147 thesauro
639 3114 693 3148 Za
706 3125 723 3147 c
736 3114 759 3147 h
772 3114 843 3148 ari
856 3125 877 3148 a
889 3125 907 3148 e
926 3114 950 3152 I,
970 3118 1038 3149 276
1056 3128 1121 3154 ss.;
1141 3114 1271 3150 Melch.
1291 3115 1317 3149 C
1329 3126 1420 3149 anu
1432 3126 1447 3148 s
1466 3115 1510 3149 de
1527 3115 1615 3150 locis
1633 3116 1746 3151 theol.
1765 3116 1787 3149 l.
1806 3118 1840 3151 7.
