2175 3382
213 149 299 188 512
530 141 648 174 'l‘ruct.
670 139 728 173 [V.
748 139 791 172 de
811 138 891 172 tide.
910 138 1040 171 'rhesis
1059 137 1230 171 LXXXV.
1251 137 1358 171 Fides
1377 139 1431 171 est
1448 136 1644 171 rationalis

330 261 370 304 4.
395 259 576 300 Eatenus
612 262 775 298 tantum
813 257 913 297 tides
951 256 1183 296 christiana
1217 256 1370 296 rationi
1408 256 1656 297 adversaria
1689 256 1770 297 dici
1804 262 1957 309 potest,

213 337 420 385 quatenus
444 330 511 370 illa
534 328 599 369 vel
622 328 810 369 laederet
832 328 1010 368 rationis
1037 327 1185 379 jura,
1218 326 1282 367 vel
1315 328 1424 368 ratio
1461 326 1555 368 fidei
1578 326 1840 379 improbaret
1870 341 1957 381 po-

214 404 433 445 stulata.
477 400 602 451 Atqui
626 404 823 440 neutrum
847 398 1061 439 affirmare
1084 397 1190 439 licet.
1214 396 1360 450 Neque
1385 398 1497 438 enim
1513 397 1688 450 impedit
1702 397 1806 439 fides
1820 412 1862 442 a.
1876 398 1958 452 juti,

214 487 296 527 quo
313 472 574 526 polletratio,
589 469 826 523 inquirendi
850 470 891 509 in
915 481 988 510 eas
1011 469 1223 517 veritates,
1247 480 1356 521 quae
1385 481 1463 509 suo
1488 468 1651 509 ambitu
1675 470 1957 516 continentur.

214 545 318 586 Hinc
340 544 404 585 vel
429 555 546 585 conc,
570 542 682 583 vati
697 553 887 582 cannm
911 552 1012 581 sess.
1029 545 1054 584 3
1070 552 1160 591 cap.
1176 543 1203 583 4
1219 539 1429 596 declarat:
1453 539 1567 589 „Nec
1587 551 1691 581 sane
1714 540 1807 592 ipsa
1820 540 1959 598 (fides)

214 620 340 663 vetat,
363 627 416 656 ne
438 612 679 664 hujusmodi
703 611 947 664 disciplinae
980 611 1230 666 (humanae)
1263 611 1305 651 in
1337 623 1415 651 suo
1447 622 1642 664 quaeque
1674 610 1835 652 ambitu
1857 623 1958 664 pro-

214 688 314 740 priis
337 690 509 727 utantur
532 683 749 736 principiis
773 688 814 723 et
836 682 1007 734 propria
1030 682 1254 730 methodo;
1286 682 1361 723 sed
1392 681 1553 734 justam
1586 681 1698 723 hanc
1719 681 1958 724 libertatem

214 769 462 810 agnoscens,
496 756 537 796 id
568 754 714 795 sedulo
746 758 879 802 cavet.v
912 764 964 794 ne
988 753 1155 794 divinae
1178 753 1397 794 doctrinae
1431 753 1706 806 repugnando
1730 765 1897 794 errores
1917 754 1961 794 in

215 842 259 870 se
282 828 526 879 suscipiant,
551 831 623 867 aut
645 826 749 866 fines
771 826 967 878 proprios
990 830 1281 877 transgressae
1305 837 1369 875 ea,
1392 837 1502 878 quae
1516 829 1614 866 sunt
1628 824 1735 875 fidei,
1750 829 1962 878 occupent

216 904 257 941 et
279 897 561 952 perturbent.“
583 896 729 950 Neque
753 898 797 940 b.
820 897 995 949 impedit
1017 896 1119 937 fides
1146 897 1216 949 jus
1248 895 1304 936 nil
1326 897 1417 937 sine
1440 897 1607 938 ratione
1638 895 1859 938 sufficienti
1882 896 1958 937 ad-

218 969 428 1011 mittendi:
462 968 575 1021 quod
608 968 715 1009 adeo
747 980 895 1008 verum
928 972 1003 1016 est,
1034 972 1081 1008 ut
1110 967 1489 1009 Tertullianus
1520 967 1677 1009 diserte
1708 968 1962 1021 pronunciet

215 1055 247 1083 c.
271 1041 397 1082 Marc.
421 1040 469 1089 V,
496 1043 538 1083 1:
582 1038 716 1089 „Nihil
739 1039 922 1087 credam,
947 1039 1026 1079 nisi
1049 1038 1150 1079 nihil
1178 1050 1272 1080 esse
1295 1043 1455 1080 temere
1478 1038 1758 1080 credendum:
1799 1043 1962 1080 temere

216 1125 343 1165 porro
367 1111 481 1152 credi
505 1111 787 1163 quodcunque
810 1111 901 1151 sine
924 1111 1096 1162 originis
1120 1110 1336 1162 agnitione
1359 1109 1579 1151 creditur.“
1603 1108 1750 1163 Neque
1771 1123 1810 1154 c.
1832 1109 1962 1151 laedit

217 1183 320 1224 fides
351 1182 528 1223 rationis
555 1181 635 1234 J'us,
668 1181 926 1233 reprobandi
957 1181 1043 1225 scil.
1077 1192 1278 1230 errorem,
1311 1181 1477 1233 quoties
1508 1181 1624 1222 illum
1656 1180 1874 1222 evidenter
1894 1179 1962 1222 vel

218 1259 334 1295 certo
358 1253 559 1305 agnoscit.
604 1251 763 1293 Caveat
785 1252 864 1293 sibi
886 1257 1031 1293 tamen
1054 1252 1243 1292 humana
1265 1252 1387 1301 ratio,
1419 1264 1473 1293 ne
1496 1252 1699 1305 quidquid
1721 1251 1787 1293 vel
1809 1251 1961 1293 intelli-

217 1336 315 1377 gere
338 1324 402 1365 vel
424 1323 787 1376 comprehendere
810 1323 876 1364 vel
899 1323 1124 1375 concipere
1147 1323 1302 1376 nequit,
1327 1334 1516 1364 errorem
1535 1323 1706 1376 judicet..

336 1411 546 1447 Innumera
566 1409 850 1458 theologorum,
882 1412 1040 1458 patrum
1065 1422 1387 1458 summorumque
1409 1409 1639 1458 pontificum
1672 1409 1719 1446 ad
1741 1409 1836 1447 haee
1865 1409 1960 1447 illu-

217 1469 375 1507 stranda
409 1468 550 1506 adduci
583 1468 700 1505 effata
732 1471 912 1517 possunt.
954 1470 1081 1506 Pauca
1115 1469 1321 1506 sufficiant.
1364 1470 1425 1506 Ita
1455 1469 1812 1506 Theodoretus
1833 1468 1960 1518 philo-

217 1529 356 1577 sophos
386 1527 555 1577 gentiles
577 1527 781 1576 redarguit
802 1540 913 1565 serm.
943 1536 958 1567 1
986 1527 1032 1564 de
1055 1540 1134 1565 cur.
1158 1528 1216 1565 aff.
1239 1540 1388 1577 graec:
1423 1527 1562 1573 „Quod
1585 1528 1617 1565 si
1648 1528 1896 1566 credulitatis
1918 1540 1963 1566 ac

217 1587 307 1624 fidei
328 1587 496 1624 titulum
519 1586 714 1623 accusatis
739 1583 890 1638 (audivi
912 1587 1015 1623 enim
1030 1599 1097 1624 vos
1112 1587 1183 1624 hoc
1198 1588 1319 1624 etiam
1334 1589 1580 1636 usurpantes,
1604 1587 1710 1635 quod
1732 1587 1962 1636 dogmatum

217 1649 441 1684 nostrorum
464 1646 616 1683 nullam
639 1645 1015 1683 demonstrationem
1036 1646 1291 1695 proferamus,
1329 1647 1452 1683 solam
1474 1659 1564 1684 vero
1587 1646 1701 1683 fidem
1725 1659 1768 1684 ac
1789 1647 1961 1684 creduli-

217 1707 338 1743 tatem
360 1706 607 1742 insinuemus
631 1705 721 1750 illis,
746 1717 842 1752 quos
864 1703 1077 1757 docemus),
1101 1705 1346 1754 apertissime
1368 1705 1587 1743 doctrinam
1616 1707 1791 1743 nostram
1814 1706 1961 1744 calum-

217 1765 392 1802 niamini.
436 1764 515 1801 Nos
539 1764 645 1801 enim
667 1764 879 1801 verissimis
900 1765 1029 1809 rebus,
1061 1766 1263 1813 tamquam
1286 1765 1516 1802 certissimis
1549 1765 1732 1812 testibus,
1765 1777 1963 1803 sermones

217 1826 371 1862 nostros
385 1823 692 1871 comprobamus.
704 1828 721 1846 «
736 1846 794 1850 —-
808 1823 858 1860 Et
881 1836 909 1860 s.
933 1824 964 1860 B
977 1836 996 1860 e
1008 1823 1163 1860 rnard
1175 1837 1202 1861 u
1215 1836 1231 1861 s
1253 1825 1393 1861 contra
1414 1824 1678 1861 Abaelardum
1692 1837 1752 1872 ep.
1773 1831 1852 1865 190
1869 1837 1897 1862 e.
1915 1831 1959 1864 4:

221 1883 372 1928 „Absin
396 1882 507 1928 absit,
530 1885 576 1919 ut
598 1884 785 1931 putemus
810 1882 852 1919 in
882 1882 957 1920 fide
988 1883 1049 1920 vel
1083 1895 1151 1931 spe
1181 1886 1315 1920 nostra
1346 1883 1508 1932 aliquid,
1541 1885 1588 1920 ut
1618 1883 1650 1921 is
1681 1885 1808 1932 putat,
1840 1883 1961 1921 dubia

219 1942 489 1980 aestimatione
511 1942 729 1990 pendulum
751 1944 790 1978 et
811 1953 890 1979 non
913 1942 1035 1992 magis
1065 1944 1206 1986 totum,
1239 1942 1345 1990 quod
1376 1943 1418 1979 in
1451 1955 1495 1980 ea
1526 1944 1598 1989 est,
1631 1945 1737 1980 certa
1767 1945 1807 1980 et
1837 1943 1963 1981 solida

218 2002 383 2039 veritate
404 2001 626 2046 subnixum,
663 2002 829 2038 oraculis
860 2003 899 2038 et
930 2001 1130 2039 miraculis
1162 2001 1355 2039 divinitus
1385 2014 1628 2050 persuasum,
1661 2001 1886 2039 stabilitum
1919 2004 1962 2040 et

218 2062 483 2098 consecratum
505 2062 623 2108 partu
644 2060 822 2110 virginis,
846 2061 1036 2110 sanguine
1058 2061 1343 2108 Redemptor-is,
1378 2061 1504 2109 gloria
1533 2061 1786 2111 resurgentis.
1830 2061 1958 2099 Testi-

218 2119 348 2157 monia
369 2120 446 2157 ista
467 2119 672 2156 credibilia
693 2120 794 2157 facta
816 2121 911 2157 sunt
932 2119 1090 2159 nimis«
1113 2143 1171 2146 —
1192 2120 1370 2169 Denique
1387 2122 1525 2157 auctor
1538 2132 1757 2169 anonymus
1774 2120 1841 2158 sed
1855 2121 1958 2158 anti-

218 2191 318 2227 quus
340 2180 381 2216 in
404 2178 548 2216 confut.
581 2179 828 2227 quarundam
859 2190 1011 2228 propos.
1043 2192 1100 2228 pr.
1129 2186 1178 2219 16
1214 2178 1336 2230 (inter
1366 2191 1425 2227 op.
1457 2179 1590 2228 spuria
1620 2192 1648 2217 s.
1681 2179 1958 2217 Athanasii

218 2238 310 2287 Mig.
347 2245 410 2283 58,
449 2235 597 2289 1237):
637 2238 718 2282 „Ac
751 2238 880 2284 fidem,
918 2238 1062 2287 inquit,
1098 2238 1277 2275 nominat
1313 2235 1593 2291 (adversarius)
1628 2239 1957 2276 inconsideratam

217 2297 449 2346 noxiamque
471 2297 794 2345 approbationem
816 2297 1063 2335 infirmorum
1085 2297 1285 2345 nullisque
1309 2297 1711 2335 demonstrationibus
1743 2298 1960 2336 instructo-

218 2369 305 2393 rum
337 2356 574 2405 dogmatum.
627 2356 836 2393 Credamne
868 2356 951 2394 sine
978 2356 1128 2405 judicio
1162 2353 1384 2409 (ἀλόγως)ἱ>
1425 2357 1506 2394 Nec
1537 2356 1737 2405 inquiram
1767 2357 1958 2406 quidnam

217 2414 302 2451 fieri
325 2415 460 2463 possit,
485 2417 553 2451 aut
575 2415 675 2452 utile
698 2415 761 2460 sit,
786 2417 854 2452 aut
876 2415 1022 2461 deceat,
1046 2418 1115 2453 aut
1137 2416 1215 2452 Deo
1237 2418 1406 2465 gratum,
1440 2417 1509 2453 aut
1529 2418 1695 2453 naturae
1726 2429 1959 2466 congruum,

219 2476 287 2510 aut
308 2474 466 2511 veritati
489 2486 714 2519 consonum,
740 2476 809 2511 aut
831 2487 944 2523 scopo
967 2474 1310 2521 accommodatum,
1333 2477 1403 2511 aut
1424 2475 1614 2524 mysterio
1637 2477 1958 2522 consentaneum,

217 2534 284 2569 aut
307 2533 452 2581 pietate
475 2533 639 2581 (lignum
662 2533 742 2570 sit?
776 2534 908 2582 Ecqua
928 2534 1081 2571 utilitas
1117 2536 1201 2571 erat
1233 2533 1357 2571 mihi?
1391 2534 1474 2571 Aut
1507 2534 1596 2582 quis
1631 2534 1756 2571 menti
1789 2534 1957 2580 fructus,

217 2604 315 2639 quae
338 2592 477 2629 horum
499 2591 600 2628 nihil
622 2604 751 2629 secum
772 2593 984 2641 reputavit,
1020 2593 1087 2630 sed
1118 2593 1300 2630 auditum
1330 2593 1490 2641 quidem
1521 2605 1615 2630 sono
1645 2594 1855 2631 verborum
1887 2593 1958 2630 ob-

217 2651 324 2696 tulit,
347 2651 497 2688 nullam
521 2663 610 2687 vero
633 2651 825 2688 dictorum
848 2652 950 2701 cepit
975 2652 1338 2701 intelligentiamP«
1363 2653 1436 2689 etc.
1479 2651 1532 2689 Of.
1556 2652 1617 2689 Pii
1638 2652 1702 2690 IX.
1725 2665 1782 2701 ep.
1815 2653 1862 2690 ad
1893 2665 1958 2690 ar-

218 2709 340 2758 chiep.
363 2722 510 2747 monae.
539 2717 599 2749 11.
624 2710 710 2747 Dec.
741 2716 861 2756 1862,
886 2712 926 2748 et
947 2724 1065 2759 supra
1087 2725 1123 2748 n.
1150 2717 1230 2751 463
1256 2723 1303 2751 ss,
1468 2711 1470 2713 ¹

336 2799 453 2842 Sicut
475 2805 616 2842 autem
639 2801 742 2842 fides
764 2802 923 2843 nullum
946 2802 1074 2843 laedit
1091 2803 1160 2855 jus
1183 2803 1372 2853 rationis,
1395 2803 1455 2843 ita
1476 2803 1661 2844 vicissim
1682 2803 1791 2844 ratio
1813 2803 1960 2844 omnia

218 2872 427 2925 approbat
439 2871 534 2913 fidei
548 2885 573 2924 p
587 2884 611 2912 o
625 2885 644 2912 s
656 2876 672 2912 t
682 2872 733 2916 ul
745 2885 770 2913 a
782 2877 797 2913 t
811 2885 845 2916 a.
870 2872 1061 2914 Postulat
1073 2887 1113 2917 a.
1125 2872 1240 2922 fides,
1259 2877 1304 2914 ut
1317 2874 1426 2914 ratio
1442 2885 1488 2914 se
1503 2873 1701 2926 subjiciat
1715 2873 1961 2914 auctoritati

218 2943 398 2984 divinae.
421 2941 504 2984 Sed
527 2942 627 2995 quid
650 2942 813 2995 dignius
837 2948 878 2984 et
895 2944 1062 2996 justius,
1085 2944 1185 2997 quid
1209 2944 1386 2996 aequius
1400 2948 1442 2985 et
1456 2945 1590 2996 magis
1605 2945 1803 2994 salutare,
1827 2956 1956 2997 quam

216 3017 262 3054 ut
294 3014 404 3055 ratio
439 3018 584 3055 creata
616 3013 902 3067 limitibusque
937 3015 1269 3068 circumscripta,
1302 3015 1484 3068 ideoque
1507 3015 1723 3056 erroribus
1757 3015 1956 3065 obnoxia.

217 3096 326 3137 quae
347 3085 472 3126 toties
494 3097 649 3138 magno
671 3097 749 3126 suo
772 3085 999 3126 commodo
1023 3086 1266 3127 auctoritati
1288 3097 1334 3126 se
1356 3086 1524 3138 subjicit
1545 3086 1771 3135 humanae,
1799 3085 1959 3126 rationi

2138 2046 2175 2358 ›nnus-mamutii&

2161 2613 2169 2628 ⁴
2173 2532 2175 2560 h
2157 2503 2175 2515 3
2147 2358 2170 2472 nam-*e
