2175 3382
919 120 966 153 ad
984 119 1094 154 fldem
1112 120 1320 154 salutarem.
1903 127 1989 168 497

248 242 546 290 proponantur
567 237 844 289 gravissimae
865 239 1055 279 rationes
1078 242 1119 279 et
1141 238 1420 280 difficultates.
1455 239 1576 290 Nam,
1598 244 1645 282 ut
1667 242 1727 282 ait
1749 241 1991 298 thryso-

248 312 458 349 stomus
479 308 532 348 ib.
547 321 586 350 n.
603 311 641 358 3,
664 307 767 349 fides
796 312 883 359 „est
905 309 1117 362 quaedam
1140 321 1265 350 sacra
1288 321 1459 359 ancora,
1483 322 1592 363 quae
1614 312 1799 365 undique
1822 318 1990 354 susten-

249 382 312 419 tat
332 383 531 429 mentem,
554 391 664 432 quae
687 379 726 420 ei
748 379 973 421 adhaeret:
997 384 1038 420 et
1059 383 1160 421 tunc
1174 380 1360 421 maxime
1376 381 1623 431 ostenditur,
1647 383 1818 435 quando
1840 384 1884 424 in
1898 396 1991 425 ma-

248 449 365 490 xima
378 461 521 491 rerum
536 449 780 491 difficultate
795 450 834 491 ei
848 450 1087 503 persuadet,
1111 451 1182 504 qui
1203 451 1274 491 illa
1296 455 1359 492 est
1382 452 1611 504 praeditUS,
1634 458 1680 493 ut
1694 453 1854 495 bonam
1869 467 1989 507 spem

249 520 409 562 habeat
431 521 607 574 expulsa
628 521 754 562 turba
775 522 1196 570 ratiocinationum;“
1227 526 1269 563 et
1289 522 1402 562 hom.
1418 524 1475 564 22
1498 522 1542 563 in
1563 535 1627 575 ep.
1650 524 1705 564 ad
1730 524 1855 566 Hebr.
1878 539 1916 566 n.
1944 531 1988 571 1:

256 591 406 643 „Fides
427 605 636 645 generosa
667 597 709 634 et
734 593 911 645 juvenili
942 605 1049 645 opus
1081 592 1212 634 habet
1233 593 1378 634 anima
1401 597 1442 634 et
1464 606 1574 646 quae
1597 595 1743 635 omnia
1765 602 1992 649 exsuperet

249 663 422 704 sensilia
453 668 494 705 et
525 664 811 705 humanarum
842 664 1059 705 rationum
1080 668 1350 717 pertranseat
1371 664 1717 709 imbecillitatem.
1761 666 1871 707 Fieri
1902 680 1989 708 non

248 738 401 787 potest,
424 738 470 775 ut
492 735 614 776 aliter
635 735 688 775 sit
709 734 853 785 fidelis,
889 736 970 776 nisi
993 736 1062 788 qui
1085 748 1131 776 se
1154 735 1350 777 extulerit
1372 748 1500 788 super
1522 748 1695 778 omnem
1718 737 1991 778 consuetudi-

249 810 382 848 nem.“
410 805 535 847 Fides
548 811 772 859 praeterea
795 811 859 848 est
873 806 1062 857 difficilis,
1084 807 1184 860 quia
1206 807 1334 859 exigit
1354 820 1397 861 g.
1421 819 1645 849 assensum
1667 821 1693 860 p
1707 820 1796 849 ere
1810 821 1877 849 nn
1890 821 1912 850 e
1925 822 1989 859 m,

249 889 376 930 quem
398 889 618 930 nunquam
639 882 874 920 retractare
896 878 1004 928 licet,
1031 879 1110 920 etsi
1132 879 1291 919 damna
1312 879 1563 920 immineant
1584 880 1848 931 gravissima,
1872 892 1990 921 mors

248 948 498 997 intentetur;
521 949 621 1002 quia
635 948 816 1002 denique
837 950 884 994 h.
908 950 1035 1002 exigit
1049 961 1275 990 assensum
1297 962 1385 990 non
1406 950 1688 991 theoreticum
1713 954 1890 1001 tanturn,
1914 951 1989 992 sed

250 1023 292 1060 et
323 1021 650 1072 practicum,
682 1020 723 1061 vi
754 1020 873 1073 cujus
904 1021 1034 1062 homo
1058 1025 1173 1061 totus
1194 1021 1308 1062 intus
1330 1022 1567 1070 innovetur,
1601 1021 1710 1063 adeo
1743 1026 1788 1062 ut
1813 1021 1917 1063 fides
1939 1023 1995 1063 sit

249 1103 402 1132 norma
425 1096 466 1132 et
487 1092 600 1133 vitae
622 1091 917 1133 intellectualis
934 1092 1102 1148 (saltem
1125 1093 1167 1133 in
1190 1092 1399 1147 plurimis)
1425 1097 1466 1134 et
1487 1093 1616 1134 totius
1639 1093 1751 1134 vitae
1774 1094 1990 1145 practicae

249 1162 369 1219 (nam
391 1162 524 1204 fidelis
547 1176 597 1205 ex
620 1163 701 1205 fide
723 1164 865 1205 vivere
880 1163 1024 1220 debet)
1038 1176 1114 1216 per
1128 1163 1447 1205 observantiam
1461 1169 1791 1217 praeceptorum
1807 1169 1988 1207 naturae

251 1239 478 1287 corruptae
500 1233 740 1275 difficilium.
782 1234 910 1287 Atqui
941 1235 996 1275 ad
1023 1235 1398 1276 conscendendam
1420 1239 1585 1276 tantam
1608 1235 1704 1276 fidei
1727 1236 1992 1277 altitudinem

250 1317 358 1358 opus
381 1310 445 1347 est
464 1306 806 1359 suppeditatione
828 1307 999 1359 spiritus
1032 1310 1074 1347 et
1104 1306 1284 1355 roboris,
1316 1318 1397 1347 nec
1427 1304 1581 1347 sufficit
1612 1306 1880 1348 imbecillitas
1911 1320 1990 1349 na-

249 1380 372 1418 turae
386 1377 612 1421 humanae.
634 1377 685 1418 Et
705 1389 810 1419 sane
832 1378 868 1418 si
888 1378 1019 1418 homo
1044 1377 1123 1418 sibi
1144 1377 1405 1431 relinquitur,
1429 1378 1612 1430 cognitio
1635 1377 1712 1419 Dei
1733 1379 1791 1419 ita
1815 1383 1879 1419 θεῖ
1900 1378 1992 1420 lan-

250 1447 388 1500 guida,
418 1453 464 1489 ut
495 1460 573 1501 par
604 1461 691 1490 non
721 1449 775 1490 sit
800 1449 855 1490 ad
878 1448 1152 1490 excitandum
1174 1448 1250 1490 Dei
1273 1461 1466 1490 amorem
1489 1449 1726 1499 sincerum;
1757 1450 1857 1490 hinc
1880 1450 1993 1502 apud

250 1518 426 1570 gentiles
457 1519 619 1561 nullum
650 1518 758 1561 forte
789 1520 1026 1561 dilectionis
1049 1520 1217 1561 divinae
1240 1521 1475 1572 reperimus
1497 1521 1732 1573 vestigium.
1777 1520 1919 1572 Quare
1950 1525 1993 1562 et

249 1591 433 1643 cognitio
457 1591 553 1632 fidei
575 1591 737 1644 absque
759 1592 907 1643 gratia,
939 1604 1024 1644 qua
1047 1592 1270 1640 animetur,
1302 1592 1455 1632 sterilis
1477 1592 1603 1644 plane
1625 1597 1820 1634 maneret
1851 1597 1892 1634 et
1922 1593 1986 1633 in-

249 1660 441 1706 fecunda.
485 1662 542 1707 Cf.
566 1662 618 1704 de
640 1663 782 1715 Lugo
807 1663 910 1715 disp.
937 1667 989 1707 12
1013 1676 1044 1703 ε.
1068 1667 1117 1713 ὃς
1141 1662 1410 1715 Kleutgen
1434 1663 1540 1716 disp.
1564 1667 1589 1708 3
1613 1675 1646 1706 o.
1670 1666 1708 1706 4.

368 1737 465 1778 482.
489 1733 649 1775 Verum
671 1734 779 1775 haec
801 1733 986 1786 probant
1000 1746 1202 1786 magnam
1217 1734 1387 1787 quidem
1403 1735 1703 1775 necessitatem
1719 1736 1893 1787 gratiae,
1915 1735 1993 1777 sed

251 1818 293 1846 m
304 1817 329 1846 o
342 1818 363 1846 r
374 1806 458 1847 ale
470 1819 512 1846 m
535 1810 701 1846 tantum
715 1810 888 1858 propter
902 1810 1023 1846 actus
1038 1805 1339 1855 difficultatem,
1363 1817 1451 1846 non
1473 1818 1498 1846 a
1509 1805 1535 1846 b
1548 1819 1568 1846 s
1581 1806 1630 1846 ol
1643 1810 1734 1847 uta
1747 1819 1789 1846 m
1801 1839 1810 1856 ,
1833 1811 1874 1847 et
1896 1819 1993 1859 gra-

249 1877 334 1918 tiae
356 1877 495 1918 solum
517 1877 891 1926 medicinalis,
921 1889 1010 1917 non
1032 1877 1310 1918 elevantis
1332 1877 1645 1918 necessitatem.
1688 1877 1816 1930 Atqui
1838 1881 1988 1919 tenen-

250 1948 350 1990 dum
374 1953 437 1989 est
461 1953 523 2004 (ut
544 1960 622 1989 suo
645 1948 739 1990 loco
763 1947 1017 2003 videbimus)
1041 1948 1222 2000 gratiam
1245 1960 1333 1989 non
1354 1947 1493 1988 solum
1515 1948 1825 1998 medicinalem,
1848 1948 1923 1990 sed
1946 1953 1988 1990 et

250 2020 489 2061 elevantem
520 2031 614 2061 esse
646 2021 947 2069 necessariam,
980 2024 1021 2060 et
1052 2019 1224 2073 quidem
1246 2020 1503 2061 necessitate
1524 2032 1612 2061 non
1634 2024 1800 2061 tantum
1824 2019 1986 2069 morali,

251 2091 326 2133 sed
349 2091 557 2135 absoluta.
599 2091 740 2143 Quare
762 2091 989 2132 dicendum
1012 2097 1088 2141 est,
1111 2091 1291 2144 gratiam
1323 2091 1482 2132 idcirco
1504 2091 1774 2143 potissimum
1806 2103 1900 2132 esse
1934 2091 1989 2131 ad

251 2162 377 2204 fidem
391 2163 692 2212 necessariam,
715 2163 815 2216 quia
836 2162 941 2203 fides
964 2175 1058 2203 esse
1081 2162 1208 2203 debet
1221 2161 1558 2211 fundamentum,
1581 2163 1757 2212 initium,
1780 2174 1928 2203 semen
1950 2167 1990 2203 et

251 2234 372 2275 radix
390 2234 703 2287 justificationis
726 2238 768 2275 et
789 2234 965 2275 visionis
988 2234 1224 2284 beatificae,
1246 2246 1360 2282 nam,
1381 2238 1429 2274 ut
1450 2247 1480 2274 s.
1496 2233 1659 2275 Thom
1673 2246 1728 2275 as
1751 2234 1993 2287 compendii

251 2306 378 2348 theol.
401 2318 435 2347 c.
459 2308 484 2348 2
509 2307 578 2355 ait,
610 2306 738 2356 „fides
760 2305 1012 2359 praelibatio
1037 2306 1249 2358 quaedam
1273 2310 1337 2346 θεῖ
1358 2305 1468 2346 illius
1491 2305 1755 2357 cognitionis
1779 2317 1890 2358 quae
1911 2318 1992 2346 nos

251 2378 295 2418 in
328 2376 468 2418 futuro
504 2377 654 2418 beatos
689 2376 824 2418 facit.“
865 2375 1116 2417 Justificatio
1149 2380 1292 2417 autem
1326 2381 1367 2417 et
1397 2376 1502 2416 visio
1534 2375 1733 2417 beatifica
1756 2377 1994 2417 eminenter

252 2453 350 2489 sunt
364 2448 524 2489 ordinis
539 2447 885 2500 supernaturalis.
909 2446 1050 2498 Quare
1074 2446 1267 2499 ejusdem
1290 2447 1449 2487 ordinis
1473 2447 1526 2487 sit
1548 2446 1651 2488 fides
1667 2451 1845 2499 oportet.
1869 2446 1993 2498 Quod

252 2520 380 2572 paulo
403 2531 527 2560 secus
549 2519 608 2559 ita
630 2531 728 2559 cum
751 2518 903 2559 eodem
934 2519 978 2558 in
1009 2522 1034 2562 3
1067 2518 1104 2558 d.
1138 2521 1192 2562 23
1225 2530 1261 2570 q.
1299 2520 1319 2559 1
1345 2530 1380 2558 a.
1404 2522 1431 2560 4
1462 2517 1537 2559 sol.
1562 2521 1587 2561 3
1610 2518 1811 2559 illustrari
1832 2523 1993 2571 potest:

252 2591 322 2641 „In
354 2590 565 2639 omnibus,
596 2602 707 2643 quae
739 2594 868 2641 agunt
899 2593 1073 2641 propter
1104 2588 1243 2638 finem,
1276 2593 1445 2641 oportet
1475 2601 1570 2630 esse
1596 2589 1917 2630 inclinationem
1939 2589 1994 2630 ad

253 2662 381 2703 finem
396 2666 437 2703 et
451 2661 667 2714 quandam
678 2661 997 2702 inchoationem
1010 2658 1114 2710 finis,
1130 2660 1287 2712 alioqui
1299 2671 1517 2712 nunquam
1530 2664 1811 2712 operarentur
1821 2664 1996 2712 propter

252 2733 394 2774 finem.
416 2733 530 2774 Finis
553 2738 709 2781 autem,
733 2732 787 2773 ad
810 2744 934 2785 quem
952 2731 1095 2772 divina
1108 2731 1282 2783 largitas
1304 2731 1522 2772 hominem
1545 2731 1758 2772 ordinavit
1780 2730 1846 2771 vel
1868 2742 1993 2782 prae-

254 2804 482 2845 destinavit
511 2803 600 2845 scil.
631 2803 771 2845 fruitio
805 2803 869 2844 sui
901 2803 1044 2855 ipsius,
1079 2807 1143 2843 est
1174 2802 1349 2843 omnino
1381 2815 1511 2855 supra
1542 2802 1787 2843 facultatem
1815 2806 1993 2842 naturae

255 2880 426 2917 creatae
450 2875 652 2920 elevatus,
683 2875 782 2928 quia
804 2888 874 2915 nec
905 2874 1046 2914 oculus
1067 2873 1181 2926 vidit,
1216 2887 1286 2914 nec
1308 2875 1427 2914 auris
1450 2874 1625 2927 audivit,
1658 2887 1729 2914 nec
1762 2875 1805 2913 in
1837 2886 1906 2912 cor
1927 2872 1993 2912 ho-

253 2947 379 2987 minis
412 2947 609 3000 ascendit,
641 2959 744 3000 quae
766 2945 1046 3000 praeparavit
1067 2944 1183 2985 Deus
1205 2944 1470 2998 diliyenti'bus
1501 2958 1554 2998 se,
1585 2948 1631 2985 ut
1663 2944 1814 2984 dicitur
1840 2946 1875 2986 1.
1899 2942 1992 2984 Cor.

254 3022 295 3068 2,
318 3021 355 3062 9.
397 3017 517 3059 Unde
549 3029 625 3069 per
655 3017 867 3057 naturalia
897 3020 1065 3057 tantum
1098 3015 1229 3056 homo
1261 3028 1349 3057 non
1379 3015 1510 3057 habet
1531 3014 1792 3056 sufficienter
1814 3014 1993 3054 inclina-

254 3089 416 3130 tionem
439 3088 494 3129 ad
515 3087 646 3129 finem
669 3087 798 3138 illum,
830 3092 872 3129 et
902 3087 997 3128 ideo
1031 3091 1211 3139 oportet,
1242 3087 1356 3140 quod
1386 3086 1699 3139 superaddatur
1731 3085 1894 3125 homini
1916 3084 1993 3125 ali-

398 3159 551 3190 Hurter,
573 3159 723 3191 compend.
742 3159 899 3192 theologiae
918 3161 941 3190 Ι,
963 3159 1008 3184 10,
1027 3158 1071 3184 ed.
1736 3158 1779 3190 32
