2175 3382
685 109 802 142 exitus
820 109 951 153 probat
972 109 1133 144 divinam
1153 111 1230 155 ejus
1250 111 1441 152 originem.
1869 117 1922 159 87

193 227 345 269 Christi
367 227 713 279 reprobationem
735 239 833 268 mox
857 231 921 268 est
943 233 1185 269 consecuta.
1229 229 1447 270 Accedunt
1468 230 1510 274 4.
1535 232 1747 273 luculenta
1770 232 1923 274 Christi

192 299 323 351 ipsius
354 298 486 339 verba
511 298 679 350 Judaeis
701 298 960 339 horrendam
983 299 1094 338 hanc
1118 299 1404 340 calamitatem
1437 301 1479 341 in
1511 314 1693 353 poenam
1725 315 1827 344 suae
1860 303 1923 344 in-

193 369 451 410 credulitatis
483 368 765 421 praedicentis
795 368 938 411 Matth.
964 373 1029 413 21.
1063 373 1118 413 33
1142 383 1216 418 ss.;
1252 374 1319 419 23,
1356 374 1408 414 :27
1434 385 1465 411 s.
1479 372 1618 420 ;Luc.
1662 378 1722 422 19,
1757 379 1809 418 41
1848 388 1922 415 ss.-
1915 406 1922 422 ,

193 442 261 490 21,
285 445 310 484 (5
333 453 386 484 55.
410 444 486 481 etc.
511 439 559 480 cf.
583 453 620 482 n.
645 442 712 484 (55.

312 533 376 566 76.
398 525 536 563 Merito
549 525 675 575 igitur
689 537 717 563 5.
732 525 820 562 Η15
834 538 884 562 ro
899 539 958 574 ny
975 540 1011 562 in
1024 540 1077 563 us
1095 527 1259 574 judaeos
1274 540 1333 574 ep.
1357 533 1433 567 129
1450 540 1487 564 11.
1507 536 1525 568 7
1554 529 1606 565 sic
1621 530 1851 578 perstringit
1864 527 1922 581 1);

191 585 355 629 ,Multa
383 585 546 633 judaee,
579 584 722 622 scelera
743 584 988 629 commisisti,
1025 586 1175 622 cun-tis
1209 586 1308 623 circa
1338 589 1376 623 te
1409 587 1566 624 servisti
1588 588 1820 626 nationibus.
1865 588 1922 625 Ob

191 644 294 692 quod
316 644 495 682 facinus?
537 644 680 692 Utique
703 645 864 692 propter
884 643 1158 681 idololatriam.
1203 645 1375 693 Cumque
1409 646 1593 683 servisses
1623 646 1748 691 crebo,
1785 647 1924 684 miser-

189 706 255 740 tus
277 703 335 740 tui
359 706 417 741 est
439 703 553 748 Deus,
578 706 616 739 et
641 702 746 739 misit
763 702 918 751 judices
941 706 978 739 et
1002 703 1223 747 salvatores,
1257 704 1324 752 qui
1356 706 1394 741 te
1418 735 1425 742 .
1450 735 1457 741 .
1481 735 1488 741 .
1511 705 1740 745 liberarunt.
1784 705 1923 742 Novis-

192 762 287 799 sime
311 764 383 799 sub
406 762 563 811 regibus
595 761 795 799 offendisti
818 762 939 798 Deum
973 764 1012 799 et
1043 763 1166 799 omnis
1200 765 1269 800 tua
1300 763 1516 811 provincia,
1550 766 1665 813 gente
1697 764 1927 812 babylonica

190 824 380 868 vastante,
403 822 531 859 deleta
552 822 620 859 est.
644 821 717 857 Per
740 820 992 870 septuaginta
1014 834 1136 858 annos
1159 823 1298 870 templi
1321 822 1492 859 solitudo
1514 823 1732 871 permansit
1755 852 1761 859 .
1786 853 1793 860 .
1817 853 1823 859 .
1867 823 1926 860 Ad

190 883 408 918 extremum
441 881 513 918 sub
545 880 784 928 Vespasiano
816 884 856 917 et
887 880 973 916 'rito
1008 882 1103 917 urbs
1137 885 1248 929 capta
1281 882 1551 930 templumque
1587 883 1820 919 subversum
1855 885 1925 919 est.

189 939 337 977 Deinde
360 939 531 977 civitatis
554 952 678 987 usque
700 939 748 975 ad
771 939 1011 976 Hadrianum
1035 940 1251 988 principem
1273 953 1343 989 per
1365 941 1652 990 quinquaginta
1674 953 1793 978 annos
1816 954 1925 978 man-

190 1010 274 1036 sere
295 999 494 1048 reliquiae.
537 999 629 1035 Post
660 998 898 1035 eversionem
920 999 1057 1046 templi
1080 1000 1196 1048 paulo
1220 1000 1351 1036 minus
1380 1012 1450 1047 per
1471 1000 1781 1049 quadringentos
1805 1012 1926 1037 annos

190 1059 230 1095 et
251 1057 360 1095 urbis
383 1061 423 1095 et
442 1058 582 1106 templi
605 1058 739 1094 ruinae
753 1059 994 1106 permanent.
1019 1058 1076 1094 Ob
1092 1058 1195 1106 quod
1218 1059 1374 1095 tandem
1398 1058 1576 1095 facinus?
1600 1059 1710 1095 Certo
1732 1070 1810 1095 non
1833 1058 1926 1095 colis

188 1117 302 1157 idola,
339 1118 404 1155 sed
439 1117 556 1154 etiam
590 1117 763 1154 serviens
794 1116 915 1165 persis
949 1121 1066 1164 atque
1097 1117 1269 1154 romanis
1301 1119 1340 1154 et
1372 1117 1610 1165 captivitatis
1645 1129 1800 1166 pressus
1830 1118 1926 1166 J'ugo

188 1175 344 1225 ignoras
365 1176 514 1213 alienos
537 1176 638 1213 deos.
684 1175 883 1219 Quomodo
906 1176 1234 1213 clementissimus
1258 1177 1456 1224 quondam
1479 1176 1592 1220 Deus,
1626 1176 1694 1224 qui
1725 1189 1926 1224 nunquam

189 1235 249 1272 tui
272 1238 331 1273 est
353 1235 522 1280 oblitus,
556 1248 660 1272 nunc
689 1247 759 1283 per
780 1236 892 1271 tanta
914 1236 1041 1283 spatia
1064 1239 1286 1283 temporum
1310 1235 1479 1273 miseriis
1501 1236 1582 1272 tuis
1606 1248 1685 1272 non
1707 1236 1925 1280 adducitur,

188 1296 236 1331 ut
258 1295 385 1332 solvat
407 1294 704 1343 captivitatem?
729 1323 736 1330 .
760 1323 767 1330 .
791 1323 798 1330 .
823 1293 880 1331 Ob
904 1294 1020 1342 quod,
1045 1294 1217 1343 inquam,
1242 1295 1389 1331 lacinus
1404 1296 1443 1332 et
1456 1296 1539 1331 tam
1555 1294 1784 1331 exsecrabile
1800 1294 1925 1331 scelus

190 1354 335 1391 avertit
355 1367 377 1391 a
397 1356 437 1390 te
460 1353 593 1391 oculos
617 1355 733 1390 suos?
775 1354 966 1402 Ignoras?
1008 1353 1202 1390 Memento
1225 1354 1329 1391 vocis
1352 1356 1559 1401 parentum
1590 1356 1751 1390 tuorum
1774 1353 1926 1400 (Matth.

193 1419 258 1458 27,
285 1413 375 1462 25):
401 1413 567 1462 Sanquis
588 1412 668 1458 ejus
689 1425 806 1460 super
836 1424 905 1449 nos
935 1418 967 1449 ec
989 1425 1104 1461 super
1134 1414 1233 1460 filios
1255 1415 1416 1457 nostros,
1442 1445 1449 1452 .
1474 1443 1480 1449 .
1507 1441 1513 1448 .
1538 1415 1596 1450 et:
1631 1413 1717 1449 Non
1748 1412 1927 1448 habemus

190 1485 311 1521 reyem
333 1473 410 1509 nisi
432 1472 633 1509 Caesarem
657 1468 733 1524 (Jo.
764 1478 825 1515 19,
850 1468 929 1523 15).
953 1471 1095 1517 Habes,
1119 1472 1224 1519 quod
1246 1472 1417 1521 elegisti:
1442 1483 1567 1519 usque
1590 1471 1636 1507 ad
1652 1472 1763 1507 finem
1788 1470 1926 1507 mundi

189 1532 406 1569 serviturus
428 1543 468 1568 es
492 1530 652 1575 Caesari,
677 1530 798 1567 donec
821 1530 999 1579 gentium
1022 1531 1190 1568 introeat
1212 1531 1418 1579 plenitudo
1441 1533 1480 1567 et
1502 1531 1556 1567 sic
1571 1530 1694 1567 omnis
1708 1530 1828 1567 lsrael
1852 1530 1926 1566 sal-

189 1603 261 1627 vus
284 1590 354 1627 fiat
377 1588 502 1643 (Rom.
531 1597 593 1634 11,
621 1586 734 1642 25).«
759 1589 812 1628 Cf.
836 1588 1088 1639 Origenes
1111 1590 1193 1626 adv.
1219 1590 1370 1627 Celsum
1393 1589 1456 1634 IV,
1484 1595 1534 1628 22

309 1662 374 1702 77.
402 1658 764 1702 Demonstratio
801 1670 844 1711 p.
877 1657 931 1700 V.
977 1656 1082 1698 Cum
1114 1669 1213 1708 ergo
1249 1657 1346 1697 hinc
1381 1656 1553 1709 quidem
1585 1656 1699 1696 solus
1735 1654 1924 1695 Christus

187 1728 309 1769 Jesus
334 1733 374 1770 et
404 1734 574 1781 praeter
597 1729 710 1769 hunc
732 1728 871 1768 nullus
897 1732 1043 1780 gentes
1067 1728 1299 1768 secundum
1322 1728 1627 1780 prophetarum
1648 1726 1847 1767 vaticinia
1870 1726 1923 1766 ad

191 1800 474 1850 cognitionem
505 1800 594 1840 veri
616 1799 691 1839 Dei
722 1801 746 1842 i.
779 1811 812 1840 e.
845 1799 919 1839 Dei
941 1798 1171 1846 Abraham,
1199 1799 1318 1838 Isaac
1341 1802 1383 1839 et
1403 1797 1536 1839 Jacob
1562 1797 1797 1845 adduxerit,
1830 1796 1926 1837 inde

190 1882 291 1927 yero
315 1870 426 1911 Deus
458 1871 580 1923 hujus
611 1870 738 1922 legati
760 1870 1108 1922 reprobationem
1131 1869 1390 1910 horrendum
1424 1870 1466 1909 in
1502 1869 1675 1910 modum
1708 1881 1733 1909 a
1760 1868 1926 1920 judaeis

190 1941 485 1982 vindicaverit:
509 1941 659 1982 merito
683 1941 763 1981 dici
784 1945 936 1993 potest,
961 1941 1147 1981 divinam
1171 1939 1327 1981 Christi
1351 1940 1597 1980 missionem
1620 1940 1711 1992 ipso
1736 1938 1925 1991 ejusdem

191 2012 300 2052 exitu
326 2011 598 2064 comprobari
619 2013 707 2053 sive
732 2012 906 2053 terribili
928 2013 1036 2053 inter
1054 2011 1236 2064 judaeos
1260 2012 1347 2055 sive
1370 2011 1482 2051 laeto
1507 2011 1615 2051 inter
1637 2014 1794 2062 gentes.
1838 2007 1923 2049 Suo

189 2083 314 2134 igitur
331 2082 426 2135 jure
449 2081 640 2124 Christus
662 2083 724 2124 Jo
752 2087 816 2128 16
841 2087 896 2127 33
920 2083 1055 2135 potuit
1078 2082 1240 2123 dicere.
1275 2081 1488 2134 (onficlite,
1521 2094 1588 2135 3570
1612 2082 1691 2121 zrf'zcz
1712 2084 1923 2131 mundum

190 2157 232 2194 et
253 2153 305 2194 de
328 2165 379 2195 50
402 2167 511 2194 1111115
534 2155 749 2195 seniorum
775 2154 888 2206 apud
903 2153 1114 2195 ,loannem
1129 2153 1259 2205 Apoc.
1276 2157 1313 2201 Ξ),
1338 2156 1383 2197 Ξ);
1409 2153 1510 2193 Ecce
1531 2150 1722 2216 vieitLeo
1745 2152 1793 2191 <Ze
1815 2154 1854 2190 t>
1858 2151 1924 2190 ibn

190 2224 322 2278 ιῙιιιῖσι
352 2225 481 2266 radix
502 2224 657 2266 David.
702 2224 811 2266 Vicit
842 2225 927 2268 5511
960 2225 1227 2273 daemonem,
1263 2224 1333 2276 qui
1367 2223 1433 2264 vel
1464 2210 1636 2263 nomine
1669 2223 1758 2274 eJ'us
1781 2207 1923 2261 audito

189 2294 309 2347 fugit;
331 2296 429 2336 vicit
451 2300 598 2348 gentes
621 2307 694 2336 eas
718 2295 798 2336 sibi
817 2295 1102 2348 subjiciendo;
1127 2295 1225 2335 vicit
1243 2294 1425 2346 judaeos
1448 2305 1521 2334 eos
1545 2291 1818 2334 conterendo
1841 2291 1925 2331 Ad-

189 2366 407 2418 impletum
439 2370 503 2407 est
533 2366 653 2407 illud:
686 2366 916 2407 Dominam>
950 2367 989 2407 in
1024 2366 1155 2407 medio
1191 2366 1451 2405 inimicorum
1484 2372 1648 2405 tuorum
1678 2363 1743 2404 Ps.
1773 2366 1866 2411 102,
1891 2366 1927 2405 2.

339 2483 360 2527 ¹)
377 2482 470 2517 Fuse
489 2485 525 2517 et
542 2483 677 2516 invicte
696 2483 764 2516 hoc
783 2483 1042 2527 argumentum
1064 2481 1201 2516 evolvit
1221 2481 1246 2515 C
1259 2482 1282 2514 h
1294 2493 1312 2514 r
1324 2494 1346 2524 y
1360 2493 1374 2514 s
1387 2492 1406 2514 o
1419 2493 1434 2515 s
1446 2483 1460 2515 t
1474 2492 1494 2515 0
1506 2492 1541 2513 111
1554 2493 1577 2514 11
1590 2492 1605 2513 5
1624 2480 1663 2514 in
1677 2480 1732 2515 Ps.
1747 2482 1768 2513 8
1785 2490 1818 2512 n.
1835 2482 1854 2513 ’3
1870 2490 1927 2511 ss..

191 2537 282 2569 orat.
303 2540 322 2569 5
341 2537 378 2570 et
395 2539 415 2571 6
435 2536 514 2570 adv.
533 2535 696 2577 iudaeos
717 2536 770 2570 Cf.
789 2535 910 2569 Rabbi
928 2536 1029 2569 Sam
1042 2548 1062 2569 11
1077 2536 1118 2569 51
1138 2537 1224 2581 (sec.
1240 2534 1302 2578 XI)
1322 2535 1366 2568 de
1385 2535 1546 2569 adventu
1562 2534 1715 2567 Messiae
1728 2533 1925 2576 praeterito

190 2589 366 2633 (Migne
395 2591 471 2628 149,
499 2592 568 2624 335
586 2594 667 2632 ss.);
697 2589 823 2623 Petrus
851 2589 1134 2633 Alphonsus
1163 2599 1205 2623 ex
1228 2588 1364 2633 judaeo
1392 2587 1616 2621 christianus
1645 2586 1730 2619 dial.
1759 2585 1816 2618 tit.
1848 2587 1877 2617 1.
1909 2588 1926 2615 2

190 2641 364 2688 (Migne
394 2644 470 2680 157,
499 2645 563 2676 541
594 2642 663 2687 55),
697 2642 761 2686 qui
788 2643 878 2676 bene
907 2641 1015 2676 docet
1043 2643 1192 2676 innixus
1221 2642 1327 2675 Dent.
1357 2646 1411 2682 24,
1446 2643 1506 2679 16:
1535 2639 1660 2674 Ezech.
1694 2641 1745 2672 18.
1774 2641 1818 2672 20
1846 2636 1927 2671 coll.

189 2695 252 2730 Ex.
273 2699 326 2736 20,
346 2699 366 2730 5
385 2697 423 2729 et·
439 2696 572 2730 Tmen.
588 2700 619 2737 5,
635 2697 668 2738 7,
686 2696 805 2730 Deum
824 2696 862 2729 in
880 2696 1023 2730 deserto
1043 2697 1080 2729 et
1097 2696 1136 2729 in
1155 2695 1373 2740 captivitate
1392 2692 1612 2738 babylonica
1631 2702 1784 2736 poenam
1805 2691 1926 2723 exten-

190 2749 285 2782 disse
304 2759 493 2792 quousque
510 2749 699 2794 generatio
717 2750 902 2794 peccatrix
921 2749 1015 2782 esset
1031 2748 1214 2782 exstincta
1228 2763 1235 2787 ς
1256 2749 1335 2782 tum
1351 2757 1435 2781 vero
1451 2746 1544 2780 filios
1559 2756 1703 2789 quoque
1719 2744 1843 2777 eadem
1855 2753 1925 2785 qua

127 2817 131 2819 ·
189 2802 361 2845 parentes
379 2800 554 2836 afflixisse
571 2812 701 2846 poena,
721 2813 802 2836 cum
822 2801 880 2835 illi
901 2803 939 2834 in
958 2802 1089 2835 horum
1109 2801 1363 2835 consenserint,
1380 2800 1580 2844 peccatum.
1609 2797 1723 2840 Atqui
1740 2796 1844 2829 inodo
1860 2795 1926 2828 filii

190 2854 317 2888 eadem
335 2865 408 2898 qua
423 2856 597 2899 ‘parentes
616 2854 833 2900 affliguntur
851 2854 1096 2888 desolatione.
1117 2853 1212 2897 Ergo
1231 2853 1270 2886 in
1285 2853 1381 2886 idem
1400 2863 1481 2886 cum
1500 2851 1557 2885 his
1576 2850 1785 2893 conspirant
1803 2857 1927 2892 pecca-

189 2908 280 2943 tum.
309 2906 415 2941 N1hil
433 2909 556 2942 autem
575 2908 756 2952 assignari
775 2908 911 2952 potest,
930 2907 969 2940 in
988 2917 1060 2951 quo
1080 2908 1170 2940 adeo
1198 2916 1319 2940 omnes
1345 2904 1567 2948 conspirent,
1596 2906 1741 2947 praeter
1758 2901 1924 2944 reproba-

189 2959 331 2994 tionem
347 2962 379 2998 J.
400 2960 546 3002 Christi,
566 2972 660 3004 quac
679 2961 770 3005 ipsis
789 2961 879 2994 adeo
895 2961 950 2993 cst
964 2959 1168 2993 communis
1185 2960 1221 2993 et
1235 2959 1396 3003 propria,
1414 2958 1507 2991 sicut
1524 2953 1747 2999 exspectatio
1764 2953 1925 2986 3111551115.

190 3014 390 3058 Propterea
406 3025 493 3058 ergo
511 3014 655 3048 dicendi
672 3016 757 3048 sunt
771 3025 792 3047 a
806 3013 882 3047 Deo
896 3013 1083 3058 reprobati
1098 3026 1105 3051 ;
1125 3013 1147 3045 S
1159 3014 1174 3045 t
1186 3023 1205 3046 o
1219 3024 1235 3045 1·
1245 3022 1261 3044 5
1272 3012 1296 3045 11
1309 3023 1327 3045 5
1339 3023 1363 3044 11
1375 3022 1394 3044 a
1407 3022 1430 3043 11
1448 3011 1473 3045 t.
1494 3010 1536 3043 X.
1556 3008 1646 3051 disp.
1667 3009 1706 3043 62
1727 3008 1755 3040 G
1766 3017 1783 3038 1·
1795 3016 1813 3038 a
1827 3018 1848 3038 11
1861 3005 1881 3037 (1
1895 3015 1925 3037 c-

189 3066 301 3100 rath
318 3066 498 3100 Stimmen
516 3077 581 3100 aus
601 3066 717 3101 Maria
736 3067 854 3100 Laach
877 3068 962 3100 1871
986 3065 1032 3106 11,
1049 3069 1094 3100 42
1115 3077 1161 3099 55.
