2175 3382
958 84 1013 116 est-
1030 82 1216 126 legitimus
1869 87 1951 129 189

221 211 377 247 tantum
400 207 601 257 evangelia
621 206 850 254 recipienda.
863 211 879 229 «
924 205 1009 242 Huc
1031 205 1148 241 etiam
1170 204 1342 252 pertinet
1362 202 1393 256 12)
1419 217 1498 241 can.
1530 211 1576 244 12
1602 217 1704 246 conc.
1728 206 1930 252 toletan
1941 207 1956 246 1

222 282 254 306 a.
280 274 383 308 447:
420 266 489 311 ‚Si
511 266 599 314 quis
621 265 763 302 dixerit
784 265 847 302 vel
869 264 1075 302 crediderit
1099 263 1194 300 alias
1218 262 1442 310 scripturas,
1470 266 1624 311 praeter
1655 277 1752 312 quas
1786 265 1955 303 Ecclesia

223 326 409 365 catholica
428 325 580 374 recipit,
604 324 646 361 in
667 324 899 361 auctoritate
921 321 1117 360 habendas
1140 322 1203 358 vel
1226 333 1310 358 esse
1332 322 1584 367 venerandas,
1610 323 1653 359 Α.
1678 324 1741 362 S,«

346 404 438 437 171.
482 392 754 436 Declaratio
786 404 830 445 p.
862 391 931 433 II.
985 392 1170 437 Quamvis
1211 392 1515 437 demonstratio,
1548 406 1664 440 quam
1697 395 1876 432 dedimus
1909 395 1957 431 de

225 468 369 494 canone
390 454 617 497 tridentino,
642 454 695 491 sit
718 453 854 490 stricte
875 451 1094 501 theologica
1108 454 1147 488 et
1160 451 1435 500 peremptoria,
1459 451 1568 488 decet
1585 454 1715 489 tamen
1729 453 1955 503 theologum

222 515 286 553 via
307 515 426 552 etiam
448 513 660 552 scientifica
681 512 942 560 comprobare,
965 510 1082 547 illum
1103 523 1181 548 non
1201 510 1325 547 solum
1351 510 1604 547 arbitrarium
1627 523 1706 548 non
1728 524 1821 555 esse,
1846 525 1955 549 reve-

222 574 440 621 lationique
461 572 684 622 primitivae
706 583 785 608 non
807 570 1015 614 adversari,
1050 581 1188 607 verum
1220 568 1339 606 etiam
1370 569 1524 606 fidelem
1557 582 1638 606 esse
1669 571 1956 618 expressionem

224 633 335 670 1111115
359 632 459 677 fidei,
493 644 610 679 quam
632 630 798 679 apostoli
819 629 1010 666 Ecclesiae
1041 628 1289 665 tradiderunt
1312 625 1375 679 (cf,
1397 641 1433 664 n.
1462 625 1573 680 128).
1617 628 1739 672 Quem
1771 629 1810 665 in
1841 629 1955 666 finem

222 693 384 729 notetur
405 690 568 728 celebris
591 690 784 727 librorum
808 700 836 725 5.
861 688 1081 736 Scripturae
1103 686 1306 724 distinctio
1328 687 1370 723 in
1392 687 1708 735 protocanonicos
1723 689 1762 724 et
1776 688 1956 725 deutero-

223 750 433 788 canonicos.
477 747 875 786 Protocanonici
896 747 956 783 illi
991 746 1188 790 dicuntur,
1225 745 1270 782 de
1303 758 1471 794 quorum
1505 746 1760 794 inspiratione
1795 759 1864 783 seu
1898 760 1959 783 ca-

222 809 435 847 nonicitate
458 808 683 845 dubitatum
706 806 783 844 fuit
804 818 1020 854 nunquam,
1044 805 1112 853 qui
1126 806 1333 853 propterea
1348 804 1467 841 etiam
1482 805 1713 842 dicebantur
1728 805 1788 851 (cf.
1810 805 1840 842 E
1854 818 1877 842 u
1891 818 1907 842 s
1921 818 1958 842 0-

221 869 358 905 bium
380 868 427 904 H.
450 867 491 904 E.
514 867 583 911 ΠΙ,
611 863 680 919 35)
704 863 1020 919 ὁμολογοῦμενοι
1053 877 1122 902 5011
1143 863 1190 901 ab
1223 864 1405 901 omnibus
1438 863 1607 901 admissi.
1651 865 1875 901 Deutero
1890 877 1958 901 ca-

222 927 397 965 nonici
418 939 509 964 vero
531 926 591 963 illi
611 926 813 967 vocantur,
838 924 885 961 de
907 936 1076 972 quorum
1097 922 1357 971 inspiratione
1381 922 1474 959 olim
1489 923 1593 960 intra
1607 923 1820 960 Ecclesiam
1845 923 1959 960 dubi-

222 987 350 1024 tatum
381 986 459 1023 fuit.
488 985 552 1022 vel
582 997 660 1021 non
692 983 874 1021 omnibus
906 986 1010 1020 certo
1042 982 1254 1026 constabat,
1290 981 1360 1030 qui
1390 984 1597 1030 propterea
1628 994 1706 1019 non
1737 982 1885 1030 ubique
1918 982 1961 1018 in

223 1058 406 1083 canonem
431 1046 525 1082 sunt
546 1044 691 1092 recepti
714 1044 832 1091 atque
854 1042 940 1079 ideo
963 1039 1253 1095 ἀναλεγόμενοι
1287 1041 1526 1078 controversi
1557 1041 1807 1078 vocabantur.
1850 1041 1957 1077 Libri

223 1103 563 1141 deuterocanonici
583 1103 627 1140 V.
651 1103 691 1139 T.
725 1104 838 1139 sunt:
873 1101 1037 1153 Baruch,
1062 1100 1212 1146 Tobias,
1235 1100 1388 1144 Judith,
1414 1099 1626 1148 Sapientia,
1662 1100 1959 1137 Ecclesiasticus

224 1165 263 1200 et
297 1163 374 1200 duo
396 1162 491 1200 libri
511 1162 845 1199 Machabaeorum.
890 1159 1086 1204 Quaedam
1117 1172 1274 1208 quoque
1306 1159 1494 1196 librorum
1520 1161 1650 1207 partes
1683 1159 1960 1196 deuterocano-

223 1223 334 1259 nicae
356 1222 564 1266 habentur,
600 1222 646 1257 ut
669 1220 864 1257 canticum
888 1231 957 1256 seu
978 1219 1149 1268 hymnus
1181 1218 1305 1256 trium
1338 1230 1552 1266 puerorum
1584 1219 1677 1255 Dan.
1704 1225 1739 1263 3,
1766 1224 1959 1258 24-90:

225 1281 390 1318 historia
421 1280 622 1318 Susannae
653 1280 704 1316 ib.
737 1292 766 1317 c.
794 1285 843 1318 13
877 1281 915 1315 et
946 1278 1160 1315 destructio
1182 1277 1268 1314 Beli
1291 1279 1329 1314 et
1353 1277 1533 1314 draconis
1557 1290 1586 1314 0.
1614 1283 1687 1323 143
1711 1278 1852 1314 Esther
1874 1290 1905 1315 a.
1929 1289 1959 1313 c.

233 1348 295 1385 10,
322 1346 476 1386 4—16,
503 1345 568 1379 24.
602 1338 709 1376 Libri
731 1337 1069 1375 deuterocanonici
1091 1337 1138 1377 N.
1162 1337 1202 1373 T.
1226 1339 1338 1374 sunt:
1362 1335 1528 1385 epistola
1548 1336 1661 1373 Pauli
1683 1336 1730 1373 ad
1751 1336 1964 1384 Hebraeos,

227 1412 285 1448 ep.
308 1399 356 1436 ΙΙ.
378 1399 415 1436 b.
438 1398 557 1442 Petri,
580 1398 630 1434 ΙΙ.
662 1400 701 1435 et
723 1397 792 1435 ΠΙ.
824 1409 853 1437 S.
876 1396 1049 1442 Joannis,
1086 1409 1143 1445 ep.
1178 1408 1206 1433 s.
1238 1395 1375 1433 Jacobi
1408 1398 1448 1432 et
1481 1395 1607 1432 dudae
1642 1397 1680 1432 et
1702 1395 1958 1443 apocalypsis.

226 1459 362 1495 Partes
385 1457 756 1495 deuterocanonicae
777 1457 824 1492 N.
848 1456 888 1492 T.
912 1457 1024 1492 sunt:
1048 1455 1153 1492 Vers.
1176 1455 1409 1503 posteriores
1433 1455 1547 1492 Marc.
1576 1461 1623 1494 16
1641 1468 1661 1491 a
1683 1467 1717 1491 v.
1736 1461 1776 1499 9;
1799 1454 1962 1491 historia

228 1517 383 1554 sudoris
406 1516 609 1566 sanguinei
632 1515 775 1553 Christi
796 1515 951 1552 Domini
973 1514 1063 1551 Luc.
1091 1520 1155 1558 22,
1183 1520 1247 1559 43,
1275 1520 1348 1559 44;
1372 1513 1536 1550 historia
1558 1513 1732 1550 mulieris
1761 1513 1960 1550 adulterae

227 1576 338 1613 Joan.
364 1582 399 1620 8,
428 1581 566 1615 2—16
591 1575 681 1612 incl.
724 1575 826 1612 Haec
848 1586 938 1611 vero
961 1573 1235 1622 terminologia
1257 1573 1428 1621 primum
1451 1585 1470 1609 e
1495 1572 1637 1610 Sixto
1660 1572 1813 1609 senensi
1836 1572 1878 1608 in
1891 1584 1959 1609 sua

227 1635 467 1673 bibliotheca
488 1636 621 1672 sancta
651 1633 830 1671 adhibita
861 1633 1042 1680 deinceps
1073 1632 1252 1669 invaluit.
1297 1632 1414 1668 Porro
1442 1633 1488 1668 ut
1518 1633 1651 1668 nostra
1681 1631 1862 1679 probatio
1894 1630 1960 1667 ad-

225 1706 360 1732 versus
381 1695 646 1743 protestantes
679 1694 731 1730 sit
761 1693 888 1741 plena,
924 1691 1188 1728 necessarium
1220 1690 1377 1739 quidem
1408 1690 1508 1727 foret
1540 1690 1754 1735 ostendere,
1787 1690 1963 1739 singulos

225 1754 346 1790 libros
369 1765 515 1790 canone
537 1752 753 1789 tridentino
777 1753 988 1795 contentos,
1024 1750 1066 1787 in
1087 1750 1222 1798 primis
1245 1750 1460 1787 deutero
1474 1750 1718 1786 canonico
1732 1761 1748 1786 s
1780 1746 1889 1801 (nam
1913 1748 1960 1785 de

225 1811 623 1861 protocanonici
638 1823 655 1848 5
676 1811 787 1848 nulla
810 1810 949 1847 saltem
972 1822 1059 1846 cum
1082 1808 1373 1857 antiquioribus
1396 1808 1708 1856 protestantibus
1732 1810 1792 1845 est
1806 1810 1961 1845 contro—

228 1868 372 1924 versia)
390 1872 473 1920 jam
499 1870 546 1908 ab
569 1869 855 1918 antiquissimis
878 1868 1121 1917 temporibus
1153 1868 1308 1905 habitos
1339 1867 1460 1904 fuisse
1491 1879 1561 1915 pro
1593 1867 1808 1914 inspiratis.
1852 1866 1961 1903 Com-

226 1930 367 1979 pendio
389 1933 521 1967 tamen
544 1929 761 1973 studentes,
798 1928 1043 1977 argumentis
1065 1929 1220 1964 tantum
1243 1926 1493 1976 generalibus
1516 1926 1750 1971 evincemus,
1776 1937 1961 1963 canonem

225 1989 490 2027 tridentinum
513 1988 561 2025 ad
583 1988 837 2025 traditionem
859 1987 1113 2036 apostolicam
1136 1998 1216 2023 esse
1239 1988 1427 2023 exactum.

350 2072 443 2113 172.
475 2067 838 2112 Demonstratio
860 2079 905 2121 p.
928 2066 994 2108 II.
1041 2066 1082 2108 1.
1118 2065 1227 2106 Ante
1264 2077 1382 2105 conc.
1417 2065 1703 2113 tridentinum,
1737 2068 1783 2104 ut
1817 2062 1966 2104 ordine

228 2138 631 2190 chronologico
664 2137 959 2185 ascendamus
991 2137 1057 2177 vel
1088 2136 1284 2177 sanciunt
1316 2135 1381 2176 vel
1403 2139 1646 2188 proponunt
1669 2134 1734 2176 vel
1757 2146 1840 2187 qua
1864 2146 1963 2185 cog-

227 2210 361 2250 nitum
382 2208 569 2250 referunt
590 2210 703 2250 hunc
726 2220 956 2250 canonem:
990 2219 1071 2249 sec.
1095 2206 1184 2250 XV.
1214 2206 1486 2258 Eugenius
1509 2205 1573 2247 IV.
1606 2207 1648 2246 in
1680 2205 1850 2247 decreto
1886 2216 1964 2257 pro
2009 2223 2012 2226 ⁴

227 2279 452 2329 Jacobitis;
486 2292 568 2321 500.
590 2280 673 2324 XII.
698 2280 846 2321 Petrus
878 2278 1106 2319 blessensis
1139 2278 1190 2318 de
1223 2277 1429 2318 divisione
1461 2281 1500 2317 et
1533 2275 1809 2328 scriptoribus
1832 2275 1870 2316 ll.
1895 2287 1963 2315 sa-

229 2363 419 2399 crorum;
449 2363 531 2395 500,
555 2350 620 2391 XI.
643 2351 734 2392 Ivo
758 2354 919 2391 carnot.
942 2349 984 2389 in
1007 2349 1116 2392 decr.
1140 2347 1205 2397 VI,
1228 2351 1306 2397 613
1331 2359 1413 2390 500.
1436 2347 1501 2390 IX.
1527 2345 1864 2388 Theodulfus
1888 2357 1964 2386 au-

229 2421 477 2462 relianensis
499 2422 542 2462 in
563 2420 693 2473 praef.
716 2420 952 2473 praemissa
974 2418 1111 2459 bibliis
1127 2418 1207 2474 (Mi
1219 2431 1254 2469 g.
1274 2421 1368 2467 105,
1383 2422 1468 2462 299
1483 2418 1568 2473 ss),
1591 2417 1795 2458 Rabanus
1818 2416 1894 2457 Ma
1908 2429 1966 2456 u-

229 2505 318 2533 rus
353 2492 405 2533 de
436 2492 640 2534 Universo
663 2491 712 2541 V,
748 2496 790 2540 13
826 2491 878 2532 de
909 2491 1035 2531 instit.
1068 2489 1163 2530 cler.
1195 2489 1239 2538 Il,
1272 2492 1348 2537 5&
1381 2487 1645 2529 Nicolaus
1676 2488 1702 2528 I.
1735 2499 1795 2539 ep.
1823 2491 1876 2530 75
1912 2486 1964 2527 ad

231 2563 355 2615 episc.
371 2561 553 2604 Galliae:
577 2575 659 2604 sec.
673 2562 775 2603 VIII.
801 2560 986 2603 Leo„.lII.
1009 2561 1053 2601 in
1075 2560 1246 2601 decreto
1270 2560 1381 2601 edito
1407 2571 1432 2600 a
1452 2558 1785 2599 Blanchinio
1808 2558 1851 2597 in
1874 2557 1964 2597 vin-

230 2633 350 2674 diciis
373 2645 465 2674 can.
481 2632 793 2686 Scripturarum
820 2633 880 2689 (in
903 2644 986 2685 quo
1009 2635 1285 2672 recensentur
1305 2630 1401 2671 libri
1423 2629 1798 2671 deuterocanonici
1813 2627 1858 2670 V.
1875 2627 1965 2670 T.):

231 2715 312 2744 500.
335 2702 415 2747 VII.
439 2704 690 2750 Isidorus
713 2703 860 2756 hispal.
876 2701 1051 2755 Etymol.
1066 2701 1131 2750 VI,
1158 2705 1202 2749 1;
1226 2702 1277 2742 de
1301 2702 1399 2744 0001.
1425 2700 1571 2741 officiis
1594 2700 1619 2749 I,
1647 2704 1695 2743 11
1722 2703 1823 2747 010.,·
1845 2697 1960 2738 511-

378 2835 400 2873 1)
419 2832 471 2867 Cf.
490 2833 564 2867 alia
583 2834 730 2877 patrum
749 2832 858 2866 effata
877 2842 998 2875 opusc.
1018 2830 1078 2871 IX,
1101 2831 1142 2864 19
1161 2841 1218 2869 55.,
1246 2829 1380 2873 quibus
1409 2829 1500 2863 adde
1529 2830 1551 2863 Z
1565 2839 1584 2862 o
1598 2829 1681 2862 sim
1695 2839 1717 2861 u
1730 2839 1765 2860 m
1794 2837 1846 2869 ep.
1869 2829 1887 2859 2
1920 2824 1964 2857 ad

232 2885 342 2929 episc.
361 2885 506 2919 Africae
525 2898 560 2919 n.
580 2889 601 2920 8
620 2887 756 2931 (opusc,
775 2884 904 2925 XVIll,
928 2888 1025 2926 120);
1056 2883 1296 2918 Isidorum
1315 2882 1410 2925 hisp.
1430 2882 1587 2926 Etymol.
1608 2882 1629 2916 1.
1650 2883 1670 2914 6
1691 2892 1719 2914 c.
1740 2883 1759 2913 2
1778 2891 1812 2912 11.
1834 2880 1893 2915 52;
1921 2877 1965 2910 (lt³

231 2938 315 2972 eccl.
334 2937 462 2972 officiis
480 2939 502 2973 1.
527 2943 542 2972 1
563 2942 648 2973 0.1]
673 2937 963 2977 n.3;Bedani
981 2948 1036 2981 ep.
1058 2940 1119 2975 10;
1148 2936 1261 2970 libros
1281 2936 1530 2969 carolinos
1549 2935 1571 2971 1,
1595 2939 1609 2968 1
1631 2944 1658 2967 0.
1680 2935 1699 2967 6
1719 2934 1753 2966 et
1773 2931 1961 2964 Petrum

233 3000 311 3025 ven.
329 2991 369 3024 in
385 2993 430 3027 tr.
451 2992 581 3025 contra
598 2991 826 3025 Petrobiuss.
846 2991 950 3035 Mig.
972 2992 1049 3031 189,
1068 2991 1139 3025 738
1157 3001 1200 3022 55.
1239 2988 1288 3022 Cf.
1310 2988 1337 3022 G
1350 2989 1450 3022 rets
1463 2999 1508 3021 er
1535 2988 1639 3021 tract.
1659 2986 1702 3019 de
1722 2982 1967 3028 agnoscendis

233 3042 428 3087 Scripturis
448 3044 558 3077 sacris
577 3054 604 3077 c.
623 3046 645 3077 8
665 3053 748 3087 opp.
767 3045 794 3078 t.
812 3043 909 3077 VHI.
925 3067 930 3072 .
