2175 3382
822 135 957 179 agendi
977 146 1060 169 cum
1079 135 1287 171 incredulis.
1834 140 1913 182 117

190 259 324 303 undat,
358 259 504 307 quique
530 260 618 307 post
649 259 874 295 diuturnam
915 259 1210 306 accuratamque
1253 259 1430 297 veritatis
1471 260 1767 307 inquisitionem
1808 260 1914 297 illam

189 321 281 355 sunt
311 317 491 366 amplexi,
525 320 682 354 strenue
710 318 1022 366 propugnarunt,
1056 330 1237 366 magnam
1261 318 1562 355 consolationem
1585 332 1628 356 ea
1648 319 1801 368 cognita
1822 321 1916 356 sunt

188 377 318 425 adepti
341 376 545 424 cordisque
567 388 709 425 pacem.
733 373 777 416 (l,
794 374 1062 421 Scandala,
1086 388 1186 423 quae
1207 390 1285 413 non
1308 377 1450 413 desunt
1470 377 1572 414 inter
1586 378 1802 424 catholicos,
1826 378 1916 415 data

189 435 308 472 etiam
331 448 353 472 a
374 435 650 481 sacerdotibus,
679 433 867 483 episcopis
889 435 972 477 etc„
996 434 1141 480 quibus
1163 439 1412 484 opponantur
1432 437 1492 472 tot
1515 437 1649 481 sancti,
1681 439 1741 473 tot
1762 436 1914 474 missio-

188 494 298 539 narii,
341 494 504 543 piissimi
535 493 624 539 viri,
657 494 837 543 generosi
862 492 1028 540 juvenes
1060 496 1099 530 et
1128 493 1296 531 feminae
1328 494 1452 531 omnis
1485 494 1724 539 conditionis,
1765 496 1914 539 aetatis,

189 553 370 598 nationis,
395 553 463 601 qui
489 553 683 590 virtutum
705 551 880 601 exempla
901 550 1090 598 praebent
1111 553 1228 590 etiam
1250 553 1410 590 heroica.
1436 553 1523 590 Non
1544 556 1806 602 pernegentur
1826 566 1915 602 per-

188 612 371 649 tinaciter
392 613 527 649 contra
547 624 701 649 omnem
724 609 908 648 historiae
930 608 1047 647 fidem
1070 610 1166 662 (nisi
1187 613 1327 660 agatur
1341 612 1386 648 de
1401 623 1491 649 casu
1505 612 1661 660 speciali
1676 615 1777 649 certe
1791 612 1914 665 falso),

188 671 255 708 sed
278 672 514 708 excusentur
536 670 738 707 hominum
762 668 987 720 fragilitate,
1011 672 1233 718 temporum
1257 670 1480 707 conditione
1502 674 1592 715 ete,
1617 683 1695 707 non
1709 671 1811 708 enim
1827 684 1914 709 con-

189 733 268 767 stat
288 730 461 767 Ecclesia
482 730 643 779 angelis,
680 742 807 778 neque
829 739 898 777 pro
920 726 980 763 his
1002 733 1058 766 est
1082 729 1275 766 instituta.
1320 729 1371 766 Cf.
1395 729 1723 778 Augustinus
1747 730 1792 766 de
1814 732 1914 767 cate-

186 789 277 828 chiz.
302 789 387 826 rud.
411 801 440 826 c.
467 796 500 829 Τ.

309 857 346 899 7.
371 858 444 903 Qui
475 859 569 896 alios
600 859 647 896 ad
678 859 792 896 fidem
815 859 970 896 allicere
1000 859 1156 904 nititur,
1188 859 1362 896 abundet
1383 859 1656 896 credibilitatis
1679 860 1835 897 motivis
1858 860 1915 908 ip-

189 930 321 956 sorum
360 919 491 967 captui
521 918 832 963 accommodatis,
873 930 1040 966 quorum
1069 918 1240 967 plurima
1268 918 1439 966 reperiet
1470 918 1511 955 in
1541 930 1675 955 eorum
1705 918 1808 964 vitis,
1850 919 1916 967 qui

189 990 297 1015 suam
329 977 376 1014 ad
407 977 522 1014 fidem
555 979 843 1015 conversionem
873 977 1182 1026 descripserunt3
1219 976 1301 1014 scil.
1324 977 1427 1025 apud
1450 978 1730 1014 Rosenthal
1754 978 1915 1014 Conver-

188 1036 422 1073 titenbilder
443 1039 484 1073 et
505 1036 536 1073 R
549 1048 658 1073 aess
680 1036 751 1073 Die
773 1037 1024 1074 Convertiten
1047 1036 1122 1074 seit
1143 1036 1211 1073 der
1231 1035 1505 1076 Reformation.

306 1105 349 1147 8.
373 1106 514 1144 Caveat
535 1120 584 1144 ne
606 1107 647 1144 in
669 1107 934 1156 disputatione
956 1107 1003 1144 ab
1025 1120 1104 1144 una
1125 1107 1354 1156 quaestione
1375 1107 1575 1144 transiliat
1597 1107 1644 1144 ad
1659 1108 1785 1153 aliam,
1809 1110 1915 1145 ante-

187 1178 303 1214 quam
326 1166 433 1214 prior
454 1166 501 1203 ad
523 1166 722 1214 liquidum
745 1166 797 1203 sit
817 1166 1024 1215 perducta:
1053 1167 1124 1203 hoc
1145 1165 1247 1202 enim
1271 1166 1428 1215 signum
1451 1168 1511 1203 est
1532 1166 1704 1203 levitatis
1727 1168 1766 1203 et
1787 1167 1916 1215 dispu-

186 1224 352 1262 tationis
384 1225 601 1262 utilitatem
633 1237 786 1262 omnem
823 1225 963 1274 perdit.
1005 1224 1224 1262 Incredulis
1256 1225 1482 1274 contingere
1513 1225 1622 1269 solet,
1665 1226 1768 1273 quod
1796 1227 1917 1263 oculis

188 1284 327 1332 aegris,
361 1284 429 1332 qui
460 1284 546 1332 ipsa
576 1285 662 1321 luce
693 1284 968 1329 offenduntur,
1000 1297 1115 1332 quam
1149 1284 1198 1321 ob
1229 1297 1311 1321 rem
1333 1284 1364 1321 si
1385 1284 1528 1321 veritas
1548 1284 1644 1333 ipsis
1666 1284 1805 1333 incipit
1825 1285 1917 1322 illu-

187 1354 346 1386 cescere,
372 1343 507 1380 statim
530 1343 606 1380 alio
629 1345 865 1380 convertunt
885 1343 1030 1380 mentis
1053 1343 1416 1387 considerationem,
1440 1355 1488 1380 ne
1511 1355 1555 1380 ea
1575 1343 1691 1380 inviti
1708 1343 1917 1392 capiantur.

187 1402 293 1438 Bene
327 1402 373 1438 de
404 1402 464 1438 his
497 1402 635 1439 scribit
656 1402 895 1439 Hilarius
918 1402 960 1439 in
983 1403 1044 1439 Ps.
1074 1410 1087 1441 1
1115 1415 1153 1438 n.
1180 1408 1222 1441 2:
1256 1402 1434 1446 „Horum
1465 1414 1578 1439 omne
1600 1402 1801 1440 consilium
1824 1402 1916 1440 fluc-

186 1463 316 1506 tuans,
342 1461 536 1498 incertum
559 1463 598 1498 et
613 1474 757 1511 vagum
780 1463 849 1505 est,
873 1463 913 1498 et
934 1461 975 1498 in
997 1461 1145 1498 eisdem
1168 1463 1207 1498 et
1228 1473 1296 1509 per
1317 1460 1451 1498 eadem
1473 1461 1555 1498 sine
1578 1461 1659 1498 ulla
1681 1461 1918 1498 consistendi

191 1519 358 1557 statione
381 1519 566 1564 defertur,
598 1531 677 1557 non
709 1520 811 1557 enim
833 1521 942 1558 tenet
963 1520 1122 1557 modum
1145 1519 1384 1557 definitionis
1405 1520 1609 1569 alicujus«
1652 1520 1916 1557 Insistendum

189 1578 314 1627 igitur
336 1580 406 1624 est,
431 1581 477 1616 ut
499 1581 689 1628 cogantur
709 1579 835 1624 fateri,
860 1591 900 1616 se
922 1580 985 1616 vel
1006 1591 1153 1616 errasse
1173 1579 1234 1616 vel
1257 1579 1423 1628 amplius
1443 1579 1675 1628 respondere
1696 1592 1775 1616 non
1796 1592 1916 1628 posse.

305 1647 350 1690 9.
374 1650 595 1687 Cavendum
628 1652 799 1688 ceterum
831 1652 899 1696 est,
931 1663 980 1687 ne
1010 1650 1100 1687 illos
1122 1650 1240 1687 nimis
1263 1650 1493 1687 festinanter
1513 1650 1561 1687 ad
1582 1649 1696 1687 fidem
1717 1650 1917 1698 impellere

187 1720 231 1745 ac
264 1709 373 1756 quasi
411 1721 545 1758 cogere
568 1709 745 1753 velimus,
780 1709 846 1746 sed
878 1709 1071 1758 patientia
1101 1711 1159 1746 est
1181 1721 1289 1758 opus,
1321 1709 1563 1758 pedetentim
1583 1709 1792 1746 inducendi
1815 1710 1917 1746 sunt.

189 1767 471 1805 lnculcandum
502 1768 597 1816 ipsis
629 1770 698 1814 est,
731 1768 846 1805 fidem
869 1768 1016 1805 donum
1038 1780 1122 1805 esse
1145 1768 1226 1813 Dei,
1260 1768 1439 1816 quocirca
1460 1768 1571 1805 enixe
1593 1780 1662 1816 pro
1685 1768 1773 1806 fidei
1794 1768 1919 1817 gratia

188 1827 380 1864 orandum
402 1839 494 1872 esse,
518 1826 761 1875 firmiterque
784 1827 858 1864 sibi
879 1826 1150 1875 persuadeant,
1173 1839 1250 1864 non
1273 1839 1312 1864 se
1334 1826 1499 1876 gratiam
1521 1826 1692 1864 facturos
1714 1828 1792 1864 Deo
1814 1827 1918 1875 ejus-

190 1897 266 1933 que
288 1885 491 1931 Ecclesiae,
525 1885 558 1923 si
591 1887 878 1934 amplectantur
909 1885 1023 1923 fidem
1045 1886 1294 1923 catholicam:
1328 1885 1395 1923 sed
1417 1887 1545 1923 totum
1566 1886 1808 1923 commodum
1829 1885 1918 1922 inde

191 1944 402 1981 oriundum
425 1957 541 1982 suum
571 1945 655 1981 fore
677 1945 830 1993 sibique
853 1957 898 1982 ex
920 1945 1033 1982 corde
1056 1945 1201 1994 gratias
1224 1957 1307 1982 esse
1329 1945 1508 1994 agendas,
1540 1945 1645 1993 quod
1667 1946 1769 1982 Deus
1791 1957 1854 1982 eos
1878 1945 1918 1981 in

193 2016 401 2041 numerum
422 2003 593 2041 filiorum
616 2004 784 2052 recipere
807 2003 1004 2053 dignetur.

314 2093 405 2127 103.
440 2083 669 2129 Scholion
702 2085 974 2139 praetissum
1005 2085 1071 2128 II.
1125 2087 1432 2136 Copiosissimam
1473 2088 1700 2125 concionum
1750 2089 1919 2136 segetem

192 2145 356 2195 praebet
376 2145 582 2195 religionis
605 2146 835 2184 christianae
858 2147 1048 2196 apologia.
1075 2146 1252 2184 Sufficiet
1272 2146 1437 2184 subinde
1459 2147 1588 2183 theses
1610 2146 1673 2184 vel
1694 2147 1920 2195 argumenta

192 2204 286 2241 stilo
310 2205 482 2242 oratorio
504 2205 799 2254 aliquantulum
821 2206 999 2243 evolvere
1021 2207 1061 2242 et
1081 2206 1200 2243 utiles
1222 2205 1384 2242 habebis
1408 2217 1601 2243 sermones
1624 2205 1671 2242 ad
1694 2204 1919 2242 confirman-

194 2263 264 2301 dos
286 2263 329 2301 in
350 2263 425 2300 fide
448 2264 647 2302 auditores
671 2266 710 2301 et
732 2265 774 2301 in
795 2264 920 2313 ipsius
942 2264 1031 2301 fidei
1053 2264 1439 2302 commendationem.
1481 2264 1541 2301 lta

311 2319 352 2362 I.
376 2322 504 2360 elucet
525 2325 564 2360 et
586 2323 848 2372 sapientia
882 2325 921 2360 et
949 2323 974 2360 b
988 2323 1158 2360 onitas
1180 2323 1250 2361 Dei
1273 2323 1315 2359 in
1336 2322 1422 2371 ipsa
1444 2322 1700 2360 revelatione:
1733 2321 1921 2371 sapientia

193 2381 286 2429 quia
315 2381 502 2418 revelatio
533 2382 702 2419 humano
731 2382 864 2431 generi
886 2382 980 2419 adeo
1003 2384 1060 2419 est
1091 2382 1483 2426 accommodata;
1515 2381 1682 2426 bonitas,
1716 2381 1807 2428 quia
1828 2381 1921 2418 adeo

191 2440 266 2488 ipsi
287 2440 451 2477 utilis.

312 2495 353 2539 l.
377 2499 552 2536 Primum
574 2500 754 2537 ostendes
777 2500 812 2536 si
833 2499 1011 2548 patribus
1032 2499 1309 2548 praeeuntibus
1331 2511 1471 2548 urgeas

370 2567 411 2598 a.
436 2558 613 2596 homines
636 2569 806 2596 omnes
827 2559 1012 2607 pleraque
1035 2558 1180 2595 discere
1194 2558 1257 2595 via
1278 2557 1524 2595 auctoritatis
1547 2561 1586 2595 et
1607 2558 1706 2603 fidei,
1728 2557 1920 2604 fidemque

193 2629 275 2654 esse
297 2617 410 2654 velut
440 2617 613 2665 primum
643 2629 819 2666 gressum
848 2617 890 2654 in
912 2617 1019 2654 omni
1041 2616 1293 2654 institutione
1315 2616 1362 2654 ad
1385 2617 1568 2654 scientiae
1590 2616 1918 2658 consecutionem3

368 2673 414 2716 b.
426 2688 470 2713 6ο
482 2675 673 2713 tutiorem
684 2688 766 2713 esse
779 2676 1065 2722 auctoritatem,
1082 2676 1144 2713 cui
1154 2675 1366 2720 credamus,
1382 2688 1459 2724 quo
1471 2675 1586 2713 altior
1605 2687 1648 2712 ea
1667 2675 1735 2719 sit;
1758 2674 1919 2721 ideoque

369 2744 408 2774 (3.
431 2735 767 2772 consultissimum
789 2747 873 2772 esse
905 2734 1072 2771 humano
1103 2734 1248 2784 generi,
1280 2734 1311 2771 si
1333 2735 1435 2771 Deus
1457 2734 1539 2783 ipse
1560 2734 1659 2771 illud
1681 2746 1751 2781 per
1772 2732 1917 2769 revela-

370 2793 519 2830 tionem
541 2793 688 2831 doceat.

311 2849 353 2892 2.
375 2852 558 2890 Alterum
589 2852 755 2898 evinces,
788 2852 1035 2889 revelationis
1067 2851 1149 2889 scil.
1180 2851 1409 2896 utilitatem,
1443 2852 1475 2888 si
1506 2851 1696 2895 ostendas,
1729 2848 1918 2897 quomodo

194 2922 263 2959 per
295 2922 379 2947 eam
409 2910 589 2948 homines
622 2920 664 2950 a.
689 2911 792 2947 cito
825 2910 972 2958 absque
999 2910 1142 2955 labore,
1175 2908 1222 2950 b.
1245 2912 1360 2947 tuto
1382 2910 1526 2958 absque
1549 2909 1676 2953 dubio,
1711 2918 1749 2948 c.
1772 2908 1918 2955 plene

196 2971 388 3016 quantum
409 2969 486 3005 erit
508 2969 767 3007 necessarium
789 2969 835 3005 de
857 2969 1082 3006 necessariis
1104 2969 1153 3006 ad
1175 2969 1342 3006 salutem
1364 2968 1606 3006 edoceantur.
1641 2967 1744 3010 Quae
1766 2965 1917 3003 utilitas

197 3029 352 3072 crescet,
387 3026 421 3064 si
451 3027 638 3065 revelatio
670 3028 942 3077 complectitur
970 3028 1167 3076 mysteria.
1208 3027 1481 3076 Mysteriorum
1513 3026 1615 3063 enim
1646 3024 1841 3068 revelatio,
1873 3026 1917 3060 ut

197 3085 437 3123 ostendimus
460 3098 497 3123 n.
523 3092 558 3131 8,
582 3086 693 3124 utilis
715 3088 773 3124 est
793 3085 1059 3136 negative,
1083 3086 1328 3135 positive,
1352 3085 1589 3134 practice.
