2175 3382
176 152 265 187 3301)
377 143 494 176 'Fi-aet.
516 142 575 175 lll.
596 141 646 175 De
666 140 839 174 Ecclesia.
863 139 1100 183 Philosophia
1119 139 1334 183 magisterio
1357 138 1449 172 Ecvl.
1468 145 1521 172 est
1541 137 1710 172 obnoxia.
2146 0 2173 183 Ξ

0 229 454 337 &wi-elationis
476 262 634 300 fructus
658 272 682 300 a
706 259 792 300 Deo
818 260 1002 300 intentus
1024 258 1236 304 consistit;
1271 270 1313 301 c.
1350 257 1404 298 ad
1437 257 1708 298 veritates
1745 262 1787 299 et
1821 269 1916 298 no·
2163 283 2174 302 ,.

0 316 98 373 ἃ
182 334 383 377 tiones,
415 331 565 384 quibus
598 330 762 381 negatis
791 329 858 370 vel
891 329 932 370 in
965 328 1139 370 dubium
1171 329 1334 369 vocatis
1360 329 1451 380 ipsa
1473 327 1675 369 revelatio
1699 341 1726 368 n
1761 329 1918 411 taQ
2164 322 2173 382 3

0 386 155 445 w
184 403 382 443 veritates
405 401 618 442 revelatae
642 401 719 441 rite
742 400 1219 479 enun‘issffleflufiunt3
1250 400 1293 443 d.
1317 341 1827 451 {dmm
1850 363 2119 474 re-pff
2167 387 2173 414 Ἰ·

0 452 403 583 ᾗιῶθὶὲἒςὲιε
426 459 478 512 ad
502 471 559 511 vit
656 449 838 512 m3‘fe‘s⁴‘
830 482 882 512 ue
970 482 1038 511 ma
1072 482 1133 519 OS,
1165 482 1265 511 nam
1289 482 1340 511 ea
1393 446 1944 511 ormae‘fnstiffffi'iffifff?
2163 480 2166 491 ¹

0 548 77 605 ζ
95 532 138 587 ‘5‘
180 530 237 584 no
272 556 305 583 is
327 483 847 583 esffiffiss‘fiqas‘effindum
872 553 923 582 ea
990 541 1120 582 vitam
1145 541 1415 582 instituamus
1434 542 1477 595 1).
1519 539 1707 582 Ecclesia
1729 552 1842 593 ergo,
1874 545 1919 581 ut

4 613 118 670 ”m
187 614 330 654 omnia
361 614 507 665 paucis
542 613 887 665 complectamur,
922 611 1149 653 infallibilis
1184 614 1349 653 censeri
1383 611 1511 653 debet
1544 612 1672 652 etiam
1708 611 1821 652 circa
1856 622 1920 659 ea,

0 663 290 756 fflae
332 684 820 736 praesuppositive
863 683 928 724 vel
971 684 1421 724 concomitanter
1455 683 1519 724 vel
1555 681 1919 723 consecutive
2168 700 2175 744 ᾗ

0 779 85 797 nm-
181 769 234 808 gn.
261 757 363 809 507)
388 755 535 795 intimo
558 766 670 795 nexu
693 767 789 795 cum
813 754 1074 795 revelatione
1096 754 1701 826 cohaererffiw
1727 727 2035 782 “VM
2161 738 2175 805 ’ξ

0 812 149 840 »νων-’.μ-
1196 824 1278 841 wav-

302 837 716 949 27502370133221:
752 837 791 891 1.
824 837 838 877 Ι
870 850 889 877 s
943 836 1105 891 philoso
1133 836 1205 878 hia
1237 849 1318 876 non
1379 835 1745 914 enitzffnbtracta
1768 835 1920 880 censeri
2172 837 2175 851 ¹

184 884 300 951 ‹fgffet
329 922 398 950 ma
430 894 796 973 isterssff-kceles‘z‘ffe
806 849 1920 1020 fflrffifflmffmlffi
2172 893 2175 944 ἶ

42 1037 46 1040 Δ
178 965 330 1052 4εξΐῐῖιῖῢί
346 964 478 1051 ἓξὲξ).
505 983 578 1028 11;
621 979 831 1029 ‚Ecclesia
862 991 949 1020 non
972 950 1237 1034 ἒλᾶἶῧῐῂωῐλῖὸᾜ
1297 989 1319 1018 e
1379 982 1394 1018 t
1424 978 1436 1018 i
1497 943 2098 1030 philosophiamw
2173 978 2175 1033 j

0 1032 123 1106 :2⁰
160 1063 312 1104 ¹quam
336 1021 1727 1102 a-nimaffieffirfflimss'effipsifismpmare
1754 1058 1921 1089 errores
2173 1035 2175 1058 ⁴

0 1110 171 1180 W,
99 1149 108 1178 ι
161 1148 171 1177 t
181 1123 303 1175 eique
338 1121 587 1175 relinquere.
629 1127 671 1162 ut
708 1122 800 1174 ipsa
835 1133 879 1162 se
917 1097 1146 1172 corrigat?
1196 1118 1433 1161 Concilium
1468 1131 1569 1160 vero
1605 1119 1921 1160 vaticanum

0 1182 282 1237 w-b‘d‘s‘ess
307 1198 332 1238 3
355 1205 446 1246 cap.
469 1198 496 1237 4
519 1193 570 1234 de
592 1193 658 1235 fid.
685 1198 726 1234 et
748 1197 844 1236 rat:
885 1192 1043 1243 „Porro
1066 1191 1267 1240 Ecclesia,
1298 1202 1407 1244 quae
1439 1203 1525 1232 una
1556 1203 1654 1231 cum
1685 1189 1920 1242 apostolico

4 1262 105 1303 ο-ῑῖι,
183 1276 360 1306 munere
376 1264 556 1305 docendi
572 1264 826 1305 mandatum
844 1264 1030 1316 suscepit
1045 1262 1140 1304 fidei
1154 1263 1393 1315 depositum
1409 1260 1684 1310 custodiendi,
1703 1261 1772 1314 jus
1794 1261 1922 1302 etiam

0 1318 223 1390 ᾗῖἳῖζθῑ
259 1335 440 1376 officium
464 1334 662 1376 divinitus
684 1334 815 1376 habet
836 1335 930 1375 falsi
952 1334 1136 1375 nominis
1159 1334 1382 1374 scientiam
1405 1331 1712 1386 proscribendi,
1744 1343 1798 1373 ne
1828 1331 1922 1390 quis

0 1412 134 1436 Μ
183 1407 419 1458 decipiatur
449 1417 525 1458 per
555 1405 869 1458 philosophiam
902 1410 943 1446 et
975 1406 1146 1446 inanem
1177 1404 1389 1445 fallaciam
1422 1402 1600 1459 (Coloss.
1637 1407 1675 1452 2,
1708 1403 1764 1458 8).
1807 1401 1922 1453 Qua·
2174 1446 2175 1458 ἵ

183 1482 356 1529 propter
378 1489 527 1517 omnes
547 1477 764 1517 christiani
780 1476 923 1518 fideles
939 1475 1183 1529 hujusmodi
1197 1475 1431 1528 opiniones,
1453 1486 1562 1528 quae
1585 1473 1682 1515 fidei
1703 1473 1923 1514 doctrinae
2173 1465 2175 1514 l

181 1548 428 1589 contrariae
451 1559 545 1588 esse
568 1552 895 1600 cognoscuntur,
926 1548 1116 1588 maxime
1138 1547 1173 1587 si
1195 1545 1249 1587 ab
1272 1545 1460 1587 Ecclesia
1482 1544 1738 1598 reprobatae
1760 1544 1925 1593 fuerint,

184 1630 271 1659 non
301 1617 439 1659 solum
462 1617 741 1670 prohibentur
763 1623 983 1671 tamquam
1004 1618 1213 1671 legitimas
1235 1617 1439 1658 scientiae
1462 1615 1758 1657 conclusiones
1780 1614 1925 1656 defen-

179 1689 296 1738 dere,
328 1689 402 1730 sed
433 1701 509 1741 pro
549 1688 764 1730 erroribus
796 1690 948 1741 potius,
981 1689 1053 1742 qui
1083 1688 1277 1729 fallacem
1309 1687 1499 1729 veritatis
1524 1688 1710 1740 speciem
1740 1698 1844 1739 prae
1876 1697 1922 1727 se

183 1761 333 1802 serant.
358 1759 518 1801 habere
540 1764 738 1801 tenentur
760 1761 969 1803 omnino.“
1025 1758 1270 1801 Sessionem
1301 1770 1403 1799 vero
1425 1758 1542 1799 hisce
1565 1757 1824 1811 gravissimis
1845 1756 1923 1798 ab-

180 1831 305 1872 solvit
328 1830 488 1872 verbis:
526 1830 766 1883 „Quoniam
789 1843 894 1872 vero
917 1831 1021 1872 satis
1043 1843 1131 1871 non
1153 1834 1228 1879 est,
1250 1830 1510 1870 haereticam
1532 1830 1786 1882 pravitatem
1808 1828 1924 1868 devi-

184 1907 290 1950 tare,
321 1903 399 1942 nisi
432 1903 457 1942 ii
481 1914 650 1954 quoque
676 1914 846 1943 errores
869 1902 1088 1954 diligenter
1109 1901 1332 1954 fugiantur,
1364 1900 1435 1953 qui
1458 1900 1511 1940 ad
1533 1899 1649 1941 illam
1669 1899 1763 1952 plus
1784 1899 1925 1940 minus

180 1973 409 2020 accedant;
442 1984 591 2013 omnes
624 1972 749 2014 officii
780 1986 1016 2022 monemus,
1048 1972 1248 2014 servandi
1268 1972 1396 2013 etiam
1421 1971 1747 2012 constitutiones
1778 1976 1820 2012 et
1851 1970 1924 2011 de-

185 2049 313 2091 creta,
336 2043 486 2096 quibus
509 2056 667 2096 pravae
694 2044 903 2097 ejusmodi
925 2045 1158 2097 opiniones,
1183 2055 1292 2097 quae
1314 2042 1437 2084 isthic
1463 2042 1619 2083 diserte
1640 2054 1728 2082 non
1749 2053 1924 2083 enume-

185 2120 343 2163 rantur,
376 2114 429 2154 al)
452 2115 534 2156 hac
557 2128 586 2156 s.
629 2114 737 2156 Sede
769 2116 1034 2168 proscriptae
1056 2119 1099 2156 et
1119 2114 1358 2168 prohibitae
1381 2118 1512 2156 sunt.“
1563 2113 1653 2154 Imo
1686 2125 1777 2154 can.
1801 2115 1828 2156 2
1850 2112 1924 2153 de·
2135 2124 2159 2130 Α

188 2184 296 2225 finit:
335 2184 401 2235 „Si
433 2187 524 2238 quis
556 2186 717 2236 dixerit,
750 2187 994 2239 disciplinas
1025 2187 1237 2227 humanas
1265 2197 1316 2226 ea
1339 2197 1435 2226 cum
1457 2184 1656 2225 libertate
1678 2182 1925 2224 tractandas

180 2267 292 2305 esse,
314 2262 359 2297 ut
382 2268 529 2297 earum
544 2258 816 2307 assertiones,
840 2258 918 2299 etsi
933 2257 1152 2298 doctrinae
1166 2257 1381 2298 revelatae
1399 2256 1689 2303 adversentur,
1703 2260 1925 2307 tamquam
2174 2273 2175 2304 ᾗ

186 2340 314 2368 ‘verae
336 2328 518 2378 retineri,
541 2341 678 2382 neque
704 2329 757 2370 ab
780 2329 967 2370 Ecclesia
988 2328 1196 2382 proscribi
1217 2330 1391 2381 possint,
1413 2328 1460 2370 A.
1483 2325 1546 2368 S.“
2074 2373 2077 2379 ⁴
2174 2326 2175 2364 l

306 2414 508 2451 Praeclare
531 2414 604 2451 hac
626 2415 672 2452 de
697 2428 737 2452 re
760 2415 872 2452 docet
895 2427 997 2453 conc.
1021 2414 1318 2452 coloniense
1351 2428 1382 2452 a.
1410 2420 1518 2455 1860
1542 2413 1605 2451 tit.
1633 2420 1647 2452 1
1678 2424 1707 2450 ο.
1734 2419 1778 2452 6:
1803 2412 1925 2456 »Pro-

184 2473 253 2509 cul
276 2472 396 2509 dubio
418 2473 623 2518 Ecclesiae,
660 2474 839 2522 quamvis
859 2474 1061 2511 naturales
1083 2474 1266 2511 scientias
1286 2486 1366 2511 non
1386 2473 1531 2519 tradat,
1563 2474 1707 2517 tamen,
1741 2471 1835 2519 quia
1863 2482 1925 2507 re-

189 2532 341 2568 velatae
365 2534 496 2569 custos
520 2535 590 2578 est,
611 2533 676 2581 jus
700 2533 889 2582 competit
908 2532 1181 2582 proscribendi
1203 2532 1399 2570 doctrinas
1420 2530 1720 2581 philosophicas,
1743 2542 1841 2578 quae
1862 2529 1927 2566 vel

186 2591 383 2627 revelatae
405 2590 602 2628 doctrinae
626 2592 911 2637 contradicunt,
943 2592 1006 2629 vel
1029 2591 1076 2629 ad
1097 2591 1214 2629 fidem
1234 2592 1275 2629 in
1298 2592 1499 2629 hominum
1522 2589 1662 2627 animis
1693 2589 1925 2626 subverten-

330 2734 354 2777 1)
375 2733 565 2767 Illustrare
584 2734 671 2767 licet
690 2733 976 2768 infallibilitatis
1004 2734 1190 2779 objectum
1218 2734 1506 2779 comparatione,
1533 2742 1606 2776 qua
1623 2731 1742 2765 utitur
1760 2731 1783 2765 S
1799 2731 1851 2765 ch
1863 2741 1881 2765 e
1893 2741 1926 2764 e·

183 2786 206 2820 b
220 2796 238 2820 e
250 2798 272 2819 n
292 2787 311 2831 ξ
332 2791 350 2820 5
369 2799 405 2820 n.
423 2791 465 2820 41
489 2786 535 2820 ad
554 2787 812 2821 declarandum
829 2787 1014 2831 objectum
1031 2787 1289 2821 revelationis:
1321 2787 1392 2826 ,Ut
1411 2787 1575 2830 imagine
1593 2784 1766 2818 sistamus
1783 2783 1926 2817 varium

114 2878 121 2879 ἶ
181 2839 284 2883 quod
308 2839 543 2873 distinximus
561 2839 796 2874 revelationis
816 2840 1009 2884 objectum.
1035 2841 1199 2874 conferre
1216 2838 1304 2874 licet
1321 2839 1529 2873 doctrinam
1547 2838 1590 2872 de
1609 2837 1807 2882 mysteriis,
1831 2845 1926 2881 quae

82 2887 88 2898 '
191 2894 246 2926 est
261 2902 320 2926 res
339 2892 425 2926 fidei
442 2902 508 2937 per
528 2892 798 2933 excellentiam,
816 2902 967 2937 procero
985 2894 1001 2926 t
1012 2904 1029 2926 r
1040 2904 1098 2927 un
1111 2903 1128 2926 c
1140 2904 1160 2927 0
1180 2892 1320 2927 arboris
1338 2891 1592 2930 revelationis:
1622 2891 1795 2925 veritates
1812 2889 1926 2924 ratio-

183 2944 284 2978 nales
303 2944 378 2978 illis
395 2945 653 2989 praeambulas
671 2955 720 2978 ra
733 2945 778 2978 di
792 2945 868 2978 cib
880 2957 902 2979 u
915 2956 950 2982 s:
970 2945 1056 2979 veri*
1066 2948 1144 2979 ates
1162 2944 1379 2979 accessorias
1401 2943 1462 2979 vel
1483 2954 1548 2988 per
1562 2944 1731 2978 accidens
1745 2943 1927 2977 revelatas

184 2999 344 3037 ramis,
363 2997 497 3041 quibus
515 2999 667 3031 truncus
685 2997 928 3033 diffunditur:
955 2997 1130 3032 veritates
1146 2999 1338 3043 practicas,
1363 2996 1448 3031 illas
1470 2997 1702 3041 praesertim,
1724 3006 1819 3040 quae
1845 2995 1926 3029 illa-

182 3051 284 3086 tione
303 3051 547 3096 colliguntur,
565 3051 603 3084 fl
613 3061 634 3084 o
646 3050 686 3084 ri
698 3050 722 3084 b
733 3063 756 3084 u
768 3062 794 3086 s,
823 3062 841 3085 e
869 3049 1003 3094 quibus
1020 3051 1206 3095 prodeunt
1232 3052 1274 3085 fr
1284 3062 1308 3085 u
1319 3061 1338 3085 c
1347 3052 1364 3085 t
1373 3062 1396 3084 u
1408 3063 1424 3085 s
1450 3051 1549 3085 vitae
1576 3051 1806 3086 christianae.
1834 3060 1925 3093 quos

180 3103 279 3138 Deus
299 3115 366 3148 per
383 3103 645 3139 revelationem
667 3104 827 3148 gratiose
847 3103 953 3138 nobis
973 3114 1179 3139 concessam
1196 3104 1391 3139 intendit«
