2175 3382
212 168 297 208 3230
643 162 763 195 Tract.
782 161 844 195 ΙΙΙ.
863 160 913 195 Ι)0
932 161 1100 195 Ecclesia.
1121 160 1248 195 'l'hesis
1267 160 1338 194 XL.
1358 160 1519 195 Ecclesia

209 285 385 333 majusque
410 284 565 320 membri
587 288 830 333 auymentum
865 285 1039 332 corporis
1062 283 1084 320 i.
1108 296 1139 321 e.
1172 284 1234 321 sui
1259 283 1382 332 ipsius
1416 285 1520 331 facit,
1554 283 1837 322 incrementum
1872 285 1947 322 sibi

209 343 443 380 conveniens
465 342 581 391 capit,
610 344 646 379 ἰη
671 343 971 390 aedificationem
993 345 1054 380 sui
1086 344 1125 379 in
1148 344 1319 391 caritate,
1353 345 1393 380 et
1415 343 1470 379 ita
1501 343 1688 392 augescit,
1721 342 1949 382 aedificatur

209 404 248 439 et
269 402 420 451 proficit
443 401 484 439 in
507 401 669 439 caritate
692 402 754 439 vel
776 415 845 450 per
867 402 1082 439 caritatem.
1119 402 1280 440 Gemina
1303 402 1447 439 habens
1469 401 1608 443 coloss,
1635 408 1670 447 2,
1703 409 1773 442 18:
1799 402 1860 439 Ex
1874 415 1948 452 quo

210 459 381 513 (Christo
402 458 547 513 capite)
571 466 688 498 totum
711 473 849 510 corpus
866 474 938 510 per
960 474 1081 498 nexus
1102 466 1133 498 et
1156 462 1433 507 conjunctiones
1454 461 1786 498 subministratum
1807 466 1840 498 et
1859 473 1946 498 con-

207 525 393 557 structum
415 521 546 557 crescit
569 522 607 557 in
629 523 871 570 auymenlum
896 520 967 556 Dei
988 520 1013 556 i.
1036 532 1068 556 e.
1091 533 1135 557 ex
1159 533 1236 569 quo
1260 520 1411 558 Christo
1433 520 1558 568 capite
1581 520 1803 569 dependens
1824 523 1945 566 atque

208 579 400 616 influxum
423 579 613 628 accipiens
636 579 865 616 universum
888 591 1038 627 corpus,
1065 579 1169 626 quod
1192 584 1251 616 est
1274 579 1454 624 Ecclesia,
1479 591 1549 627 per
1562 583 1673 627 aptas
1690 579 1947 617 connexiones

207 639 471 676 membrorum
494 639 755 676 constitutum
777 640 815 675 et
838 641 1082 686 compactum
1105 639 1243 676 crescit
1265 639 1481 676 secundum
1505 639 1628 675 Deum
1652 651 1721 675 seu
1736 641 1947 688 augmento

207 697 339 735 divino
362 700 403 734 et
424 697 624 747 spirituali
645 695 685 749 ¹).

325 781 459 817 Patres
481 792 573 817 vero
594 780 839 838 totieshhunc
861 779 1062 817 vivificum
1085 779 1227 817 Christi
1250 781 1388 829 capitis
1411 781 1453 818 in
1475 781 1647 818 membra
1670 781 1860 818 influxum
1884 792 1947 818 as-

206 842 353 898 serunt,
377 839 530 887 quoties
553 839 702 883 docent
726 838 966 888 quidquidC>
945 838 1091 876 matiae
1114 839 1228 876 nobis
1251 839 1367 884 inest,
1392 852 1435 877 ex
1460 840 1614 878 Christo
1642 840 1683 877 in
1706 852 1777 877 nos
1799 839 1946 877 redun-

206 891 311 936 dare.
318 883 461 942 Quod
491 910 580 935 cum
611 898 968 946 compertissimum
1001 897 1063 941 sit,
1106 898 1271 936 uberius
1303 911 1380 937 non
1412 903 1470 937 est
1500 899 1842 948 comprobandum
1885 899 1946 936 Ita

199 958 281 1006 jam
315 957 569 1006 Origenes
601 956 685 994 adv.
719 957 811 994 Cels.
834 957 899 1001 H,
937 962 990 997 48
1026 957 1182 995 scribit:
1219 958 1434 1002 „Dicimus
1470 971 1515 995 ex
1549 957 1695 995 divinis
1731 957 1945 1006 Scripturis

204 1019 332 1054 totam
354 1016 423 1053 Dei
445 1016 655 1054 Ecclesiam
677 1028 758 1054 esse
781 1016 925 1053 Christi
947 1028 1088 1064 corpus
1111 1029 1132 1053 a
1154 1017 1223 1054 Dei
1245 1017 1345 1054 Filio
1368 1017 1596 1063 animatum,
1621 1017 1795 1055 membra
1809 1018 1941 1054 autem

204 1076 314 1112 illius
337 1075 507 1124 corporis
531 1078 570 1112 et
590 1076 714 1113 totius
738 1087 800 1113 eos
834 1082 916 1112 esse
948 1088 1091 1120 omnes,
1126 1076 1194 1124 qui
1227 1076 1415 1121 credunt3
1451 1077 1637 1125 quoniam
1675 1076 1779 1114 sicut
1812 1076 1944 1113 anima

204 1135 327 1172 vitam
350 1137 389 1171 et
410 1136 561 1172 motum
583 1135 762 1183 impertit
783 1134 948 1183 corpori,
980 1135 1084 1182 quod
1106 1148 1127 1171 a
1150 1135 1279 1183 seipso
1310 1138 1453 1173 natura
1487 1147 1557 1172 sua
1589 1136 1735 1173 moveri
1766 1134 1946 1172 vitaliter

203 1206 282 1231 non
302 1195 452 1242 potest:
487 1194 544 1231 ita
566 1193 738 1231 Verbum
761 1206 899 1242 corpus
920 1195 1051 1231 totum
1073 1206 1141 1231 seu
1163 1194 1374 1232 Ecclesiam
1407 1194 1455 1231 ad
1486 1207 1540 1239 ea,
1574 1206 1675 1243 quae
1706 1191 1942 1243 opus'sunt,

203 1265 362 1291 movens
384 1256 424 1290 et
445 1265 563 1301 agens
585 1253 702 1290 etiam
734 1253 889 1303 singula
921 1253 1095 1290 membra
1126 1265 1271 1299 eorum,
1305 1254 1374 1302 qui
1405 1253 1452 1291 ad
1484 1253 1697 1291 Ecclesiam
1727 1252 1942 1302 pertinent,

202 1314 343 1357 movet,
368 1311 425 1349 ita
445 1315 492 1348 ut
513 1312 613 1349 nihil
634 1312 718 1350 sine
741 1312 866 1350 Verbo
888 1311 1071 1349 faciant«

323 1394 396 1432 Sed
418 1395 546 1432 locum
570 1396 674 1433 hunc
696 1395 835 1433 eximie
857 1396 1061 1433 illustrant
1080 1395 1255 1445 theologi
1278 1396 1441 1441 scholae,
1466 1409 1485 1433 e
1508 1396 1652 1445 quibus
1674 1395 1802 1433 audiri
1819 1396 1945 1432 meret

202 1453 337 1491 doctor
358 1455 572 1503 angelicus,
596 1455 664 1503 qui
685 1455 804 1492 verba
825 1455 940 1492 Pauli
961 1454 1057 1503 Eph.
1086 1462 1118 1499 1,
1147 1461 1197 1495 23
1222 1455 1440 1498 asserentis,
1464 1454 1678 1492 Ecclesiam
1702 1466 1787 1492 esse
1799 1466 1942 1503 corpus

201 1513 343 1550 Christi
365 1516 403 1550 et
419 1514 695 1562 plenitudinem
718 1515 816 1562 ejus,
852 1514 908 1551 ita
930 1513 1123 1563 profunde
1146 1514 1314 1562 explicat
1336 1515 1423 1552 lect.
1449 1520 1493 1554 S:
1529 1513 1768 1559 ,Quaerenti
1800 1525 1870 1551 cur
1899 1513 1942 1550 in

200 1584 358 1621 corpore
378 1573 552 1610 naturali
576 1574 657 1611 sint
677 1576 738 1610 tot
759 1573 935 1611 membra
956 1573 1037 1610 scil.
1059 1585 1210 1619 manus,
1236 1574 1362 1622 pedes,
1387 1586 1428 1611 os
1451 1576 1491 1611 et
1512 1573 1753 1622 hujusmodi,
1777 1584 1939 1621 respon-

200 1631 326 1677 detur,
351 1632 421 1669 1100
443 1644 525 1669 0330
547 1633 646 1678 ideo,
670 1635 717 1669 ut
739 1632 961 1670 deserviant
984 1632 1150 1669 diversis
1174 1632 1470 1681 operationibus
1486 1633 1649 1677 animae,
1673 1645 1841 1681 quarum
1855 1631 1942 1680 ipsa

198 1693 330 1739 potest
351 1703 434 1729 esse
457 1704 571 1729 causa
601 1693 639 1729 et
670 1691 922 1740 principium,
955 1694 995 1729 et
1026 1704 1126 1739 quae
1158 1694 1253 1729 sunt
1282 1692 1431 1729 virtute
1462 1692 1503 1728 in
1535 1691 1640 1740 ipsa:
1674 1704 1765 1728 nam
1798 1702 1938 1740 corpus

198 1749 344 1787 factum
366 1753 425 1788 est
445 1753 605 1800 propter
627 1751 796 1788 animam
819 1754 859 1788 et
879 1762 959 1788 non
980 1763 1000 1788 e
1022 1762 1229 1796 converso;
1253 1751 1357 1788 unde
1380 1750 1596 1788 secundum
1619 1751 1691 1788 1100
1712 1762 1854 1799 corpus
1867 1762 1940 1786 na·

197 1809 326 1846 turale
348 1812 407 1847 est
428 1810 620 1859 quaedam
641 1810 846 1858 plenitudo
868 1810 1019 1847 animae
1043 1809 1106 1863 (cf.
1130 1810 1171 1847 in
1195 1817 1218 1850 4
1242 1810 1333 1847 dist.
1363 1818 1377 1850 1
1405 1823 1437 1847 a.
1462 1816 1484 1849 2
1509 1810 1596 1858 qcla
1624 1808 1675 1861 1).
1717 1809 1806 1847 Nisi
1833 1809 1940 1846 enim

198 1871 329 1905 essent
348 1869 524 1906 membra
545 1882 633 1906 cum
656 1881 815 1918 corpore
830 1869 1030 1918 completa,
1054 1882 1133 1907 non
1147 1873 1277 1918 posset
1302 1869 1429 1906 anima
1457 1881 1546 1906 suas
1562 1870 1808 1918 operationes
1827 1868 1943 1917 plene

197 1940 384 1965 exercere.
428 1928 619 1966 Similiter
639 1929 773 1977 itaque
795 1931 854 1966 est
877 1929 946 1966 hoc
968 1929 1016 1965 de
1039 1929 1193 1966 Christo
1226 1930 1266 1966 et
1288 1929 1335 1966 de
1357 1928 1547 1973 Ecclesia;
1583 1931 1623 1966 et
1654 1928 1747 1976 quia
1770 1927 1943 1965 Ecclesia

197 1991 257 2024 est
278 1987 465 2025 instituta
485 1990 646 2037 propter
667 1988 876 2032 Christum,
911 1988 1058 2025 dicitur
1081 1988 1186 2036 quod
1207 1988 1379 2026 Ecclesia
1410 1992 1470 2025 est
1498 1988 1698 2036 plenitudo
1729 1988 1823 2036 ejus,
1858 1986 1942 2024 scil.

197 2046 341 2083 Christi
371 2047 395 2083 i.
419 2059 450 2084 e.
480 2049 526 2083 ut
556 2047 696 2091 omnia,
731 2060 830 2095 quae
861 2047 1009 2084 virtute
1041 2050 1136 2084 sunt
1166 2047 1209 2084 in
1240 2047 1402 2091 Christo,
1436 2047 1548 2096 quasi
1581 2045 1868 2095 quodammodo
1900 2045 1941 2082 in

195 2105 381 2142 membris
403 2106 530 2154 ipsius
552 2106 745 2143 Ecclesiae
768 2106 1022 2155 impleantur,
1055 2106 1148 2143 dum
1181 2106 1262 2143 scil.
1295 2118 1429 2143 omnes
1462 2118 1601 2143 sensus
1637 2105 1869 2154 spirituales
1901 2107 1944 2142 et

341 2277 363 2317 ¹.)
383 2272 582 2316 Utriusque
599 2275 724 2308 textus
743 2285 924 2308 summam
952 2284 995 2308 ex
1013 2274 1153 2319 graecis
1181 2274 1417 2318 potissimum
1441 2273 1709 2318 interpretibus
1739 2272 1863 2316 Chry
1875 2284 1891 2306 s
1903 2282 1939 2305 o-

195 2326 1112 2372 3101110,Τ11001101010,Τ110οΡΙ1Ῑ10010
1138 2329 1175 2362 et
1194 2327 1484 2362 Oecumenio
1507 2328 1701 2363 collectam
1718 2328 1773 2360 ita
1791 2325 1941 2360 exhibet

195 2378 276 2412 Pet
289 2379 427 2413 avius
454 2380 498 2414 de
515 2378 699 2414 incarnat.
718 2379 795 2420 XH,
817 2382 859 2415 17
877 2384 893 2422 ξ
913 2383 954 2416 8;
992 2379 1333 2422 ,Quemadmodum
1361 2381 1527 2424 corporis
1556 2381 1724 2414 membra
1750 2379 1820 2413 sibi
1847 2378 1940 2413 invi-

194 2441 273 2465 cem
292 2434 461 2466 conserta
479 2434 516 2466 et
532 2434 725 2477 compacta
742 2434 839 2473 sunt,
858 2445 930 2476 quo
949 2433 1002 2474 fit,
1020 2437 1063 2467 ut
1080 2434 1211 2467 vitales
1230 2433 1482 2477 animalesque
1509 2433 1663 2477 spiritus
1683 2443 1751 2478 per
1768 2432 1939 2466 universa

193 2484 308 2518 etiam
326 2486 481 2519 minima
498 2496 666 2530 quaeque
685 2486 850 2520 membra
867 2485 1086 2526 fundantur,
1103 2487 1374 2520 incrementum
1400 2496 1442 2519 ac
1468 2486 1582 2519 robur
1599 2484 1749 2530 singula-
1767 2483 1939 2528 capiant:

193 2536 248 2570 ita
266 2536 401 2572 Christi
420 2548 550 2582 corpus
569 2548 611 2572 ex
631 2539 804 2573 membris
823 2539 898 2573 suis
917 2540 1075 2579 constat,
1095 2549 1190 2583 quae
1208 2539 1370 2583 spiritali
1390 2538 1553 2582 quodam
1571 2549 1668 2572 nexu
1686 2537 1772 2571 fidei
1791 2540 1830 2570 et
1847 2537 1938 2570 cari-

192 2591 282 2624 tatis
301 2590 481 2626 adstricta
499 2592 721 2636 copulantur
738 2603 780 2626 ac
800 2603 923 2626 secum
954 2594 1093 2637 pariter
1110 2592 1307 2626 cohaerent
1327 2593 1363 2626 et
1380 2603 1461 2626 cum
1481 2593 1604 2636 capite
1621 2591 1779 2625 Christo.
1814 2591 1938 2633 Atque

191 2645 231 2678 in
250 2654 399 2689 corpore
418 2647 529 2690 caput
547 2656 744 2680 nervorum
761 2647 874 2680 habet
903 2646 1124 2691 principium
1155 2648 1210 2687 (ut
1236 2647 1341 2690 ajunt
1369 2646 1431 2679 Th
1444 2656 1462 2680 e
1474 2657 1494 2680 o
1506 2646 1528 2679 d
1541 2656 1619 2679 ore
1631 2645 1707 2678 tus
1735 2647 1773 2679 et
1798 2644 1938 2678 Theo-

191 2697 433 2742 phylactu
445 2707 470 2735 s)
490 2698 654 2742 adeoque
673 2699 824 2733 sensiles
845 2699 900 2733 vel
918 2700 1096 2733 animales
1117 2699 1163 2733 ab
1181 2709 1224 2734 00
1252 2700 1354 2733 fonte
1381 2700 1536 2733 manant
1553 2699 1717 2743 spiritua
1744 2697 1808 2742 qui
1825 2698 1866 2732 in
1883 2708 1938 2731 ce-

191 2754 272 2785 tera
290 2751 455 2785 membra
472 2753 621 2785 eatenus
640 2751 909 2792 diffunduntur,
929 2754 1028 2797 quod
1043 2754 1153 2787 certis
1168 2752 1421 2787 commissuris
1439 2755 1476 2786 et
1491 2752 1732 2797 compagibus
1747 2751 1822 2785 sive
1829 2752 1936 2796 junc-

190 2806 285 2839 turis
304 2816 385 2839 cum
403 2805 557 2849 reliquis
576 2807 749 2840 membris
767 2812 805 2841 et
822 2808 901 2851 ipso
919 2808 1139 2852 praesertim
1158 2807 1282 2851 capite
1297 2807 1496 2840 cohaerent
1515 2807 1552 2840 et
1570 2806 1830 2850 coagmentata
1847 2807 1936 2840 sunt

191 2858 338 2903 singula
354 2858 443 2904 (non
462 2859 561 2891 enim
579 2862 749 2902 separata
767 2859 825 2894 vel
843 2860 967 2893 laxata
984 2859 1138 2893 vitalem
1158 2860 1195 2893 et
1214 2858 1412 2893 animalem
1428 2869 1576 2892 succum
1588 2859 1628 2892 in
1643 2868 1723 2892 sese
1736 2858 1934 2903 trajectum

191 2911 376 2957 capiunt-):
396 2910 446 2944 sic
464 2910 503 2943 in
522 2912 676 2954 mystico
695 2911 833 2946 Christi
851 2922 1005 2956 corpore
1024 2914 1078 2946 sui
1100 2914 1186 2946 sunt
1203 2923 1316 2946 nexus
1335 2913 1371 2945 et
1389 2912 1745 2954 coagmentationes,
1761 2922 1827 2955 per
1845 2922 1936 2955 quas

190 2965 287 2998 inter
305 2975 342 2998 se
361 2964 500 2998 sociata
516 2970 552 2998 et
571 2975 692 2998 secum
709 2965 860 2999 invicem
878 2966 983 3000 velut
1000 2966 1238 3010 agglutinata
1265 2964 1434 2998 membra
1463 2974 1548 2998 cum
1578 2965 1699 3009 capite
1712 2965 1934 3010 junguntun

190 3028 256 3052 nec
275 3018 384 3052 aliter
400 3017 584 3051 transfuso
603 3017 649 3051 ab
668 3018 747 3062 ipso
766 3019 885 3063 capite
904 3019 1038 3063 spiritu
1057 3019 1210 3064 ejusque
1227 3019 1264 3053 vi
1281 3020 1317 3052 et
1336 3017 1537 3052 efficientia
1553 3018 1748 3052 viviscunt
1765 3029 1807 3052 ac
1824 3028 1932 3062 vege-

189 3073 316 3104 tantur
344 3072 381 3105 et
406 3071 673 3105 incrementum
701 3071 861 3115 capiunt.
898 3072 1119 3117 Hujusmodi
1140 3072 1360 3116 juncturam
1388 3071 1583 3105 caritatem
1612 3081 1688 3105 esse
1714 3071 1806 3105 dicit
1832 3073 1931 3115 Apo-

191 3122 307 3158 stolus
326 3126 413 3158 eto«

2162 2938 2175 3143 ⁴—....---'-„.*-=
2167 2914 2171 2922 -
