2175 3382
187 157 274 197 494
648 150 767 183 Tract.
786 149 847 185 IV.
866 149 909 183 de
930 149 1009 183 fide.
1029 149 1080 183 De
1102 149 1222 182 dubiis
1241 149 1334 183 circa
1353 147 1474 183 fidem.

188 273 242 313 cf,
266 275 294 310 P
307 286 325 309 e
339 286 355 309 s
369 286 386 309 c
399 273 420 308 h
447 272 548 312 VIII.
561 284 670 320 prop.
685 278 706 310 S
721 285 756 308 n.
778 279 867 311 146.
892 271 1293 309 Reveraintellectum
1309 271 1349 308 in
1360 270 1566 320 hypothesi
1579 271 1923 310 evidentistestifi-

188 332 353 370 cationis
367 331 412 368 ad
437 343 636 368 assensum
661 331 887 368 necessitari
911 334 950 368 et
971 330 1209 379 experientia
1223 332 1391 367 testatur
1407 329 1536 378 quoad
1550 330 1650 367 facta
1662 331 1867 376 naturalia,
1883 334 1925 370 et

189 391 316 439 quoad
332 390 514 427 veritates
525 390 713 427 revelatas
726 402 754 426 s.
771 390 799 426 T
813 390 835 426 h
846 402 866 426 o
879 403 915 426 m
928 403 949 426 a
960 403 976 427 s
994 389 1040 426 de
1053 390 1162 426 verit.
1176 402 1209 436 q.
1229 395 1290 429 14.
1303 403 1333 425 a.
1349 396 1370 429 9
1383 388 1431 425 ad
1444 395 1490 428 4:
1516 414 1532 432 ,
1545 389 1757 427 Daemones
1767 402 1844 428 non
1855 403 1923 429 vo-

190 450 341 486 luntate
364 449 583 486 assentiunt
605 449 674 490 his.
697 461 796 497 quae
819 449 973 486 credere
996 448 1271 489 di‹·untu1·,se=tl
1286 447 1619 485 eoactievidentia
1641 448 1855 498 signorum,
1878 462 1924 487 ex

185 509 333 557 quibus
357 507 615 549 convincitur.
638 521 774 545 verum
797 520 890 548 esse,
916 508 1020 556 quod
1043 508 1176 544 fideles
1200 508 1385 550 credunt3
1419 507 1599 555 quamvis
1622 507 1691 544 illa
1713 507 1825 558 signa
1846 520 1925 546 non

191 568 337 605 faciunt
362 579 545 616 apparere
568 567 619 612 id,
653 567 758 615 quod
781 567 964 611 creditur,
997 572 1043 603 ut
1065 579 1134 615 per
1156 566 1228 604 hoc
1259 566 1412 615 possint
1443 565 1520 603 dici
1551 566 1746 604 visionem
1777 579 1924 614 eorum,

187 639 288 675 quae
311 626 536 672 creduntur,
573 626 725 666 habere.
770 626 878 663 Unde
902 630 941 662 et
964 626 1118 663 credere
1141 625 1414 678 aequivoce
1445 625 1591 662 dicitur
1621 625 1667 663 de
1698 625 1924 665 hominibus

188 685 369 723 fidelibus
392 683 476 738 (qui
501 685 664 723 credunt
687 685 819 725 libere,
845 685 1053 729 meritorie,
1077 684 1313 729 salutariter,
1336 687 1383 721 ut
1404 696 1492 721 mox
1515 696 1542 721 s.
1566 684 1699 722 doctor
1712 681 1924 738 significat)

186 747 229 782 et
251 744 526 782 daemonibus:
561 756 630 781 nec
652 747 712 781 est
734 744 774 781 in
797 744 851 781 eis
874 744 966 781 fides
991 756 1034 780 ex
1058 744 1189 792 aliquo
1211 744 1360 781 lumine
1391 743 1538 793 gratiae
1560 743 1701 788 infuso,
1734 744 1837 782 sieut
1866 749 1926 782 est

191 803 233 840 in
256 803 479 841 fidelibus«
524 804 741 840 Fatendum
764 806 893 840 tamen
916 803 1075 840 videtur
1096 803 1136 840 in
1158 803 1227 840 hac
1249 802 1459 852 hypothesi
1481 802 1748 840 difficultatem
1771 805 1811 841 et
1832 803 1923 840 hinc

190 863 375 900 meritum
398 865 506 899 actus
530 862 619 899 fidei
642 874 730 899 cum
752 862 821 899 illo
845 864 936 899 actu
957 862 1174 899 necessario
1197 861 1478 910 compossibilis
1511 861 1615 899 haud
1637 874 1774 910 parum
1797 861 1925 900 minui

190 919 256 973 (cf.
281 922 397 959 verba
429 934 530 959 conc.
565 921 890 958 coloniensis
921 934 958 958 n.
984 918 1120 973 469²),
1158 920 1237 958 nisi
1269 920 1448 969 specialis
1480 921 1696 958 voluntatis
1726 921 1856 959 fervor
1885 923 1926 959 et

190 981 281 1018 inde
305 981 466 1018 obortus
489 981 599 1030 vigor
621 980 725 1018 vitae
747 980 1013 1018 instituendae
1035 980 1249 1017 secundum
1271 979 1386 1017 fidem
1407 979 1604 1018 defectum
1617 980 1732 1018 illum
1745 980 1927 1030 suppleat

188 1042 229 1076 et
251 1039 384 1077 meriti
417 1039 496 1076 vim
528 1042 679 1089 augeat.
702 1062 758 1066 —
783 1039 993 1083 Quaerit-ur
1014 1037 1057 1079 ,2.
1081 1052 1173 1076 num
1204 1040 1325 1089 aliqui
1352 1039 1556 1077 habuerint
1585 1040 1821 1077 revelationis
1850 1041 1924 1077 evi-

186 1099 357 1136 dentiam
379 1112 413 1135 v.
437 1111 493 1148 gr.
517 1099 552 1135 b.
576 1098 693 1148 Virgo
716 1099 848 1139 Maria,
872 1098 1040 1148 apostoli
1063 1102 1134 1136 etc.
1158 1099 1322 1136 Dubitat
1343 1098 1389 1135 de
1411 1098 1548 1148 Lugo
1570 1098 1620 1136 ob
1642 1110 1752 1136 suam
1774 1099 1925 1148 opinio-

189 1170 289 1202 nem,
314 1158 418 1206 quod
442 1170 485 1195 eo
509 1158 549 1194 in
574 1170 663 1195 casu
686 1170 820 1195 eorum
851 1158 945 1195 fides
976 1170 1055 1195 non
1087 1157 1228 1195 suisset
1259 1158 1383 1195 libera
1413 1159 1453 1195 et
1483 1157 1692 1203 meritoria,
1723 1160 1763 1195 et
1792 1160 1926 1196 tamen

187 1216 364 1254 dubitari
387 1217 537 1264 nequit,
561 1217 703 1254 horum
724 1217 837 1254 fidem
859 1218 978 1254 fuisse
999 1217 1166 1254 maxime
1188 1217 1426 1254 meritoriam
1440 1216 1532 1254 Luc.
1553 1225 1586 1262 l,
1604 1223 1656 1257 45
1674 1231 1683 1262 3
1705 1217 1843 1255 Matth.
1860 1223 1922 1262 16,

197 1283 256 1315 ¹7.
282 1298 338 1303 —
362 1277 566 1313 Maurus
589 1277 715 1325 operis
735 1277 853 1316 theol.
877 1277 915 1313 ΙΙ
936 1277 961 1313 l.
987 1283 1007 1315 7
1033 1289 1068 1324 q.
1099 1283 1175 1316 130
1199 1289 1237 1313 n.
1267 1284 1314 1316 18
1352 1285 1484 1314 censet
1505 1288 1571 1314 eos
1602 1276 1786 1314 habuisse
1816 1289 1924 1314 reve-

189 1335 348 1372 lationis
383 1335 674 1381 inevidentiam,
710 1335 802 1374 hinc
822 1348 957 1373 eorum
979 1335 1095 1372 fidem
1116 1335 1238 1373 fuisse
1262 1335 1356 1372 adeo
1371 1336 1628 1379 meritoriam3
1652 1335 1927 1385 multiplicatis

189 1394 282 1431 dein
303 1394 504 1431 miraculis
527 1395 708 1432 habuisse
730 1395 981 1433 revelationis
1003 1394 1250 1432 evidentiam.
1272 1417 1329 1422 ——
1352 1395 1432 1432 Alii
1464 1407 1556 1432 vero
1580 1394 1811 1444 simpliciter
1831 1406 1924 1433 con-

187 1453 344 1498 cedunt,
368 1453 405 1492 b.
428 1453 641 1503 Virginem,
675 1455 868 1502 apostolos
891 1456 962 1491 etc.
986 1454 1170 1491 habuisse
1191 1454 1441 1491 revelationis
1465 1454 1702 1491 evidentiam
1733 1455 1774 1491 et
1793 1455 1925 1491 tamen

192 1511 314 1549 libere
336 1514 376 1549 et
397 1512 594 1549 meritorie
609 1513 817 1550 credidisse
833 1526 877 1550 ex
892 1513 1040 1550 ratione
1055 1526 1171 1562 supra
1187 1526 1222 1562 q.
1242 1521 1273 1553 1.
1289 1513 1391 1552 data.
1414 1513 1467 1550 Cf.
1490 1513 1643 1550 Pesch
1665 1525 1774 1562 prop.
1789 1512 1925 1551 XXVI.

313 1577 407 1612 478.
431 1568 662 1612 Scholion
684 1570 751 1612 II.
775 1572 943 1610 Dubium
959 1574 1164 1620 positivum
1187 1573 1231 1610 de
1255 1585 1341 1609 vera
1360 1572 1434 1620 fide
1455 1585 1530 1610 non
1543 1577 1596 1610 est
1603 1573 1851 1621 permissum.
1867 1594 1922 1600 -—

192 1630 253 1667 Ad
275 1642 356 1667 rem
379 1630 491 1668 docet
513 1631 725 1668 concilium
747 1631 1047 1669 coloniense
1069 1631 1131 1669 tit.
1162 1640 1175 1671 1
1204 1644 1285 1680 cap.
1311 1638 1355 1671 6:
1390 1631 1662 1681 ,Longissime
1692 1644 1784 1670 vero
1806 1632 1921 1669 aber-

189 1692 281 1726 rant
305 1690 373 1736 qui
394 1690 493 1727 hanc
514 1690 662 1727 homini
686 1690 889 1728 vindicant
910 1691 1144 1736 libertatem,
1169 1693 1215 1728 ut
1235 1690 1352 1728 fidem
1373 1690 1550 1728 divinam
1571 1690 1730 1739 abjiciat
1751 1693 1821 1728 aut
1835 1702 1922 1728 sus-

189 1748 337 1796 pendat
360 1752 606 1786 scrutaturus
642 1750 801 1787 interim
835 1752 1076 1799 argumenta,
1112 1750 1257 1798 quibus
1291 1749 1478 1787 inductus
1511 1750 1562 1787 sit
1595 1749 1643 1787 ad
1675 1749 1923 1788 credendum.

190 1807 345 1844 Etenim
369 1808 552 1846 credendi
575 1809 764 1858 obligatio
786 1812 976 1858 perpetua
998 1811 1066 1855 est,
1090 1822 1160 1847 nec
1181 1810 1264 1847 ullo
1287 1822 1461 1858 unquam
1483 1812 1660 1858 tempore
1681 1808 1720 1847 ei
1742 1821 1783 1846 se
1809 1809 1923 1846 homo

191 1867 405 1904 subducere
428 1867 562 1911 debet;
593 1871 782 1917 perpetuo
805 1869 920 1906 etiarn
944 1869 1071 1918 gratia
1092 1881 1163 1906 sua
1183 1881 1254 1906 nos
1277 1869 1395 1910 Deus.
1418 1870 1465 1906 ut
1487 1868 1700 1914 credamus,
1731 1870 1864 1906 movet
1883 1869 1924 1906 et

189 1925 361 1974 adjuvat,
386 1926 448 1963 cui
469 1939 644 1975 unquam
666 1928 847 1965 resistere
870 1927 977 1965 nefas
999 1931 1068 1966 est.
1111 1930 1354 1977 Argumenta
1385 1928 1554 1973 demum,
1586 1928 1731 1976 quibus
1762 1927 1811 1964 ad
1840 1939 1922 1966 ere-

189 1984 360 2022 dendum
382 1986 496 2023 homo
519 1986 704 2024 inductus
726 1989 796 2032 est,
829 1987 1056 2036 hujusmodi
1079 1990 1183 2032 sunt,
1215 1989 1261 2025 ut
1292 2000 1369 2036 quo
1390 1987 1514 2037 magis
1535 1987 1846 2036 perpenduntur,
1879 1998 1923 2024 eo

187 2044 352 2081 clariora
374 2047 413 2082 et
434 2046 612 2094 graviora
633 2049 855 2095 appareant,
879 2046 983 2083 unde
1006 2047 1273 2095 consequitur,
1297 2058 1464 2092 causam,
1489 2059 1558 2084 cur
1579 2046 1705 2091 homo,
1729 2045 1842 2094 quasi
1854 2045 1924 2083 illa

188 2115 266 2140 non
289 2103 498 2150 sufficiant,
520 2105 636 2142 fidem
657 2105 881 2154 suspendat,
915 2106 1099 2144 exsistere
1120 2119 1327 2155 nunquam
1346 2117 1472 2154 posse.
1513 2106 1652 2155 Itaque
1674 2104 1921 2151 sententiam,

187 2174 288 2209 quae
320 2163 484 2200 dubium
514 2164 729 2212 positivum
759 2165 883 2202 basim
917 2166 1059 2202 statuit
1093 2165 1218 2203 omnis
1253 2165 1494 2215 theologicae
1527 2164 1808 2214 inquisitionis,
1838 2164 1923 2213 jam

189 2221 454 2270 proscriptum
471 2220 501 2275 1)
526 2223 653 2261 denuo
675 2224 993 2273 proscribimus«
1025 2224 1150 2269 Quare
1173 2224 1378 2262 concilium
1401 2224 1550 2262 vatic.
1574 2224 1715 2262 statuit
1728 2235 1819 2261 sess.
1836 2230 1858 2264 3
1874 2222 1923 2261 de

188 2279 264 2317 fide
287 2292 472 2318 canonem
496 2279 574 2334 (6):
613 2283 681 2327 ‚Si
713 2283 802 2332 quis
835 2284 987 2329 dixerit,
1020 2297 1149 2332 parem
1183 2296 1267 2321 esse
1299 2284 1562 2321 conditionem
1592 2283 1769 2321 fidelium
1802 2283 1921 2331 atque

187 2351 335 2385 eorum,
360 2341 427 2389 qui
447 2341 493 2377 ad
516 2342 629 2378 fidem
651 2342 764 2380 unice
787 2356 914 2380 veram
937 2343 1114 2380 nondum
1134 2345 1412 2391 pervenerunt,
1434 2343 1493 2380 ita
1514 2346 1559 2380 ut
1573 2342 1754 2380 catholici
1771 2342 1921 2391 justam

188 2411 347 2436 causam
369 2399 509 2437 habere
530 2403 694 2449 possint,
718 2402 844 2447 fidem,
869 2415 986 2450 quam
1008 2403 1081 2440 sub
1102 2402 1295 2440 Ecclesiae
1318 2402 1542 2452 magisterio
1559 2403 1639 2451 jam
1655 2402 1921 2450 susceperunt,

188 2470 351 2495 assensu
373 2471 555 2507 suspenso
578 2460 618 2497 in
640 2460 805 2498 dubium
827 2461 1001 2508 vocandi,
1025 2462 1146 2499 donec
1167 2462 1541 2500 demonstrationem
1563 2461 1813 2499 scientificam
1838 2472 1920 2498 cre·

191 2517 398 2554 dibilitatis
422 2521 461 2555 et
482 2519 656 2556 veritatis
677 2520 767 2557 fidei
790 2533 880 2558 suae
913 2521 1165 2566 absolverint,
1189 2522 1233 2559 A.
1256 2521 1320 2558 8ss
1364 2522 1495 2570 Atque
1527 2520 1671 2558 iterum
1701 2532 1780 2569 cap.
1806 2525 1828 2560 3
1851 2519 1920 2556 do·

189 2579 270 2613 cet:
306 2575 520 2620 ,Quocirca
542 2578 702 2616 minime
724 2593 794 2628 par
815 2579 873 2617 est
895 2580 1066 2618 conditio
1088 2593 1234 2625 eorum,
1268 2579 1338 2629 qui
1367 2593 1437 2629 per
1458 2581 1622 2618 coeleste
1652 2579 1744 2617 fidei
1774 2578 1921 2616 donum

189 2635 400 2673 catholicae
421 2637 580 2673 veritati
604 2637 874 2684 adhaeserunt,
910 2642 1028 2688 atque
1051 2652 1197 2684 eorum,
1229 2640 1299 2688 qui
1322 2639 1425 2677 docti
1456 2638 1707 2688 opinionibus
1738 2637 1920 2675 humanis

189 2694 329 2731 falsam
350 2695 580 2744 religionem
602 2700 821 2743 sectantur3
846 2698 904 2734 illi
926 2698 1041 2744 enim,
1065 2699 1134 2747 qui
1155 2698 1271 2736 fidem
1293 2698 1366 2736 sub
1387 2698 1580 2736 Ecclesiae
1593 2697 1819 2747 magisterio
1832 2709 1920 2734 sus-

188 2756 390 2802 ceperunt,
425 2755 574 2791 nullam
598 2768 770 2804 unquam
794 2757 934 2794 habere
955 2760 1119 2806 possunt
1135 2758 1283 2806 justam
1306 2770 1460 2795 causam
1482 2757 1663 2794 mutandi
1685 2758 1755 2794 aut
1783 2756 1825 2794 in
1846 2756 1919 2793 du-

189 2813 296 2850 bium
320 2813 436 2851 fidem
457 2813 619 2851 eandem
639 2816 856 2853 revocandi.
868 2821 885 2839 «
920 2816 1010 2854 Ideo
1032 2817 1214 2854 damnata
1233 2817 1311 2854 fuit
1324 2816 1372 2853 ab
1394 2816 1704 2853 Innocentio
1725 2816 1789 2854 XI.
1809 2827 1918 2864 prop.

194 2878 267 2911 20:
305 2872 435 2916 „Hinc
463 2875 593 2921 potest
614 2874 702 2921 quis
724 2875 940 2923 prudenter
962 2876 1168 2924 repudiare
1190 2888 1400 2921 assensum,
1433 2887 1548 2923 quem
1570 2875 1749 2920 habebat,
1782 2886 1918 2923 super-

187 2932 450 2978 naturalem,«
482 2932 521 2969 in
553 2945 670 2980 quam
702 2933 747 2970 cf.
770 2933 905 2971 Viva.
949 2934 1074 2978 Quare
1108 2934 1350 2984 reprobanda
1384 2937 1444 2972 est
1474 2934 1728 2972 Hermesii
1757 2933 1918 2979 theoria,

187 3003 288 3038 quae
311 2991 556 3029 commendat
577 2992 774 3034 catholicis
796 3005 917 3041 aeque
952 3006 993 3030 ac
1027 2994 1272 3032 heterodoxis
1296 2993 1592 3043 suspensionem
1625 2993 1716 3030 fidei
1748 2994 1787 3031 et
1817 2991 1919 3041 posi-

339 3133 360 3172 ¹)
380 3129 485 3163 Brevi
504 3128 735 3176 Gregorii
753 3129 847 3164 XVI.
868 3133 923 3165 26.
942 3130 1037 3175 Sept.
1060 3134 1167 3169 1835:
1188 3132 1232 3166 cf.
1252 3130 1498 3176 Kleutgen
1517 3132 1550 3166 d.
1570 3134 1590 3166 6
1610 3142 1640 3166 c.
1658 3133 1679 3165 3
1696 3131 1714 3169 ἓ
1731 3134 1763 3164 2.
