2175 3382
254 161 338 201 418
578 155 695 188 'fruct
718 154 776 188 111.
795 155 839 188 de
857 155 1030 199 primatu.
1053 156 1215 189 Potestas
1234 166 1322 190 rom.
1342 154 1523 199 pontificis
1542 155 1647 200 plena

257 275 386 315 clares
409 276 523 328 reguli
546 276 743 315 coelorum
767 276 822 330 (n.
847 277 962 331 3⁷54),
994 280 1034 316 et
1059 290 1186 330 pasce
1217 288 1344 327 asJnos
1376 288 1493 322 meos,
1525 288 1613 314 ores
1645 289 1756 316 meas
1778 277 1834 331 (n.
1860 275 1986 331 358);

256 350 300 386 ut
333 351 447 398 patet
479 358 528 387 ex
561 346 728 387 disertis
760 351 927 398 patrum
960 346 1109 393 verbis,
1143 345 1294 399 quibus
1317 345 1442 386 Petro
1469 345 1644 398 ejusque
1666 345 1984 388 successoribus

255 417 481 457 sacerdotii
497 417 775 469 principatum
793 418 1022 465 vindicant,
1045 422 1086 458 et
1109 418 1149 457 in
1173 417 1318 468 primis
1341 428 1391 457 ex
1408 417 1613 468 primatus
1628 417 1850 466 exerciti03
1873 417 1987 458 nulla

255 488 367 528 enim
391 493 454 528 est
476 489 699 540 potestatis
722 489 1036 529 ecclesiasticae
1060 488 1231 537 functio,
1254 499 1381 540 quam
1406 500 1492 528 non
1515 488 1556 528 in
1579 487 1767 528 Ecclesia
1789 489 1989 529 universa

254 558 433 600 subinde
458 559 723 599 exercuerint
745 559 964 611 pontifices
987 559 1152 599 romani
1176 561 1232 614 (n.
1257 562 1341 602 372
1365 559 1448 613 ss).

371 645 566 683 Audiatur
589 646 730 683 iterum
754 645 1002 682 Nicolaus
1024 645 1052 684 I.
1075 645 1098 682 l.
1122 657 1151 682 c.
1176 642 1244 693 (ib.
1262 657 1297 693 p.
1316 641 1437 697 949):
1463 644 1892 689 ,Animadvertendum
1915 646 1987 690 est,

253 704 346 752 quia
367 717 446 742 non
478 705 700 749 nicaena,
733 718 809 742 non
833 704 1003 753 denique
1027 704 1107 741 ulla
1139 703 1325 753 synodus,
1350 704 1573 752 quodquam
1606 716 1786 741 romanae
1818 703 1990 741 contulit

252 765 444 802 Ecclesiae
466 763 732 813 privilegium,
766 776 862 812 quae
895 764 935 800 in
957 764 1073 800 Petro
1104 765 1268 801 noverat
1298 775 1381 800 eam
1409 763 1534 800 totius
1560 764 1652 811 jura
1673 762 1883 812 potestatis
1905 763 1988 812 ple·

252 824 358 861 niter
389 823 587 867 meruisse,
620 825 659 860 et
693 825 921 860 cunctarum
945 823 1085 860 Christi
1120 823 1252 860 ovium
1283 822 1457 871 regimen
1481 822 1692 871 accepisse3
1727 821 1831 859 sicut
1851 822 1989 860 beatus

253 883 410 932 praesul
432 882 654 919 Bonifatius
676 883 890 919 attestatur
913 878 988 933 (ep.
1018 888 1065 921 14
1089 894 1126 918 n.
1155 879 1205 933 1),
1230 881 1425 918 universis
1448 881 1640 930 episcopis
1661 894 1731 931 per
1754 881 1988 920 Thessaliam

253 941 481 979 constitutis
505 941 697 978 scribens:
731 941 948 983 ‚Institutio
980 941 1212 978 universalis
1240 940 1437 978 'nascentis
1458 940 1652 978 Ecclesiae
1688 940 1734 978 de
1754 940 1860 978 beati
1881 940 1989 978 Petri

254 1001 423 1050 sumpsit
446 1000 589 1038 honore
612 1000 862 1049 principium,
886 1000 927 1036 in
950 1012 1027 1048 quo
1049 1000 1224 1049 regimen
1247 1000 1331 1048 ejus
1353 1001 1393 1036 et
1416 1011 1568 1037 summa
1590 999 1784 1038 consistit.
1826 1000 1881 1037 Ex
1903 1001 1989 1050 ejus

253 1061 355 1098 enim
379 1059 639 1097 ecclesiastica
661 1059 869 1108 disciplina
889 1071 960 1107 per
981 1071 1114 1097 omnes
1137 1059 1330 1104 ecclesias,
1354 1059 1557 1108 religionis
1584 1060 1664 1107 jam
1688 1061 1884 1096 crescente
1905 1059 1989 1097 cul-

252 1122 343 1157 tura
364 1119 448 1156 fons
471 1116 739 1169 (Constantius
761 1118 859 1168 legit
876 1119 993 1165 fonte,
1026 1131 1102 1166 qua
1131 1118 1299 1155 lectione
1331 1117 1505 1155 adhibita
1535 1130 1672 1155 sensus
1703 1120 1763 1155 est
1793 1118 1888 1156 satis
1920 1119 1988 1156 ob-

253 1175 407 1228 scurus)
432 1177 644 1221 emanavit3
668 1178 849 1215 nicaenae
873 1177 1012 1227 synodi
1033 1189 1111 1214 non
1135 1177 1244 1214 aliud
1265 1178 1470 1225 praecepta
1484 1179 1703 1222 testantur3
1727 1177 1821 1214 adeo
1843 1180 1890 1215 ut
1910 1188 1990 1215 non

254 1237 402 1285 aliquid
425 1249 541 1285 super
563 1250 647 1274 eam
669 1249 762 1273 ausa
784 1237 837 1274 sit
858 1236 1108 1282 constituere,
1133 1249 1221 1274 cum
1243 1236 1396 1274 videret
1416 1236 1517 1273 nihil
1541 1249 1658 1286 supra
1673 1236 1858 1274 meritum
1873 1249 1990 1274 suum

251 1309 364 1346 posse
387 1296 564 1333 conferri.
589 1296 727 1333 Omnia
740 1296 909 1344 denique
922 1296 1014 1333 huic
1027 1297 1188 1333 noverat
1202 1295 1359 1332 Domini
1375 1307 1550 1333 sermone
1565 1307 1745 1333 concessa
1756 1299 1777 1333 ;ι
1800 1296 1832 1333 si
1847 1295 1988 1342 omnia,

252 1368 342 1405 ergo
366 1355 492 1393 defuit
512 1354 624 1400 nihil,
648 1355 752 1403 quod
783 1368 862 1392 non
886 1355 944 1392 illi
967 1355 1239 1392 concesserit·¹
1285 1354 1338 1392 Cf.
1360 1354 1435 1392 alia
1456 1355 1655 1403 praeclara
1676 1355 1848 1404 ejusdem
1871 1355 1991 1392 verba

251 1415 354 1464 apud
377 1414 665 1464 Denzinger
688 1414 841 1452 Enchir.
864 1428 900 1451 n.
926 1420 1021 1454 266.
1047 1420 1141 1455 268.

369 1497 471 1535 Huic
492 1499 785 1547 praerogativae
807 1508 884 1534 non
907 1497 1166 1535 adversantur
1188 1497 1433 1546 Cypriani
1456 1497 1576 1534 verba
1599 1497 1645 1534 de
1659 1498 1759 1538 unit,
1773 1497 1873 1535 Eccl.
1888 1510 1925 1534 n.
1943 1504 1988 1537 5:

253 1557 536 1606 ‚Episcopatus
559 1569 687 1594 unus
709 1559 780 1601 est,
805 1557 917 1605 cujus
940 1570 960 1593 a
990 1556 1221 1606 singulis
1252 1557 1294 1593 in
1317 1556 1486 1594 solidum
1508 1569 1624 1605 pars
1648 1559 1847 1594 tenetur.‘
1891 1557 1990 1595 Sane

251 1617 497 1665 episcopatus
519 1628 623 1653 unus
645 1618 704 1653 est
724 1616 876 1653 unitate
900 1615 1139 1665 originis,
1169 1618 1402 1660 naturae,
1435 1615 1573 1660 finis,
1608 1615 1850 1665 corporis,
1883 1616 1989 1665 quod

251 1675 422 1724 episcopi
444 1675 712 1712 constituunt:
738 1675 806 1712 sed
827 1688 904 1713 non
928 1677 987 1712 est
1009 1687 1111 1712 unus
1134 1675 1287 1712 unitate
1319 1675 1564 1723 subjecti,
1597 1675 1779 1723 pluribus
1803 1675 1906 1712 enim
1928 1676 1988 1713 in-

253 1737 322 1780 est,
347 1736 386 1772 et
408 1734 562 1783 quidem
585 1734 712 1782 quoad
734 1737 969 1783 potestatem
992 1734 1190 1772 ordinis
1222 1735 1390 1784 singulis
1413 1734 1544 1771 eadem
1567 1734 1733 1779 ratione,
1756 1747 1835 1771 non
1856 1736 1990 1773 autem

251 1794 378 1842 quoad
395 1794 410 1843 j
426 1793 534 1831 uris
549 1793 808 1830 dictionis
829 1793 1131 1842 plenitudinem.
1176 1792 1286 1837 Quod
1318 1794 1351 1831 si
1382 1793 1488 1838 dicit,
1521 1806 1542 1830 a
1574 1793 1741 1843 singulis
1774 1796 1925 1842 partem
1947 1794 1989 1831 in

252 1853 421 1890 solidum
445 1853 645 1902 possideri,
669 1852 971 1902 distinguimus:
995 1853 1067 1890 hoc
1089 1852 1184 1890 dicit
1205 1855 1251 1890 ut
1272 1852 1453 1890 excludat
1476 1853 1697 1901 subjectum
1729 1852 1792 1890 cui
1821 1853 1988 1890 exclu-

253 1912 362 1949 sive
393 1912 499 1957 insit,
524 1912 654 1953 Cone:
686 1914 732 1948 ut
754 1911 922 1949 affirmet
944 1925 1033 1949 eum
1056 1925 1077 1949 a
1098 1912 1278 1961 pluribus
1300 1911 1539 1960 participari,
1563 1912 1727 1949 subdist.
1751 1912 1809 1948 ita
1829 1915 1875 1949 ut
1896 1924 1988 1961 sup-

250 1974 371 2020 ponat
391 1984 516 2008 unum
540 1971 609 2019 qui
630 1971 679 2008 sit
701 1972 891 2015 centrum,
914 1971 1035 2015 radix,
1058 1971 1360 2009 fundamentum
1383 1971 1548 2008 unitatis
1571 1971 1800 2020 episcopalis
1824 1971 1989 2020 ideoque

251 2030 389 2067 ceteris
410 2030 558 2079 praesit
579 2029 716 2078 majori
737 2030 982 2076 auctoritate,
1017 2031 1146 2076 Cone,
1178 2033 1225 2068 ut
1255 2030 1459 2080 originem,
1496 2030 1693 2068 matricem
1726 2032 1765 2067 et
1786 2030 1988 2068 exordium

252 2089 418 2126 unitatis
441 2089 670 2138 episcopalis
694 2089 874 2126 excludat
897 2089 1115 2138 habeatque
1139 2102 1270 2127 omnes
1292 2089 1492 2138 episcopos
1516 2102 1604 2126 cum
1626 2101 1786 2126 romano
1808 2089 1988 2139 episcopo

253 2149 442 2196 aequales,
458 2149 554 2198 Neg.
576 2149 774 2198 Legantur
796 2149 1001 2197 sequentia
1024 2152 1063 2185 et
1085 2149 1263 2197 liquebit,
1289 2161 1378 2186 eum
1400 2148 1673 2197 episcoporum
1695 2148 1800 2186 inter
1822 2161 1860 2186 se
1882 2148 1988 2186 tueri

253 2208 284 2244 si
305 2208 363 2245 vis
385 2208 664 2256 aequalitatem
686 2207 790 2255 quod
812 2208 1056 2256 episcopatus
1079 2211 1260 2245 naturam
1283 2208 1435 2253 attinet,
1459 2219 1537 2244 non
1560 2209 1691 2245 autem
1713 2219 1801 2245 cum
1823 2207 1903 2254 illo,
1921 2208 1990 2256 qui

254 2267 419 2304 unitatis
442 2267 686 2316 episcopatus
710 2269 770 2304 est
792 2267 901 2316 origo
924 2271 963 2304 et
985 2269 1164 2304 centrum
1177 2266 1218 2319 ¹).

374 2350 469 2390 398.
493 2346 633 2397 Quare
657 2348 699 2390 7.
721 2351 899 2398 potestas
922 2348 1090 2388 romani
1107 2347 1319 2400 pontificis
1341 2351 1397 2388 est
1418 2350 1461 2388 in
1475 2346 1659 2388 Ecclesia
1675 2360 1882 2401 suprema,
1905 2358 1989 2399 qua

255 2418 447 2469 superior
469 2417 535 2458 vel
558 2418 624 2458 cui
646 2430 724 2469 par
745 2417 860 2458 nulla
882 2422 955 2462 est.
1005 2417 1214 2468 Quocirca
1237 2418 1463 2458 concilium
1486 2419 1798 2458 vaticanum
1821 2417 1987 2458 statuit:

261 2486 495 2539 „Quoniam
529 2488 669 2529 divino
703 2489 927 2540 apostolici
959 2489 1166 2541 primatus
1192 2489 1288 2541 jure
1319 2501 1523 2530 romanus
1554 2488 1741 2541 pontifex
1762 2489 1987 2529 universae

255 2557 467 2599 Ecclesiae
483 2564 662 2611 praeest,
686 2559 889 2600 docemus
904 2560 1032 2601 etiam
1055 2565 1097 2600 et
1118 2560 1397 2609 declaramus,
1421 2572 1517 2600 eum
1542 2571 1635 2600 esse
1653 2558 1892 2611 judicem
1915 2572 1986 2600 su-

257 2641 449 2680 premum
473 2628 668 2679 fidelium,
702 2634 742 2670 et
773 2631 816 2670 in
843 2631 1043 2672 omnibus
1065 2631 1204 2672 causis
1229 2631 1283 2671 ad
1305 2643 1488 2672 examen
1509 2630 1840 2671 ecclesiasticum
1865 2642 1986 2682 spec-

255 2698 442 2740 tantibus
475 2699 528 2739 ad
560 2700 689 2752 ipsius
711 2713 837 2752 posse
856 2701 1062 2754 judicium
1084 2702 1264 2749 recurri;
1296 2701 1407 2742 sedis
1438 2713 1540 2742 vero
1564 2700 1836 2753 apostolicae,
1868 2700 1987 2753 cujus

401 2858 425 2903 ¹)
445 2858 496 2892 Cf.
514 2859 749 2894 Mazzella
768 2860 861 2905 disp.
882 2866 901 2896 5
920 2872 951 2894 a.
971 2864 992 2895 3
1010 2862 1030 2906 ξ
1049 2861 1382 2899 3;.Franzelin
1399 2861 1452 2894 th.
1473 2863 1504 2899 9,
1524 2860 1588 2904 qui
1605 2861 1716 2895 verba
1734 2861 1788 2894 ita
1806 2859 1984 2905 explicat:

256 2910 519 2955 ,Episcopatus
534 2924 627 2946 unus
642 2915 705 2953 est,
723 2913 823 2957 cujus
838 2924 859 2946 a
873 2913 1028 2958 singulis
1043 2913 1190 2957 quidem
1205 2925 1292 2958 pars
1306 2914 1464 2953 tenetur,
1479 2914 1541 2947 sed
1556 2914 1703 2948 nonnisi
1716 2913 1755 2947 in
1773 2925 1788 2947 s
1800 2913 1903 2947 olid
1914 2924 1938 2946 u
1951 2925 1984 2946 m

253 2965 290 2997 h.
309 2974 338 2998 e.
356 2965 411 2998 ita
428 2965 471 2998 ut
487 2966 610 3009 partes
629 2965 796 3009 singulae
815 2967 1030 3000 ordinentur
1047 2967 1093 3000 ad
1111 2979 1226 3001 unum
1253 2967 1412 3001 solidum
1431 2978 1495 3001 seu
1513 2967 1558 3000 ad
1577 2967 1758 3001 unitatem
1775 2966 1901 3008 totius,
1921 2976 1987 3000 nec

252 3017 399 3060 possint
415 3027 491 3051 esse
507 3018 631 3061 partes
647 3018 819 3052 catholici
838 3018 1071 3063 episcopatus
1090 3020 1127 3053 et-
1140 3030 1246 3054 verae
1264 3019 1446 3054 Ecclesiae
1473 3019 1544 3053 nisi
1571 3021 1753 3063 quatenus
1780 3019 1986 3054 solidentur

255 3070 291 3103 et
308 3071 485 3104 uniantur
502 3069 549 3104 ad
565 3071 720 3104 totum.<‘
758 3071 809 3108 Cf,
831 3071 874 3104 de
893 3072 1033 3116 origine
1055 3072 1324 3116 jurisdictionis
1351 3073 1390 3106 in
1417 3073 1600 3117 episcopis
1627 3073 1704 3107 fuse
1733 3073 1983 3117 disputantem

255 3123 372 3157 Lain
385 3133 431 3157 ez
450 3124 488 3157 in
507 3124 599 3168 disp.
618 3123 702 3157 trid.
721 3123 829 3158 editis
848 3135 868 3157 a
887 3124 967 3159 Gri
981 3137 995 3158 s
1008 3137 1057 3159 ar
1075 3125 1282 3170 Oeniponte
1301 3128 1402 3161 1886.
1421 3126 1446 3165 Ι,
1469 3128 1616 3161 1-370.
