2175 3382
858 72 902 105 de
920 71 1156 105 revelationis
1175 72 1353 116 profectu.
1895 81 1904 117 1
1919 78 1966 119 ῃ

237 196 391 241 debent,
414 197 454 233 et
474 195 674 244 legitimus
703 193 923 243 theologiae
953 193 1204 230 scholasticae
1226 205 1333 230 usus.
1376 195 1421 230 In
1445 194 1579 242 primis
1613 207 1704 232 vero
1727 204 1766 235 0,
1790 195 1851 233 1110
1882 207 1975 244 pro·

237 255 362 292 fectus
383 254 531 303 pendet
551 266 572 290 a
595 265 623 290 s.
647 252 820 301 Spiritus
843 251 1140 289 charismatibus
1163 252 1325 300 ejusque
1349 252 1460 289 suavi
1483 252 1708 298 directione,
1743 266 1819 302 qua
1839 253 1971 291 Eccle-

237 313 332 351 siam
354 313 396 350 in
417 325 570 350 omnem
592 311 747 349 inducit
768 311 975 349 veritatem
996 310 1284 358 humanamque
1315 310 1453 360 dirigit·
1484 311 1720 349 industriam
1755 312 1801 349 ad
1833 312 1972 350 clario-

237 385 319 409 rem
341 371 518 409 veritatis
540 371 733 408 revelatae
757 370 1016 419 cognitionem
1042 371 1081 406 et
1103 369 1403 406 declarationem
1427 369 1724 407 distinctiorem.
1770 371 1977 420 „Denique

237 430 332 479 quid
354 443 528 479 unquam
549 429 668 475 aliud,
691 429 823 477 inquit
843 429 868 465 1.
891 440 921 465 c.
943 428 1278 470 Vincentius,
1312 428 1566 465 conciliorum
1600 429 1762 466 decretis
1785 430 1891 467 enisa
1915 434 1971 467 est

238 486 451 542 (Ecclesia),
474 488 550 526 nisi
573 490 618 525 ut
641 488 745 536 quod
767 489 881 524 antea
902 487 1134 535 simpliciter
1155 487 1397 531 credebatur,
1427 487 1498 524 hoc
1526 487 1626 523 idem
1650 490 1783 535 postea
1805 488 1972 538 diligen-

236 548 317 586 tius
340 549 582 586 crederet-ur:
607 547 712 595 quod
733 548 846 583 antea
868 546 1017 583 lentius
1039 545 1350 594 praedicabatur,
1374 545 1444 582 hoc
1466 545 1570 582 idem
1593 548 1728 594 postea
1755 547 1973 584 instantius-

236 607 546 656 prae-licaretu13
572 606 676 655 quod
697 607 810 642 antea
832 605 1007 643 securius
1031 604 1242 649 colebatur,
1266 605 1336 641 hoc
1358 604 1461 641 idem
1483 605 1616 653 postea
1639 605 1845 642 sollicitius
1863 618 1971 643 exco-

235 667 412 703 leretur?
433 666 525 710 Hoc,
548 664 722 714 inquam,
746 676 909 713 semper,
933 675 1060 712 neque
1082 663 1295 712 quidquam
1322 666 1532 712 praeterea,
1556 663 1840 701 haereticorum
1864 666 1975 701 novi-

235 725 386 762 tatibus
409 724 586 770 ercitassa,
610 723 862 761 conciliorum
885 735 1042 760 suorum
1067 722 1230 759 decretis
1254 722 1442 759 catholica
1464 722 1627 771 perfecit
1649 723 1858 760 Ecclesia«

354 807 394 845 Si
416 809 547 845 autem
570 806 782 855 quaeritur,
807 807 848 842 in
870 818 946 854 quo
969 806 1157 843 consistat
1188 805 1250 842 hic
1282 806 1491 853 proiectus,
1517 805 1683 842 dicimus
1706 817 1796 842 eum
1819 816 1857 844 a.
1885 818 1972 842 con-

235 867 373 904 sistere
393 867 435 903 in
462 865 752 915 explicatio
768 878 824 902 ne
856 864 1117 902 articulatiori
1139 864 1343 912 impliciti:
1377 864 1418 900 in
1440 864 1712 905 declaratione,
1736 864 1898 901 determ'
1958 887 1974 892 -

233 926 352 974 tione,
413 937 434 962 0
469 924 699 962 initione
721 924 852 961 minus
874 924 1012 960 diserti
1033 923 1248 960 secundum
1271 923 1376 960 dicta
1398 936 1434 959 n.
1465 923 1587 967 14923
1612 921 1657 964 b.
1682 877 2042 971 inm&

235 987 274 1022 et
256 925 736 1080 mlingiffifffffuotionum,
762 983 882 1020 hinc'
873 996 912 1019 111
934 982 1173 1019 distinctiori
1194 982 1459 1031 intelligentia
1497 983 1724 1031 dogmatum
1759 994 1976 1030 eorumque

205 1032 335 1081 “nb'‘
360 1056 406 1081 115
442 1046 480 1080 et
512 1042 959 1091 compiehensionis;c.
993 1041 1035 1078 111
1064 1041 1240 1078 illatione
1271 1041 1563 1078 conclusionum
1595 1053 1639 1078 ex
1673 1041 1766 1089 ipsis
1795 1041 1899 1078 inter
1933 1053 1976 1078 se

234 1102 385 1140 collatis
398 1106 440 1139 ot
452 1115 497 1140 ex
511 1102 724 1139 eorundem
739 1114 827 1139 cum
841 1100 1074 1138 veritatibus
1095 1100 1351 1138 rationalibus
1374 1100 1679 1165 comparatione:
1713 1098 1755 1140 d.
1786 1100 1828 1137 in
1903 1107 1905 1109 ’

234 1161 438 1199 festatione
459 1161 716 1210 oppositionis
738 1160 947 1197 veritatum
968 1160 1230 1197 revelatarum
1267 1171 1355 1196 011111
1389 1159 1591 1196 err-oribus
1623 1159 1663 1196 in
1695 1159 1777 1196 dies
1800 1158 1867 1196 5110
1913 1200 1923 1206 .

234 1220 424 1258 centibus.
469 1220 520 1258 Cf.
552 1219 656 1257 infra
688 1219 743 1256 th.
775 1219 955 1257 LXXXV.
987 1233 1023 1268 p.
1058 1225 1093 1258 4.
1139 1218 1240 1255 Hinc
1272 1218 1451 1267 quamvis
1484 1219 1525 1255 in
1547 1219 1593 1255 N.
1617 1218 1657 1254 T.
1690 1219 1797 1255 locus
1818 1231 1897 1255 non
1920 1212 2048 1268 sitffi>

234 1279 420 1316 historiae
441 1279 702 1324 revelationis,
727 1291 816 1316 cum
837 1278 930 1315 haec
951 1281 1075 1315 morte
1089 1278 1354 1326 apostolorum
1370 1277 1489 1314 fuerit
1504 1277 1704 1325 completa,
1720 1277 1826 1314 locus
1841 1280 1983 1314 tamen·
2017 1271 2025 1284 ⁸

235 1341 295 1375 est
317 1338 503 1376 historiae
526 1338 765 1387 dogmatum,
790 1339 902 1386 cujus
925 1337 1081 1374 nomine
1104 1337 1275 1386 intelligi
1298 1349 1377 1374 non
1400 1336 1516 1374 debet
1537 1349 1642 1373 more
1665 1336 1971 1384 protestantium
2022 1346 2031 1366 ³

234 1397 398 1435 historia
419 1397 586 1446 originis
609 1397 670 1434 vel
692 1396 970 1434 mutabilitatis
1003 1396 1245 1445 dogmatum,
1279 1396 1345 1432 sed
1381 1396 1545 1433 historia
1576 1394 1826 1433 accuratioris
1850 1389 1974 1442 expli-

235 1456 398 1494 cationis
420 1456 621 1494 doctrinae
643 1456 850 1494 revelatae.
895 1455 945 1493 Cf.
968 1455 1219 1492 Heinrich
1239 1455 1277 1491 ΙΙ
1301 1451 1320 1496 ἓ
1348 1461 1420 1497 Τὸς
1444 1455 1519 1493 KL.
1544 1455 1612 1499 III,
1642 1461 1749 1494 1903
1775 1467 1824 1490 55.

354 1524 398 1567 4.
421 1527 641 1565 Cavendi
662 1529 794 1564 tamen
817 1530 911 1564 sunt
931 1527 973 1563 in
994 1526 1171 1576 urgendo
1193 1525 1372 1574 profectu
1394 1526 1527 1573 plures
1553 1538 1568 1562 s
1582 1537 1671 1572 cop
1686 1538 1710 1561 u
1724 1525 1772 1565 li.
1796 1536 1973 1573 praeser-

234 1587 308 1624 tim
329 1587 407 1632 ille,
432 1599 547 1634 quem
569 1586 661 1623 Piu
676 1599 692 1623 s
714 1586 776 1623 IX.
801 1586 1011 1651 encyclises
1033 1585 1158 1622 literis
1180 1585 1215 1621 d.
1241 1592 1277 1623 9.
1301 1585 1398 1621 Nov.
1427 1591 1534 1625 1848
1559 1585 1663 1621 hisce
1686 1584 1816 1621 verbis
1838 1587 1974 1621 notat:

238 1645 426 1690 „Divinae
447 1645 700 1683 levelationis
724 1645 872 1682 inimici
896 1645 1110 1681 humanum
1123 1655 1371 1692 progressum
1386 1643 1554 1709 summis
1560 1643 1743 1680 laudibus
1758 1642 1974 1680 efferentes

236 1705 279 1741 in
300 1704 531 1742 catholicam
551 1704 784 1769 religionem
805 1703 1010 1741 temeiario
1033 1704 1146 1751 plane
1169 1714 1211 1739 ac
1234 1702 1431 1751 sacrilego
1441 1715 1540 1739 ausu
1562 1703 1676 1738 illum
1691 1701 1876 1738 inducere
1891 1702 1974 1738 vel-

235 1765 329 1809 lent,
351 1764 515 1812 pelinde
539 1775 581 1800 ac
604 1763 637 1800 si
659 1763 747 1811 ipsa
768 1763 907 1811 religio
930 1774 1008 1799 non
1030 1762 1100 1799 Dei
1121 1761 1187 1799 sed
1208 1761 1410 1798 hominum
1443 1773 1540 1809 opus
1573 1763 1673 1798 esset
1704 1764 1772 1797 aut
1802 1761 1975 1808 philoso-

233 1823 393 1871 phicum
414 1822 573 1876 aliquod
595 1822 813 1865 inventum,
838 1822 943 1869 quod
964 1821 1145 1858 humanis
1181 1820 1303 1857 modis
1339 1820 1471 1868 perfici
1507 1822 1636 1868 queat.
1649 1825 1665 1843 «
1711 1819 1836 1863 Quare
1870 1818 1972 1856 idem

237 1881 413 1930 pontifex
434 1872 672 1930 reprobavit
676 1876 788 1929 pr.op
815 1888 835 1920 5
862 1879 1219 1929 syllabi:„D‘1vina
1241 1879 1427 1916 levelatio
1450 1881 1511 1916 est
1532 1879 1751 1927 imperfecta
1774 1880 1813 1915 et
1834 1878 1976 1915 idcirco

236 1941 412 1989 subjecta
442 1940 631 1978 continuo
665 1943 706 1977 et
736 1939 940 1977 indefinito
972 1939 1209 1988 progressui,
1242 1938 1312 1986 qui
1344 1939 1535 1975 humanae
1566 1937 1728 1975 rationis
1750 1937 1976 1986 progressui

234 1999 478 2048 respondeat.
490 2004 507 2022 <⁴
532 1999 706 2036 Cavenda
719 1999 797 2036 scil.
814 2001 874 2035 est
889 1998 1015 2035 omnis
1030 1998 1175 2046 opiniO,
1193 2009 1292 2045 quac
1307 2008 1346 2037 a.
1362 1997 1510 2034 accedit
1524 1997 1568 2034 ad
1586 2009 1756 2034 errorem
1772 1997 1826 2032 th.
1841 1996 1974 2032 XXXI.

233 2059 420 2107 rejectum
444 2058 741 2107 profectumque
761 2062 901 2095 tuetur
922 2056 1182 2105 object-imm,
1214 2057 1277 2093 vel
1299 2054 1345 2096 b.
1370 2058 1598 2104 protectum.
1633 2056 1701 2104 qui
1723 2055 1911 2092 consistat
1934 2056 1974 2091 111

235 2117 519 2155 substitutione
541 2117 741 2155 doctrinae
763 2117 935 2154 melioris
957 2117 1039 2153 loco
1063 2115 1261 2153 doctrinae
1283 2116 1487 2159 revelatae,
1522 2128 1599 2164 qua
1629 2115 1780 2152 ratione
1811 2114 1975 2163 profecit

235 2176 470 2214 astronomia
514 2176 799 2213 substitutione
830 2175 1053 2224 systematis
1085 2174 1329 2223 copernicani
1356 2187 1425 2223 pro
1469 2176 1678 2223 systemate
1718 2174 1974 2222 ptolomaico:

236 2236 298 2272 vel
322 2245 363 2275 (3.
387 2235 618 2284 profectum,
642 2247 719 2283 quo
744 2235 924 2284 dogmata
945 2234 1138 2271 Ecclesiae
1152 2234 1422 2279 emendentur,
1439 2233 1697 2282 corrigantur,
1713 2232 1975 2281 praeposteris

233 2294 572 2332 rationalistarum
594 2293 862 2343 opinionibus,
886 2293 1173 2342 systematibus,
1205 2293 1360 2341 placitis
1394 2292 1705 2334 accomodentur,
1728 2292 1791 2328 vel
1814 2289 1860 2331 (l.
1885 2304 1974 2328 eum

235 2354 446 2401 pollicetur
474 2353 704 2401 profectum,
740 2364 817 2401 quo
851 2351 1104 2390 revelationis
1138 2362 1276 2400 scopus
1310 2354 1349 2388 et
1383 2352 1536 2388 fruct-us
1558 2352 1582 2387 i.
1606 2363 1635 2387 e.
1668 2351 1763 2388 fides
1799 2354 1971 2387 transeat

201 2450 209 2457 ,
235 2412 394 2450 demum
415 2412 459 2449 in
479 2412 680 2449 scientiam
704 2414 743 2448 et
764 2412 1010 2449 intellectum
1032 2411 1263 2448 evidentem.

361 2500 452 2535 152.
479 2494 616 2543 Opinio
640 2495 842 2534 Gz'essntkeri.
865 2517 921 2522 —
944 2495 1044 2531 Hinc
1075 2494 1245 2531 cavenda
1278 2496 1338 2530 est
1359 2493 1510 2530 theoria
1545 2493 1611 2529 Gii
1630 2492 1805 2529 ntheri
1837 2504 1973 2528 5001111-

236 2554 330 2591 dum
351 2566 469 2602 quam
489 2554 741 2592 revelationis
762 2554 1025 2603 intelligentia
1060 2554 1246 2590 continua
1268 2552 1410 2601 accipit
1433 2553 1671 2589 incrementa
1695 2563 1766 2600 ope
1789 2550 1976 2587 scientiae

235 2612 535 2662 philosophicae,
560 2613 654 2650 adeo
676 2615 722 2650 ut
743 2613 1007 2662 imperfectior
1028 2612 1149 2649 fuerit
1170 2612 1212 2648 in
1233 2611 1421 2660 apostolis
1454 2624 1569 2659 quam
1602 2610 1643 2647 in
1676 2610 1818 2647 sanctis
1847 2608 1970 2657 patri-

235 2671 332 2716 bus;
353 2671 395 2708 in
418 2672 562 2720 quibus
584 2674 759 2709 ceterum
781 2672 907 2709 adhuc
929 2683 1065 2708 manca
1078 2670 1158 2708 fuit
1172 2673 1333 2719 propter
1347 2670 1543 2707 defectum
1557 2681 1669 2706 verae
1683 2667 1972 2716 philosophiae:

237 2730 358 2768 donec
379 2730 536 2767 tandem
559 2733 691 2768 nostra
715 2733 840 2768 aetate
862 2732 1016 2779 reperta
1045 2731 1124 2778 iam
1155 2742 1245 2767 vera
1275 2729 1522 2778 philosophia
1545 2726 1587 2778 (i.
1612 2741 1641 2765 e.
1665 2725 1751 2779 sua)
1786 2728 1887 2764 viam
1912 2726 1971 2762 in-

236 2789 370 2835 travit,
395 2802 474 2837 qua
495 2790 749 2838 perveniatur
770 2790 817 2827 ad
839 2802 1061 2838 supremam
1082 2789 1206 2826 totius
1227 2789 1419 2826 revelatae
1442 2787 1639 2825 doctrinae
1653 2785 1969 2834 intelligentiam.

237 2860 315 2892 seu,
338 2849 386 2884 ut
405 2848 487 2897 ipse
508 2848 697 2898 loquitur,
721 2848 768 2885 ad
790 2848 829 2885 id
852 2861 927 2896 quo
949 2861 1028 2886 non
1048 2848 1139 2897 plus
1161 2848 1268 2884 ultra
1288 2847 1444 2896 procedi
1464 2846 1601 2895 possit.
1624 2846 1669 2882 In
1693 2855 1768 2892 quo
1790 2842 1969 2880 scientiae

237 2906 416 2955 profectu
437 2908 477 2944 et
497 2908 754 2956 explicatione
777 2907 822 2944 ad
846 2908 1036 2944 Ecclesiae
1058 2906 1332 2956 magisterium
1365 2907 1515 2954 spectat
1545 2905 1649 2941 inter
1682 2903 1805 2940 varios
1838 2901 1971 2938 modos

237 2965 487 3014 intelligendi
507 2966 700 3015 dogmatis
721 2966 858 3014 quovis
880 2968 1055 3015 tempore
1078 2965 1302 3003 obtinentes
1325 2964 1486 3002 definire
1507 2963 1633 3007 illum,
1658 2962 1725 3010 qui
1741 2973 1783 2998 00
1798 2963 1971 3007 tempore

238 3026 298 3061 est
319 3023 556 3072 aptissimus.
591 3024 673 3069 Qua
694 3025 735 3061 in
758 3024 983 3062 definitione
1004 3024 1174 3061 Ecclesia
1195 3027 1253 3061 est
1275 3023 1515 3060 infallibilis:
1541 3024 1579 3058 at
1594 3033 1671 3058 non
1686 3020 1772 3056 ideo
1788 3018 1972 3056 definitus
