2175 3382
242 93 320 131 1243
481 84 599 119 Tract.
621 82 662 117 ll.
687 82 734 116 Dc
753 93 779 116 s.
799 81 998 126 Scriptura.
1019 81 1145 114 Thes-is
1166 80 1326 114 XXXIV.
1347 79 1450 120 Quod
1471 80 1517 113 sit
1537 79 1722 113 criterium

362 214 449 246 166.
478 202 835 246 Donionstratio
868 214 914 256 p.
950 201 1042 243 ΙΙΙ.
1089 202 1310 240 Secundum
1343 202 1533 239 Joannem
1560 201 1681 238 David
1704 200 1969 238 Michaelis

236 266 377 303 inti-od.
401 266 441 302 in
464 265 510 301 N.
533 265 571 301 T.
594 267 622 301 t.
653 272 662 304 1
695 264 719 302 l.
742 276 772 300 c.
798 270 819 303 3
844 263 1046 300 criterium
1068 262 1284 311 positivum
1309 264 1347 298 et
1369 261 1611 298 exclusivum
1628 260 1672 296 ad
1689 271 1815 298 saeros
1837 260 1884 297 N.
1899 259 1969 298 Te·

237 324 419 362 statuenti
443 323 564 361 libros
587 322 872 372 dignoscendos
908 324 966 358 est
999 333 1144 358 munus
1176 320 1433 370 apostolatus.
1466 331 1543 368 quo
1575 319 1781 368 scriptores
1813 319 1973 356 fuerunt

235 383 430 421 instructi.
466 382 610 420 Verum
636 379 675 423 l.
701 382 941 430 apostolatus
964 393 1107 417 munus
1129 392 1208 417 non
1231 382 1287 416 est
1311 379 1509 417 criterium
1524 377 1758 427 positivum3
1782 377 1822 415 id
1836 377 1972 415 saltem

236 446 339 480 certo
362 441 620 480 demonstrari
643 440 794 488 nequit.
839 440 1036 478 Charisma
1068 439 1170 475 enim
1194 438 1464 487 inspirationis
1496 437 1543 474 ad
1566 436 1816 474 scribendum
1839 436 1972 474 distin-

236 506 342 539 ctum
365 508 425 538 cst
447 514 469 538 a
491 501 722 538 charismate
754 498 1005 536 revelationis
1039 501 1076 534 et
1110 497 1419 541 infallibilitatis,
1456 508 1533 545 quo
1565 496 1712 545 duplici
1746 496 1973 533 charismate

237 561 434 610 apostolos
456 560 576 597 tuisse
599 558 796 608 praeditos
820 557 1078 595 demonstrari
1103 557 1262 605 quidem
1295 559 1438 605 potest.
1471 555 1537 593 sed
1569 568 1656 592 cum
1689 555 1736 592 de
1766 554 1974 604 scriptione

235 620 380 657 nullibi
405 619 459 657 sit
481 631 606 656 sermo
629 619 669 654 in
693 617 839 654 divinis
863 616 1001 661 literis,
1025 628 1153 664 neque
1175 628 1308 653 omnes
1331 615 1583 664 scripserint:
1618 626 1695 651 non
1718 613 1874 662 poterit,
1898 613 1974 651 sal-

235 683 314 717 tem
337 681 453 717 certo.
486 677 620 715 inferri
645 687 709 714 eos
741 676 857 713 etiam
890 675 1053 712 donatos
1085 674 1207 712 fuisse
1240 674 1472 712 charismate
1503 673 1771 722 inspirationis
1803 672 1852 710 ad
1883 672 1975 710 scri-

235 739 419 775 bendum.
466 737 590 774 Multo
623 735 752 772 minus
786 733 829 774 2.
854 734 1096 783 apostolatus
1132 737 1190 770 est
1224 733 1425 770 criterium
1460 745 1577 770 sensu
1613 732 1853 777 excludente,
1889 734 1974 769 tum

237 798 328 845 quia
351 800 487 834 eontra
509 795 632 832 totius
655 793 907 842 antiquitatis
930 805 1088 830 sensum
1124 805 1143 829 e
1168 792 1354 830 librorum
1380 792 1663 841 inspirat-orum
1696 803 1814 828 censu
1845 791 1974 828 exclu-

237 857 363 894 denda
386 855 513 893 forent
536 857 619 891 tam
642 853 855 903 Evangelia
878 864 925 889 ss.
948 852 1068 889 Marci
1091 854 1130 888 et
1151 852 1287 896 Lucae,
1312 864 1429 899 quam
1452 853 1563 888 actus
1579 851 1865 899 apostolorum;
1888 853 1974 887 tum

237 916 326 964 quia
348 914 471 965 gratis
495 912 681 962 supponit
704 913 829 949 Deum
851 911 954 949 nulli
976 911 1090 948 alteri
1113 911 1189 948 nisi
1212 911 1397 958 apostolis
1420 911 1490 947 hoc
1514 910 1701 947 charisma
1725 908 1975 947 concessisse.

361 1010 451 1050 167·
475 1005 642 1048 Tllcsis
668 1004 892 1047 XXXIV·
941 1018 1009 1052 De
1029 1018 1256 1052 librorum
1279 1025 1523 1051 sacrorum
1544 1016 1852 1057 inspiratione
1872 1023 1977 1049 con-

237 1083 361 1114 stare
399 1080 528 1114 nobis
565 1082 745 1113 tantum
781 1079 931 1121 potest
967 1086 1024 1110 ex
1058 1077 1320 1110 testimonio
1357 1085 1494 1118 eoque
1531 1076 1704 1116 divino,
1739 1076 1859 1118 quod
1889 1083 1978 1117 pro

240 1144 418 1185 inteqro
456 1141 814 1181 scripturarum
850 1137 1060 1179 cataloqo
1095 1145 1240 1179 neque
1277 1145 1335 1169 ex
1372 1136 1489 1178 ipsis
1524 1135 1795 1177 Scriptum-is,
1833 1144 1976 1178 neque

237 1211 294 1235 (Ὺ
320 1201 420 1234 sola
444 1198 696 1234 traditione
714 1197 950 1237 historica,
976 1196 1055 1230 sed
1073 1198 1255 1229 tantum
1286 1204 1344 1228 ex
1367 1194 1622 1228 traditione
1650 1194 1813 1234 divina
1841 1202 1978 1228 sensa

237 1261 459 1296 catholico
485 1261 672 1300 accepta
698 1257 953 1292 innotescit.

356 1327 720 1371 Demonstratio
744 1339 788 1381 p.
813 1325 854 1369 Ι.
879 1324 1101 1377 inspiratio
1126 1328 1190 1364 est
1211 1324 1370 1364 factum
1390 1334 1506 1363 mere
1522 1323 1755 1363 internum:
1779 1323 1981 1374 cognosci

239 1412 338 1452 ergo
361 1399 507 1451 nequit
537 1398 617 1438 nisi
649 1396 715 1438 vel
747 1408 798 1437 ex
830 1395 1048 1436 effectibus
1072 1396 1268 1442 externis,
1301 1393 1366 1434 vel
1399 1405 1449 1434 ex
1481 1393 1725 1434 testimonio
1748 1392 1879 1445 ipsius
1901 1392 1980 1434 ho·
2030 1421 2032 1423 -

239 1472 363 1512 minis
386 1469 589 1522 inspirati,
613 1468 680 1509 vel
713 1479 763 1508 ex
795 1466 1040 1507 testimonio
1063 1465 1148 1506 Dei.
1192 1465 1373 1506 Effectus
1397 1465 1559 1505 externi
1586 1464 1628 1504 in
1650 1464 1742 1516 ipso
1764 1463 1884 1512 libro,
1908 1463 1978 1516 qui

239 1543 328 1595 ejus
362 1540 685 1594 inspirationem
718 1537 1008 1587 manifestent,
1050 1537 1153 1578 certi
1195 1536 1403 1588 assignari
1437 1540 1653 1589 nequeunt
1689 1534 1755 1590 (cf.
1790 1548 1828 1575 n.
1866 1537 1977 1587 165).

239 1612 545 1654 Testimonium
580 1610 710 1662 ipsius
745 1609 930 1649 hominis
966 1608 1159 1661 inspirati
1195 1613 1258 1649 est
1291 1608 1546 1655 humanum.
1592 1605 1857 1648 illusionibus
1901 1605 1980 1647 ob-

239 1686 437 1732 noxium‚·
471 1693 607 1735 neque
631 1680 792 1729 sufficit,
818 1685 865 1720 ut
888 1691 1036 1720 omnes
1059 1678 1139 1720 fide
1163 1679 1304 1719 divina
1327 1677 1502 1719 credere
1525 1681 1764 1726 teneantur,
1795 1689 1847 1718 ea
1870 1689 2002 1730 quae¹

239 1755 293 1796 ab
318 1756 409 1807 ipso
434 1752 676 1804 conscripta
707 1755 815 1800 sunt,
849 1750 1048 1791 divinitus
1084 1762 1178 1791 esse
1201 1749 1407 1802 inspirata
1440 1753 1482 1790 et
1513 1760 1606 1789 esse
1628 1748 1807 1789 verbum
1829 1747 1905 1789 Dei
1928 1737 1998 1789 ex‘

239 1838 290 1866 eo
326 1824 430 1872 solo.
461 1822 575 1876 quod
606 1822 714 1862 illius
746 1821 852 1862 libro
877 1822 1186 1869 contineantur,
1219 1821 1299 1861 nisi
1330 1820 1429 1861 illud
1461 1819 1676 1861 miraculis
1699 1818 1981 1868 confirmetur,

240 1909 323 1949 qua
348 1896 390 1936 in
411 1894 638 1948 hypothesi
662 1893 851 1934 elevatur
879 1892 933 1933 ad
956 1892 1187 1933 testimonii
1210 1891 1338 1932 divini
1361 1891 1621 1944 dignitatem.
1665 1889 1806 1941 Quare
1828 1890 1979 1931 merito

239 1965 541 2013 concludimus.
564 1967 729 2003 tantum
745 1963 988 2003 testimonio
1012 1961 1198 2003 divino
1223 1966 1420 2002 constare
1444 1965 1532 2002 tuto
1556 1973 1683 2013 posse
1706 1960 1758 2002 de
1782 1973 1835 2003 ss.
1849 1960 1978 2001 libro-

239 2050 333 2078 rum
356 2035 645 2088 inspiratione.

360 2123 454 2164 168.
476 2117 839 2162 Demonstratio
853 2130 898 2171 p.
919 2117 984 2159 11.
1013 2115 1297 2157 Concedimus
1312 2116 1482 2168 quidem
1506 2114 1839 2168 protestantibus
1862 2115 1980 2155 testi-

240 2191 431 2232 monium
448 2190 636 2230 divinum
653 2188 705 2229 de
720 2188 997 2240 inspiratione
1020 2187 1257 2239 plurium
1279 2186 1486 2227 librorum
1509 2198 1560 2227 ex
1583 2186 1646 2235 iis,
1669 2186 1740 2239 qui
1763 2186 1978 2227 communi

240 2274 452 2304 consensu
485 2274 510 2302 a
543 2260 783 2301 christianis
814 2263 1090 2300 recensentur
1122 2259 1231 2300 inter
1253 2271 1284 2302 S.
1307 2256 1560 2310 Scripturas,
1593 2257 1734 2310 aliquo
1767 2256 1895 2298 modo
1927 2268 1978 2297 ex

240 2334 340 2386 ipsis
363 2333 514 2373 divinis
546 2332 678 2373 literis
712 2331 848 2383 colligi
879 2342 1018 2382 posse.
1063 2330 1171 2371 Nam
1195 2328 1385 2371 Christus
1419 2334 1460 2371 et
1483 2328 1665 2382 apostoli
1688 2328 1979 2382 approbarunt

239 2405 363 2445 fidem
384 2404 650 2457 judaeorum,
681 2404 751 2455 qui
783 2403 924 2456 plures
958 2402 1089 2444 libros
1122 2414 1220 2443 vere
1252 2414 1399 2443 sacros
1432 2406 1473 2443 et
1503 2402 1732 2455 inspiratos
1763 2399 1980 2441 habebant

241 2477 296 2531 (n.
324 2475 435 2529 156),
478 2474 606 2527 Atqui
628 2474 828 2515 historice
852 2479 893 2515 et
916 2474 1060 2515 critice
1083 2473 1186 2514 satis
1210 2477 1325 2514 certo
1350 2477 1529 2521 constat,
1564 2473 1737 2525 quinam
1760 2470 1914 2512 fuerint
1934 2470 1977 2511 hi

239 2545 344 2589 libri.
387 2545 448 2586 Ita
480 2549 731 2597 argumento
763 2545 877 2586 haud
909 2544 1076 2586 infirmo
1100 2544 1334 2596 colligimus
1358 2543 1625 2596 quarundam
1650 2542 1924 2596 epistolarum
1946 2555 1977 2583 s.

240 2616 361 2657 Pauli
391 2616 710 2668 inspirationem
744 2628 795 2657 ex
827 2620 864 2660 2.
897 2615 1005 2657 Petr.
1042 2620 1080 2665 3,
1116 2619 1189 2659 16:
1222 2615 1273 2655 In
1307 2615 1453 2669 quibus
1486 2614 1691 2669 (epistolis
1713 2613 1850 2669 Pauli)
1883 2616 1977 2654 sunt

240 2687 442 2743 quaedam
467 2686 661 2739 difficilia
690 2687 905 2740 intellectu,
939 2701 1043 2741 quae
1071 2687 1224 2726 indocte·
1245 2689 1282 2726 et
1305 2684 1515 2726 instabiles
1537 2685 1781 2738 depravant,
1812 2684 1914 2724 sicut
1943 2689 1978 2724 et

241 2763 394 2799 ceteras
417 2758 672 2811 Scripturas,
696 2758 751 2798 acl
773 2771 891 2799 suam
917 2759 1102 2812 ipsorum
1119 2757 1405 2811 perditionem.
1448 2755 1664 2808 Negamus
1685 2760 1831 2796 tamen
1853 2766 1978 2808 posse

240 2833 526 2882 protestantes
560 2839 611 2868 ex
645 2829 746 2880 ipsis
781 2827 1010 2881 Scripturis
1045 2828 1280 2868 omnium
1314 2827 1533 2876 librorum,
1567 2826 1633 2867 vel
1668 2826 1797 2867 etiam
1820 2837 1980 2874 eorum,

242 2912 347 2953 quos
378 2900 458 2952 ipsi
487 2899 530 2939 in
562 2911 687 2939 suum
714 2910 925 2940 canonem
948 2899 1166 2952 recipiunt,
1200 2898 1522 2950 inspirationem
1544 2896 1851 2946 demonstrare,
1883 2908 1979 2937 cum

242 2971 435 3023 nuspiam
469 2969 676 3022 ejusmodi
707 2970 996 3011 testimonium
1029 2969 1080 3010 de
1112 2970 1276 3021 integro
1301 2967 1614 3021 Scripturarum
1641 2978 1808 3008 canone
1831 2970 1978 3016 exstet,

242 3053 379 3093 neque
401 3041 481 3094 ipsi
502 3053 690 3093 unquam
714 3040 924 3092 ejusmodi
945 3040 1236 3081 testimonium
1260 3039 1484 3081 attulerint.
