2175 3382
599 97 716 141 iisque
733 96 964 141 praesidendi
983 96 1162 140 competit
1178 105 1328 129 romano
1347 95 1522 139 pontifici.
1831 99 1917 141 4223

309 220 436 265 Quare
470 230 508 260 c.
532 220 602 257 hoc
633 219 786 257 exstitit
814 218 1023 256 discrimen
1053 218 1158 255 inter
1188 218 1390 266 pontifices
1423 220 1462 254 et
1490 218 1744 267 imperatores
1777 230 1917 255 convo-

190 282 322 318 cantes
345 279 517 323 concilia,
551 278 655 326 quod
678 278 738 315 illi
759 280 913 326 accepto
935 289 1004 325 per
1036 277 1228 314 Christum
1247 277 1337 324 jure
1368 277 1450 313 veri
1481 277 1705 313 exstiterint
1735 288 1920 314 convoca-

189 339 307 377 tionis
331 341 521 383 auctores,
544 338 585 374 hi
606 337 790 375 honorem
814 335 1138 385 splendoremque
1162 336 1446 372 convocationis
1470 336 1726 373 obtinuerint.

309 433 444 481 Neque
467 431 511 472 d.
536 432 706 469 rationes
730 431 874 469 desunt
897 433 956 467 sat
977 442 1124 480 graves,
1149 432 1307 478 propter
1329 442 1424 478 quas
1447 430 1597 467 romani
1619 430 1816 477 praesules
1831 443 1919 478 par—

190 495 270 530 tem
302 492 562 530 concesserint
594 490 893 540 imperatoribus
926 489 966 526 in
998 489 1256 526 convocandis
1288 489 1460 526 conciliis
1492 489 1761 526 oecumenicis.
1805 489 1919 537 Ejus-

190 551 295 589 modi
315 551 485 588 rationes
506 550 669 587 fuerunt
691 564 726 588 α.
750 549 853 597 quod
875 549 1066 586 Ecclesiae
1088 548 1336 595 romanisque
1359 548 1610 596 pontificibus
1639 547 1744 584 cordi
1768 560 1919 596 semper

190 610 268 647 fuit
290 609 497 647 sacerdotii
519 612 637 658 atque
659 608 812 656 imperii
835 621 927 656 pam
964 607 1068 655 quod
1092 608 1126 659 β.
1149 607 1304 657 egregia
1334 606 1496 643 fuerunt
1526 607 1679 655 aliquot
1710 606 1919 655 imperato-

189 682 275 706 rum
300 672 339 706 et
363 668 609 706 Constantini
631 667 875 716 potissimum
898 667 939 704 in
960 666 1169 704 Ecclesiam
1192 666 1341 713 merita,
1378 665 1545 713 ideoque
1568 665 1740 706 decebat,
1773 668 1817 702 ut
1839 665 1918 702 illis

190 740 268 765 non
290 728 495 765 minimum
524 727 760 770 deferretur3
793 726 897 774 quod
919 740 953 777 γ.
985 726 1033 762 ab
1055 724 1357 774 imperatoribus
1380 725 1595 774 exspectari
1625 726 1780 773 poterat
1812 737 1921 772 prae-
1968 685 2175 857 “⁴935ss

191 787 347 834 sidium,
379 799 456 835 quo
479 786 588 835 pravi
619 788 658 822 et
690 785 875 822 haeretici
906 787 1243 833 compescerentur
1275 784 1475 829 homines3
1508 783 1611 832 quod
1644 784 1674 822 ὃ.
1706 783 1922 820 necessaria
2124 832 2126 835 Ι

190 848 273 883 erat
306 846 482 895 ipsorum
503 844 782 889 munificentia,
815 846 863 881 ut
892 843 1079 892 impensis
1110 856 1179 892 pro
1211 843 1470 880 instituendis
1501 843 1710 880 itineribus
1744 843 1920 879 consule·
1946 847 1963 892 ',
2126 805 2174 868 rb

190 907 319 950 retur3
352 904 455 953 quod
479 919 506 943 ε.
530 904 809 952 imperatorum
831 905 989 940 tantum
1020 915 1212 940 consensu
1243 902 1335 951 eligi
1366 904 1518 951 poterat
1549 902 1698 946 civitas,
1731 901 1772 938 in
1804 914 1919 949 quam
1980 916 2175 983 ΜΨ,

191 963 358 1013 episcopi
381 976 426 1001 ex
449 963 540 1001 orbe
562 963 746 1000 universo
770 963 1034 1000 convenirent.
1064 952 1115 994 Ἀ
1129 960 1213 983 ³⁸⁶⁸·
1230 945 1298 987 Ἀ
1316 955 1550 992 m
1581 954 1683 989 Μὶν-ἱ
1708 958 1955 996 ΜΝ
1974 978 1977 981 ·

309 1055 791 1099 404.Demonst1·atio
823 1068 866 1109 p.
890 1055 956 1096 II.
1001 1053 1159 1094 Eodem
1194 1053 1327 1100 titulo,
1359 1065 1443 1106 quo
1476 1052 1604 1093 solius
1627 1053 1791 1093 romani
1815 1065 1922 1104 pon-

191 1125 313 1167 tificis
345 1130 409 1167 est
439 1125 663 1166 concilium
697 1137 936 1166 convocare
960 1125 1293 1171 oecumenicum,
1325 1124 1455 1176 ipsius
1487 1135 1655 1176 quoque
1690 1127 1754 1164 est
1785 1122 1922 1163 eidem

190 1196 525 1249 praesidere.
568 1195 676 1237 Nam
700 1196 924 1237 concilium
948 1196 1270 1237 oecumenicum
1293 1198 1427 1247 ipsam
1452 1194 1576 1236 debet
1602 1206 1704 1246 prae
1736 1206 1780 1234 se
1813 1193 1920 1234 ferre

192 1273 234 1309 et
265 1272 586 1320 repraesentare
609 1267 852 1316 Ecclesiam,
877 1267 1043 1320 qualem
1069 1279 1164 1308 eam
1188 1266 1376 1308 Christus
1399 1266 1589 1307 instituit.
1631 1265 1758 1318 Atqui
1779 1264 1920 1305 Eccle-

192 1340 300 1380 siam
322 1341 380 1380 ita
402 1340 579 1381 instituit
601 1339 802 1389 Christus,
833 1344 879 1381 ut
900 1340 957 1380 illi
974 1340 1128 1392 jugiter
1149 1351 1348 1392 praeesse
1371 1338 1554 1380 debeant
1576 1337 1724 1378 Petrus
1748 1337 1921 1389 ejusque

191 1422 461 1451 successores
493 1415 535 1452 et
566 1411 735 1464 quidem
768 1423 863 1452 cum
896 1411 1153 1463 plenitudine
1180 1410 1413 1463 potestatis.
1456 1409 1563 1461 Ergo
1597 1414 1637 1449 et
1668 1409 1709 1448 in
1742 1407 1920 1448 concilio

191 1481 376 1533 praeerit
397 1493 493 1522 cum
527 1481 785 1534 plenitudine
808 1482 1042 1534 potestatis.
1084 1481 1133 1522 Et
1163 1493 1314 1522 revera
1344 1482 1379 1521 si
1410 1480 1696 1529 consulantur,
1728 1491 1836 1532 quae
1869 1478 1920 1519 de

192 1551 466 1593 conciliorum
490 1552 864 1593 oecumenicorum
895 1552 1181 1593 celebratione
1214 1552 1463 1603 consignata
1495 1555 1592 1591 sunt
1621 1550 1762 1598 literis,
1795 1554 1921 1601 patet,

191 1621 388 1663 omnibus
411 1623 599 1663 conciliis
631 1623 672 1663 in
696 1622 922 1664 Occidente
945 1623 1100 1663 habitis
1131 1635 1218 1663 non
1241 1623 1347 1663 alios
1368 1623 1458 1662 sine
1481 1621 1772 1663 controversia
1795 1632 1923 1672 quam

190 1705 394 1734 romanos
409 1693 641 1745 praefuisse
657 1694 888 1742 antistites‚·
910 1694 1024 1746 quod
1038 1693 1314 1746 repetendum
1338 1697 1402 1733 est
1423 1693 1475 1733 de
1491 1692 1679 1733 conciliis
1693 1692 1735 1731 in
1751 1688 1922 1732 Oriente

191 1763 426 1813 celebratis,
453 1764 619 1806 duobus
643 1765 829 1817 exceptis
852 1765 894 1805 Π.
919 1770 960 1805 et
982 1764 1041 1810 V.,
1074 1776 1183 1817 quae
1206 1768 1432 1816 propterea
1455 1768 1645 1816 spectata
1669 1762 1922 1803 celebra-

190 1835 341 1875 tione
376 1837 654 1877 oecumenica
689 1836 853 1877 censeri
886 1841 1112 1889 nequeunt.
1168 1834 1377 1886 Quocirca
1411 1835 1538 1875 etiam
1574 1834 1814 1881 Dioscorus,
1853 1834 1923 1885 qui

191 1905 337 1958 ejectis
350 1905 504 1946 Leonis
518 1906 543 1947 Ι.
558 1905 706 1958 legatis
725 1906 794 1958 jus
817 1905 897 1946 sibi
911 1905 1140 1946 vindicavit
1154 1904 1423 1957 praesidendi
1446 1905 1489 1945 in
1511 1904 1691 1946 concilio
1707 1904 1923 1956 ephesino,

190 1977 473 2028 reprehensus
506 1976 580 2017 fuit
611 1989 636 2017 a
667 1989 785 2018 conc.
821 1976 1276 2024 chalcedonensi,
1305 1963 1454 2029 ²{quod
1486 1975 1696 2028 synodum
1719 1987 1847 2015 ausus
1870 1974 1923 2014 sit

190 2046 329 2088 facere
353 2047 458 2088 citra
480 2047 736 2088 sententiam
758 2047 900 2088 throni
923 2047 1157 2099 apostolici,
1180 2047 1293 2100 quod
1316 2058 1533 2099 nunquam
1555 2046 1681 2095 licuit,
1704 2057 1922 2097 nunquam

190 2119 350 2159 factum
373 2104 779 2175 est‘⁵⁸(‘Hardouin
801 2118 844 2167 ΙΙ,
868 2118 952 2175 68).

314 2217 392 2262 Quo
415 2229 531 2254 sensu
547 2218 794 2265 praefuerint
816 2218 985 2254 conciliis
1006 2218 1264 2265 inzperatores.
1290 2239 1345 2243 ——
1369 2215 1478 2260 Quod
1503 2216 1534 2253 si
1548 2216 1728 2265 legimus,
1753 2216 1920 2264 impera-

189 2277 293 2312 tores
328 2276 531 2313 nonnullis
562 2276 775 2323 praefuisse
809 2276 981 2325 synodis,
1013 2278 1060 2313 ut
1081 2276 1157 2321 IV.‚
1182 2275 1264 2312 VH.
1296 2278 1335 2312 et
1356 2276 1471 2319 VIII„
1503 2275 1622 2320 noris,
1655 2275 1923 2323 triplicem

191 2335 338 2371 secerni
369 2347 482 2382 posse
512 2335 672 2371 modum
702 2335 949 2384 praesidendi
981 2334 1156 2377 concilio,
1199 2346 1366 2382 quorum
1397 2335 1549 2382 primus
1581 2337 1651 2379 est,
1685 2336 1732 2371 ut
1762 2334 1851 2382 quis
1882 2334 1923 2371 in

189 2393 281 2430 fidei
303 2393 468 2431 decretis
492 2394 712 2439 condendis,
737 2394 944 2431 sancienda
966 2394 1184 2442 disciplina,
1218 2393 1437 2430 statuendis
1461 2393 1675 2430 canonibus
1706 2393 1923 2442 praesideat

190 2452 383 2501 episcopis
405 2455 451 2490 ut
472 2453 658 2489 membris
681 2456 817 2501 caput3
853 2454 952 2490 alter
973 2453 1015 2490 in
1037 2465 1080 2490 eo
1103 2455 1163 2489 est
1187 2453 1297 2497 situs,
1331 2454 1377 2489 ut
1398 2453 1487 2500 quis
1519 2465 1651 2490 rerum
1683 2453 1922 2502 agendarum

190 2511 601 2560 consultationumque
637 2512 766 2549 ordini
787 2512 999 2561 prospiciat
1031 2513 1325 2558 conventusque
1368 2511 1699 2559 tranquillitatem
1741 2514 1921 2556 tueatur-3

189 2570 333 2608 tertius
365 2571 534 2619 denique
569 2571 817 2619 praesidendi
849 2571 987 2608 modus
1018 2570 1194 2619 principe
1225 2573 1264 2607 et
1294 2571 1539 2608 honoratiore
1570 2571 1654 2608 loco
1686 2572 1921 2608 continetur.

190 2629 313 2677 Atqui
334 2630 492 2667 concedi
514 2630 662 2678 nequit,
695 2630 950 2679 imperatores
973 2629 1210 2677 praesedisse
1242 2629 1413 2666 conciliis
1436 2630 1561 2678 primo
1583 2630 1708 2676 modO,
1742 2642 1830 2667 cum
1862 2642 1922 2666 ca-

190 2691 302 2725 reant
323 2689 462 2736 quavis
479 2688 757 2738 jurisdictione
781 2689 1037 2726 ecclesiastica
1060 2685 1113 2740 (n.
1140 2686 1252 2739 330).
1294 2689 1396 2738 Ergo
1419 2689 1576 2727 concedi
1595 2691 1748 2726 tantum
1778 2691 1920 2736 potest,

190 2759 256 2784 eos
279 2748 521 2796 praesedisse
544 2749 665 2785 altero
690 2750 807 2796 atque
829 2747 949 2784 tertio
971 2747 1104 2792 modo;
1130 2760 1183 2795 qu
1229 2791 1233 2798 „
1256 2748 1373 2785 etiam
1389 2749 1577 2786 suadetur
1592 2748 1721 2785 verbis
1736 2748 1921 2796 epistolae

191 2818 293 2844 conc.
329 2807 644 2844 chalcedonensis
680 2807 727 2844 ad
760 2807 971 2844 Leonem
1004 2807 1053 2844 M.
1076 2819 1104 2844 c,
1142 2814 1183 2846 1:
1221 2781 1399 2850 ‚Quibus
1423 2805 1648 2859 (episcopis)
1683 2809 1729 2844 tu
1763 2807 1921 2855 quidem

191 2865 294 2902 sicut
313 2865 498 2903 membris
522 2868 639 2915 caput
659 2878 851 2915 praeeras,
885 2865 926 2902 in
948 2865 1020 2910 his,
1057 2865 1125 2913 qui
1147 2868 1236 2903 tuas
1268 2866 1369 2903 vices
1391 2867 1579 2916 gerebant
1609 2866 1920 2903 benevolentiam

189 2924 430 2972 praeferens:
466 2925 718 2973 imperatores
740 2937 830 2962 vero
852 2924 984 2961 fideles
1016 2924 1064 2961 ad
1096 2925 1313 2962 ornandum
1345 2925 1616 2962 decentissime
1647 2924 1922 2973 praesidebant

191 2983 294 3020 sicut
316 2983 527 3020 Zorobabel
548 2983 644 3021 Jesu
679 2991 712 3023 1.
735 2984 845 3021 Esdr.
871 2990 906 3028 3,
933 2989 953 3022 2
979 2983 1170 3020 Ecclesiae
1201 2986 1402 3032 tamquam
1436 2984 1654 3022 Jerusalem
1687 2983 1920 3020 aedificatio-

190 3054 279 3078 nem
301 3054 484 3079 renovare
507 3041 608 3079 circa
629 3043 812 3092 dogmata
832 3042 1084 3080 invitant-esst<
