2175 3382
182 146 267 185 420
625 137 742 171 'ri-aet.
764 137 823 172 111.
841 137 884 171 de
904 136 1077 182 primatu.
1098 137 1180 171 Non
1199 137 1285 170 licet
1302 136 1488 181 appellare

300 263 372 299 Pro
396 263 527 298 nostra
548 260 758 297 assertione
781 260 895 308 plura
916 261 1147 309 argumenta.
1174 258 1319 307 partim
1335 259 1417 307 jam
1448 259 1577 303 allata,
1611 260 1755 308 partim
1787 260 1914 298 adhuc

181 321 386 363 afferenda,
410 320 547 357 adduci
570 322 746 368 possunt.
791 318 954 356 Interim
977 317 1158 362 sufficiat,
1181 317 1287 366 quod
1309 318 1544 355 sententiam
1567 319 1785 367 oppositam
1812 319 1912 358 facto

181 380 490 429 reprobaverunt
505 379 552 415 Li
564 379 588 415 b
601 391 620 416 e
633 377 714 415 riu
726 390 743 415 s
767 377 961 426 synodum
985 390 1003 414 c
1015 391 1037 414 a
1047 390 1063 414 s
1075 390 1091 414 s
1102 390 1124 414 a
1134 390 1158 413 n
1171 377 1193 413 d
1206 389 1227 413 o
1249 390 1271 414 a
1281 389 1300 413 r
1313 377 1325 413 i
1337 390 1375 414 m
1391 377 1402 413 i
1416 389 1440 413 n
1453 389 1507 414 en
1517 389 1610 414 sem
1624 377 1717 415 licet
1730 377 1913 427 frequen-

181 440 386 477 tissimam.
423 440 524 475 teste
548 438 711 474 Damaso
734 449 791 486 ep.
818 443 840 477 3
864 450 901 474 n.
931 444 962 481 l,
994 439 1034 473 et
1056 436 1146 473 Leo
1177 448 1362 473 canonem
1388 441 1438 476 28
1472 449 1494 473 a
1525 437 1688 474 concilio
1719 437 1913 475 chalce-

181 499 274 536 don
288 498 398 535 ensi
419 497 595 546 alioquin
617 496 862 534 oecumenico
885 496 1076 532 sancitum
1099 492 1152 547 (n,
1177 492 1314 547 4053).
1356 495 1595 543 Reprobavit
1616 495 1862 534 Nicolaus
1884 497 1914 534 Ι.

181 571 238 607 ep.
264 564 315 597 86
341 557 387 594 ad
409 556 636 594 Michaelem
658 556 749 604 imp.
774 555 964 592 scribens:
999 554 1120 598 ,Cum
1153 553 1368 591 secundum
1391 566 1566 599 canones,
1600 555 1669 592 ubi
1700 557 1762 592 est
1791 556 1916 604 major

181 617 404 660 auctoritas,
435 615 629 664 judicium
652 615 881 651 inferiorum
904 615 953 651 sit
977 613 1229 650 deferendum
1251 612 1298 650 ad
1329 613 1628 650 dissolvendum
1659 614 1742 651 scil.
1774 614 1836 651 vel
1865 613 1915 651 ad

182 675 453 719 roborandum,
477 678 585 723 patet
600 673 785 722 profecto,
810 672 910 709 sedis
933 672 1177 720 apostolicae,
1202 672 1314 721 cujus
1338 672 1573 710 auctoritate
1595 673 1719 721 major
1740 685 1820 710 non
1842 675 1914 719 est,

176 735 369 784 judicium
393 748 412 771 a
435 734 589 770 nemine
613 733 691 769 fore
713 731 1014 775 retractandum,
1046 743 1172 779 neque
1203 731 1386 779 cuiquam
1408 731 1456 768 de
1478 732 1563 780 ejus
1595 731 1710 769 liceat
1737 731 1915 781 judicare

177 794 365 843 judicio.<t
411 792 561 837 Quibus
593 792 706 840 plane
738 790 881 828 similia
911 790 1108 827 inculcant
1137 790 1436 827 Bonifatius
1466 791 1495 827 Ι.
1528 803 1586 839 ep.
1616 797 1664 831 13
1698 803 1736 828 n.
1765 798 1798 837 1,
1832 791 1914 829 Ge-

182 854 345 890 lasius
369 850 421 904 (n.
448 849 560 901 375),
583 850 847 887 Ennodius
879 849 918 886 in
949 849 1128 899 apologia
1157 861 1229 898 pro
1253 849 1482 898 Symmacho
1515 852 1554 887 et
1575 850 1763 887 Avitus
1786 862 1843 899 ep.
1866 850 1914 888 ad

183 914 377 950 senatores
413 910 523 947 urbis
557 910 597 946 in
632 921 745 946 causa
781 908 1000 957 Symmachi
1035 905 1089 960 (n.
1126 905 1227 960 432)
1247 910 1302 945 ⁴et
1333 908 1588 946 Hadriani
1611 909 1659 946 II.
1691 921 1749 958 ep.
1788 915 1835 950 18
1867 909 1916 946 ad

182 971 380 1021 Ignatium
403 982 460 1018 ep.
485 969 552 1006 ΟΡ.
589 968 714 1013 Quare
738 968 855 1004 etiam
878 979 982 1007 cono,
1005 967 1297 1004 oecumenicum
1311 966 1403 1004 VIII
1418 971 1490 1004 act.
1511 976 1560 1008 10
1585 981 1666 1006 can.
1681 974 1728 1008 21
1749 967 1914 1006 statuit:

184 1058 200 1075 „
213 1032 331 1067 Porro
355 1029 385 1066 si
408 1028 580 1077 synodus
603 1026 837 1064 universalis
861 1026 980 1063 fuerit
1001 1029 1246 1076 congregata,
1270 1028 1310 1063 et
1330 1026 1431 1063 facta
1452 1026 1573 1064 fuerit
1587 1027 1705 1064 etiam
1720 1027 1767 1065 de
1782 1029 1918 1065 sancta

183 1101 432 1127 romanorum
454 1087 625 1124 Ecclesia
647 1086 808 1134 quaevis
831 1085 1070 1134 ambiguitas
1093 1087 1132 1122 et
1153 1085 1427 1131 controversia,
1460 1088 1615 1134 oportet
1636 1086 1918 1124 venerabiliter

184 1154 222 1186 et
243 1161 331 1186 cum
355 1146 601 1185 convenienti
622 1145 841 1182 reverentia
863 1145 909 1181 de
931 1144 1129 1193 proposita
1150 1144 1379 1193 quaestione
1401 1144 1588 1182 sciscitari
1621 1146 1659 1182 et
1681 1145 1916 1184 solutionem

184 1208 351 1256 accipere
374 1210 413 1243 et
435 1208 503 1242 aut
524 1205 720 1253 proficere,
745 1206 813 1241 aut
834 1203 1051 1252 profectum
1073 1204 1208 1250 facere,
1231 1214 1310 1240 non
1330 1206 1462 1241 tamen
1483 1204 1667 1241 audacter
1681 1205 1916 1242 sententiam

185 1267 309 1303 dicere
332 1268 465 1303 contra
488 1276 662 1301 summos
686 1263 848 1301 senioris
872 1263 1014 1300 Romae
1036 1263 1283 1311 pontifices«
1320 1262 1431 1306 Quod
1453 1263 1486 1299 si
1508 1263 1743 1312 quandoque
1764 1264 1917 1301 romani

184 1326 384 1374 pontifices
406 1324 678 1373 permiserunt,
712 1325 757 1360 ut
780 1335 915 1359 eorum
937 1334 1052 1359 causa
1075 1323 1363 1359 examinaretur
1383 1322 1425 1359 in
1448 1322 1623 1367 concilio,
1657 1322 1698 1360 id
1720 1335 1916 1361 concesse-

184 1388 278 1422 runt
301 1397 345 1421 ex
369 1383 536 1432 quadam
559 1382 792 1425 oeconomia,
828 1384 873 1419 ut
895 1381 1087 1418 efficacius
1111 1381 1236 1418 omnis
1258 1380 1531 1418 excluderetur
1555 1382 1822 1419 calumniandi
1853 1394 1916 1420 oc-

186 1444 283 1481 casio
306 1444 368 1480 vel
390 1446 436 1479 ut
467 1441 709 1479 manifestior
739 1453 874 1478 eorum
904 1442 1109 1489 appareret
1139 1440 1372 1478 innocentia.
1415 1440 1468 1478 Cf.
1490 1441 1840 1479 Bellarminus
1869 1441 1918 1478 de

185 1516 287 1542 conc.
311 1503 359 1546 ll,
390 1508 437 1542 13
464 1514 534 1545 ss.;
559 1501 731 1538 Cei-ciii
756 1512 784 1537 s.
810 1507 831 1540 3
856 1501 944 1537 lect.
971 1507 990 1539 5
1017 1512 1065 1537 ss.

303 1586 400 1626 400.
423 1583 466 1626 8.
492 1579 535 1622 Si
558 1581 723 1621 romani
738 1579 945 1632 pontificis
960 1584 1148 1632 potestas
1171 1583 1236 1620 est
1256 1590 1456 1631 suprema
1473 1578 1655 1632 ideoque
1669 1592 1798 1632 supra
1813 1592 1918 1621 con-

186 1654 291 1702 cilia,
315 1654 365 1694 ab
388 1667 432 1694 ea
458 1665 537 1693 non
560 1652 649 1692 licet
671 1651 895 1706 appellare.
939 1650 1060 1701 Quod
1078 1650 1168 1703 jam
1190 1650 1346 1691 diserte
1368 1649 1553 1691 inculcat
1575 1648 1831 1692 Gelasius
1853 1663 1918 1704 ep.

186 1729 240 1769 26
263 1737 301 1766 n.
325 1728 371 1768 ὧι
406 1722 529 1771 „Non
551 1722 789 1771 reticemus„
813 1722 925 1775 quod
949 1726 1101 1762 cuncta
1123 1733 1199 1773 per
1220 1720 1427 1761 mundum
1449 1721 1567 1761 novit
1586 1720 1787 1770 Ecclesia,
1809 1734 1916 1775 quo-

186 1797 300 1836 niam
324 1793 608 1848 quorumlibet
629 1793 848 1834 sententiis
869 1793 998 1844 ligata
1019 1791 1265 1845 pontificum
1295 1791 1422 1833 sedes
1453 1790 1491 1833 b.
1513 1790 1626 1832 Petri
1648 1792 1830 1844 apostoli
1846 1792 1917 1844 jus

186 1866 344 1907 habeat
364 1864 614 1913 resolvendi,
648 1868 794 1916 utpote
829 1876 938 1916 quae
973 1863 1025 1904 de
1057 1863 1173 1904 omni
1194 1862 1381 1903 Ecclesia
1414 1862 1477 1903 fas
1507 1862 1666 1903 habeat
1686 1862 1918 1915 judicandi,

186 1949 322 1990 neque
338 1937 535 1989 cuiquam
558 1935 609 1976 de
633 1936 723 1988 ers
744 1935 870 1976 liceat
886 1935 1078 1987 judicare
1087 1934 1268 1987 judici03
1291 1933 1499 1986 siquidem
1522 1933 1577 1974 ad
1598 1933 1713 1974 illam
1735 1933 1788 1974 de
1810 1945 1916 1986 qua-

186 2008 285 2049 libet
308 2007 452 2048 mundi
474 2013 594 2059 parte
617 2018 806 2047 canones
821 2006 1023 2059 appellari
1038 2005 1258 2054 voluerint,
1280 2004 1334 2045 ab
1356 2004 1427 2046 illa
1449 2008 1591 2045 autem
1614 2016 1740 2045 nemo
1763 2005 1817 2045 sit
1838 2016 1915 2057 ap-

187 2079 344 2139 pellare
374 2079 640 2131 permissus.³
689 2077 795 2117 Hinc
827 2076 1022 2130 quamvis
1053 2076 1223 2129 saepius
1254 2088 1280 2116 a
1314 2075 1502 2117 conciliis
1524 2079 1804 2128 provocatum
1825 2074 1917 2116 sue-

187 2151 240 2190 rit
262 2149 316 2190 ad
338 2161 540 2190 romanos
563 2147 783 2201 pontifices
807 2149 862 2203 (n.
885 2148 1000 2203 375),
1024 2146 1184 2188 nullum
1205 2152 1350 2187 tamen
1372 2145 1666 2199 appellationis
1688 2158 1714 2186 a
1735 2157 1918 2186 romano

187 2219 383 2272 pontifice
416 2219 469 2260 ad
501 2219 727 2260 concilium
760 2219 999 2260 universale
1033 2218 1241 2271 reperitur
1263 2217 1504 2270 exemplum
1525 2228 1659 2270 usque
1692 2216 1746 2257 ad
1771 2215 1918 2257 Fride-

187 2295 319 2331 ricum
342 2290 385 2333 ΙΙ.
408 2291 517 2343 imp.⁹
545 2291 615 2343 qui
638 2295 744 2331 teste
767 2290 861 2342 ipso
885 2289 1011 2330 Petro
1035 2289 1088 2330 de
1109 2288 1289 2329 Marca
1321 2287 1373 2328 de
1405 2299 1522 2328 conc.
1555 2286 1716 2328 sacerd.
1747 2291 1790 2327 et
1819 2287 1918 2339 imp.

187 2360 252 2411 IV,
281 2365 328 2404 17
355 2374 391 2401 n.
416 2364 454 2411 5,
476 2363 636 2413 primus
660 2361 897 2414 appellavit.
922 2359 972 2401 Et
993 2371 1097 2401 sane
1120 2360 1275 2412 opinio,
1298 2359 1425 2399 licere
1447 2370 1472 2399 a
1494 2370 1607 2410 papa
1628 2357 1842 2410 appellare
1863 2357 1918 2398 ad

189 2433 414 2473 concilium
438 2433 773 2481 oecumenicum,
805 2436 869 2473 est
891 2431 1272 2479 schismatica,
1306 2429 1531 2470 committit
1552 2429 1664 2470 enim
1685 2427 1917 2469 Ecclesiam

189 2515 286 2544 cum
308 2515 385 2544 suo
409 2503 568 2554 capite;
601 2508 665 2544 est
696 2503 721 2543 h
736 2514 827 2543 aer
841 2503 1007 2551 etica‚
1039 2513 1139 2542 nam
1162 2501 1390 2554 opponitur
1412 2499 1600 2552 dogmati
1622 2499 1674 2540 de
1695 2499 1919 2552 potestatis

190 2573 458 2626 plenitudine,
491 2585 600 2626 quae
632 2574 740 2614 inest
771 2573 990 2626 primatui;
1027 2577 1091 2614 est
1122 2571 1382 2625 absurda,
1415 2582 1516 2611 nam
1549 2570 1721 2611 nomine
1752 2569 1919 2610 concilii

191 2645 455 2686 oecumenici
477 2645 543 2685 vel
565 2644 936 2697 comprehenditur
958 2642 1156 2696 pontifex,
1183 2646 1224 2683 et
1245 2647 1346 2683 tunc
1367 2653 1455 2682 non
1477 2640 1696 2693 subjicitur
1718 2639 1918 2688 concilim

189 2715 254 2756 vel
277 2727 363 2756 non
386 2715 769 2767 comprehenditur,
796 2720 836 2756 et
857 2719 957 2755 tunc
978 2726 1066 2755 non
1087 2718 1152 2755 est
1174 2712 1508 2761 oecumenicum,
1528 2716 1575 2752 ut
1596 2723 1696 2752 mox
1718 2710 1918 2752 ostende-

192 2799 297 2835 mus,
318 2786 416 2826 hinc
439 2786 570 2826 multo
594 2786 733 2826 minus
756 2786 795 2826 ei
817 2785 1035 2838 subjicitur
1056 2784 1255 2837 pontifex.

311 2866 406 2900 401.
430 2860 572 2898 Contra
593 2860 874 2908 appellationes
897 2859 945 2896 ad
965 2872 1171 2896 romanum
1192 2857 1416 2907 pontificem
1435 2856 1690 2906 praecipuum
1707 2867 1916 2904 argumen-

189 2922 276 2957 tum
296 2919 446 2968 petitur
468 2931 512 2956 ex
535 2918 695 2956 ecclesia
727 2918 966 2963 africana,
999 2930 1099 2966 quae
1129 2917 1218 2954 illas
1252 2915 1404 2954 clericis
1438 2915 1644 2964 prohibuit
1677 2913 1719 2951 in
1753 2913 1916 2951 concilio

190 2978 497 3028 carthagine
512 2978 592 3015 nsi
615 2991 637 3014 a
660 2983 741 3017 418
767 2980 805 3014 et
827 2989 907 3014 can.
933 2983 984 3017 28
1009 2976 1163 3014 concilii
1185 2975 1276 3013 anni
1303 2974 1515 3023 sequentis.
1559 2973 1633 3011 Sed

312 3035 352 3078 l.
376 3036 473 3086 quid
495 3037 527 3074 si
549 3036 711 3074 ecclesia
732 3036 960 3073 africana
981 3036 1051 3073 hac
1071 3036 1113 3072 in
1134 3048 1175 3072 re
1197 3034 1396 3079 erraverit,
1421 3033 1525 3070 sicut
1540 3032 1722 3082 Cypriani
1742 3033 1917 3080 tempore

189 3097 336 3134 erravit
358 3096 400 3133 in
422 3096 648 3145 quaestione
671 3095 717 3132 de
739 3094 1022 3132 haereticorum
1043 3093 1305 3143 baptismate?
1328 3092 1472 3130 Tamen

2166 1806 2175 1934 -—-
2164 1665 2175 1794 *ha—A-

2171 2391 2175 2399 .
2173 2371 2175 2374 .
2164 2130 2175 2353 *afflunffl——n-„-
