2175 3382
205 140 290 179 412
634 134 754 168 '1¹1·act.
777 133 836 168 111.
855 134 898 168 de
916 135 1090 178 primatu.
1109 135 1281 168 Definitio
1300 134 1502 168 florentina.

205 261 325 307 ponat
346 258 538 295 theoriam
561 257 608 294 de
631 258 909 306 superioritate
931 258 1183 296 conciliorum
1207 270 1325 307 supra
1346 259 1582 307 pontificem.
1619 259 1754 308 Neque
1775 259 1944 297 alterum

205 318 280 354 dici
313 319 456 365 potest,
489 328 577 353 cum
609 317 744 354 nullus
774 317 949 366 pontifex
983 329 1244 355 successorem
1266 330 1382 355 suum
1406 318 1525 367 ligare
1546 318 1671 367 possit
1691 318 1731 356 in
1754 318 1813 364 iis,
1845 330 1945 367 quae

199 378 289 424 jure
312 375 447 413 <livino
470 375 619 413 adnexa
641 379 737 413 sunt
760 376 957 425 primatui.
987 377 1167 414 Ceterum
1191 374 1235 418 d.
1260 377 1371 414 nulla
1392 377 1582 425 assignari
1609 380 1740 426 potest
1761 377 1945 415 limitatio

206 435 399 483 primatus
413 448 482 484 per
504 435 643 484 legiti
654 448 690 472 m
701 448 722 472 o
734 448 750 472 s
773 447 959 479 canones;
981 449 1101 484 quare
1117 436 1234 473 verba
1249 437 1317 473 illa
1331 448 1409 473 non
1424 436 1652 486 significant
1665 436 1945 474 limitationem

203 507 303 542 quae
325 507 403 531 non
427 497 565 539 exstat,
589 493 654 531 sed
678 494 1010 532 confirmationem
1035 495 1240 543 primatus,
1276 508 1391 544 quem
1414 508 1549 532 revera
1565 496 1645 544 jam
1669 498 1785 533 antea
1806 494 1945 545 synodi

204 553 375 601 practice
398 556 438 590 et
459 553 671 591 theoretice
694 557 951 604 agnoverunt,
974 557 1021 591 ut
1042 555 1103 591 vel
1127 567 1172 591 ex
1196 566 1224 591 s.
1248 554 1386 592 Leonis
1408 555 1586 603 epistolis
1608 554 1746 604 liquet.

323 631 567 679 Quapropter
597 631 770 668 testatur
803 629 1101 668 Bonifatius
1142 631 1170 670 I.
1203 643 1260 679 ep.
1300 636 1347 671 14
1381 631 1581 668 nicaenam
1613 630 1808 680 synodum
1841 643 1946 674 ,non

204 689 356 738 aliquid
389 702 506 738 super
535 702 617 726 eam
651 687 797 741 (sedem
822 687 944 740 Petri)
976 702 1110 727 ausam
1142 701 1227 727 esse
1259 690 1511 734 constituere,
1545 701 1635 727 oum
1660 689 1816 734 viderit,
1846 689 1946 727 nihil

203 762 323 797 supra
344 751 528 786 meritum
553 760 669 785 suum
693 760 803 796 posse
827 749 1015 786 conferri:
1044 749 1174 785 omnia
1195 749 1366 797 denique
1388 749 1481 786 huic
1501 751 1665 786 noverat
1687 747 1842 786 Domini
1864 760 1946 786 ser-

205 820 319 845 mone
352 805 621 859 concessa1).«
667 808 726 844 lta
757 820 848 845 vero
882 808 1019 845 scribit
1041 808 1289 845 Nicolaus
1322 808 1370 845 ad
1396 808 1623 845 Michaelem
1654 808 1746 856 imp.
1778 819 1836 857 ep.
1869 813 1945 849 86:

205 867 345 911 „Quod
377 866 408 904 si
440 881 461 904 a
492 867 604 904 nobis
631 867 820 915 quaeritis
844 867 942 904 scire
963 869 1103 916 utpote
1125 880 1146 904 a
1167 867 1362 904 ministris
1384 867 1526 905 Christi
1548 870 1588 904 et
1609 866 1946 916 dispensatoribus

206 925 483 975 mysteriorum
508 926 592 974 ejus
615 923 842 977 (privilegia
863 926 1044 963 ecclesiae
1066 923 1274 978 romanae),
1298 926 1408 964 vobis
1429 926 1651 963 evi-lentius
1673 925 1946 972 ostendemus;

206 985 239 1023 si
265 996 354 1022 vero
377 997 487 1022 nosse
510 985 805 1033 parvipenditis,
829 987 870 1022 et
893 986 1019 1022 solum
1043 987 1177 1022 contra
1199 985 1411 1035 privilegia
1431 985 1612 1023 ecclesiae
1633 997 1814 1023 romanae
1835 985 1946 1022 nisus

205 1046 357 1082 vestros
390 1044 555 1093 erigitis,
588 1046 719 1081 cavete
750 1056 799 1081 ne
831 1056 949 1093 super
970 1057 1040 1082 vos
1074 1046 1365 1082 convertantur.
1407 1045 1558 1081 Durum
1585 1044 1732 1093 quippe
1753 1046 1814 1082 est
1834 1043 1947 1082 vobis

130 1080 359 1152 Noeontra
380 1103 572 1151 impetum
595 1102 770 1140 fluminis
793 1103 991 1145 reluctari,
1014 1103 1238 1152 durumque
1261 1102 1335 1152 est)
1351 1107 1487 1141 contra
1508 1103 1712 1141 stimulum
1736 1103 1948 1141 calcitrare.

206 1163 323 1200 Porro
357 1161 391 1199 si
423 1174 493 1199 nos
516 1174 592 1199 non
617 1162 832 1205 audieritis,
865 1164 989 1199 restat
1023 1168 1069 1200 ut·
1092 1162 1179 1200 sitis
1204 1162 1308 1211 apud
1330 1175 1400 1200 nos
1421 1163 1648 1206 necessario,
1671 1162 1808 1211 quales
1832 1163 1876 1200 D.
1899 1162 1947 1199 N.

202 1222 241 1259 J.
257 1222 434 1259 Christus
456 1221 524 1258 hos
547 1220 680 1258 haberi
702 1221 914 1270 praecepit,
939 1221 1007 1270 qui
1023 1221 1237 1259 Ecclesiam
1251 1221 1322 1259 Dei
1344 1221 1480 1259 audire
1494 1221 1812 1270 contempserint,
1834 1233 1946 1270 prae—

203 1281 337 1318 sertim
356 1292 443 1317 cum
464 1280 646 1318 ecclesiae
658 1292 838 1318 romanae
849 1280 1058 1331 privilegia
1067 1281 1209 1319 Christi
1229 1294 1295 1319 ore
1315 1281 1356 1318 in
1377 1281 1413 1318 b.
1437 1281 1552 1318 Petro
1574 1280 1739 1325 firmata,
1757 1280 1800 1318 in
1812 1280 1946 1318 Eccle-

206 1340 264 1377 sia
296 1340 381 1388 ipsa
411 1339 614 1388 disposita,
647 1339 869 1388 antiquitus
892 1340 1099 1378 observata
1121 1342 1161 1377 et
1185 1354 1206 1377 a
1228 1341 1373 1378 sanctis
1396 1339 1685 1377 universalibus
1707 1339 1865 1389 synodis
1886 1351 1947 1377 ce-

205 1399 366 1443 lebrata,
400 1401 518 1446 atque
549 1412 570 1435 a
598 1401 736 1436 cuncta
761 1398 935 1437 Ecclesia
960 1400 1114 1449 jugiter
1139 1402 1335 1445 venerata,
1367 1400 1596 1437 nullatenus
1626 1399 1780 1448 possint
1809 1398 1947 1444 minui,

205 1458 434 1495 nullatenus
455 1458 629 1508 infringi,
653 1458 884 1496 nullatenus
908 1459 1152 1505 commutari,
1175 1459 1361 1507 quoniam
1383 1458 1697 1504 fundamentum,
1720 1458 1826 1507 quod
1843 1458 1947 1496 Deus

198 1518 349 1565 posuit,
382 1517 578 1554 humanus
610 1530 688 1555 non
711 1518 817 1555 valet
848 1530 1026 1555 amovere
1057 1520 1241 1563 conatus3
1273 1520 1312 1555 et
1344 1518 1449 1567 quod
1473 1517 1575 1554 Deus
1607 1517 1761 1563 statuit,
1792 1516 1949 1554 firmum

164 1593 166 1598 ·
206 1576 460 1624 validumque
484 1576 684 1614 consistit:
718 1576 864 1626 illeque
887 1577 1135 1625 potissimum
1157 1579 1302 1626 peccat,
1327 1577 1396 1625 qui
1417 1576 1488 1614 Dei
1508 1576 1744 1614 ordinationi
1765 1576 1948 1614 resistere

205 1635 353 1673 tendat.
396 1635 622 1685 Privilegia,
653 1636 825 1684 inquam,
848 1636 966 1673 istius
990 1636 1094 1674 sedis
1115 1637 1178 1674 vel
1200 1637 1392 1674 Ecclesiae
1413 1638 1604 1685 perpetua
1623 1638 1735 1680 sunt;
1759 1635 1949 1673 divinitus

205 1694 378 1732 radicata
410 1697 528 1743 atque
560 1695 738 1743 plantata
759 1698 876 1740 sunt3
910 1695 1079 1745 impingi
1101 1699 1279 1745 possunt,
1302 1695 1508 1733 transferri
1527 1707 1606 1732 non
1627 1696 1812 1743 possunt;
1844 1694 1949 1732 trahi

206 1756 383 1802 possunt,
416 1753 533 1791 evelli
563 1766 643 1791 non
672 1756 850 1803 possunt.
863 1759 880 1778 «
923 1755 1190 1792 Paschalis
1222 1755 1270 1792 ΙΙ.
1293 1768 1352 1804 ep.
1379 1761 1482 1796 506:
1520 1754 1673 1803 »Ajunt
1702 1754 1745 1791 in
1775 1753 1949 1791 conciliis

206 1814 400 1850 statutum
432 1825 512 1850 non
546 1813 713 1851 inveniri
748 1810 812 1867 (ut
841 1814 1133 1863 metropolitani
1165 1814 1247 1852 sedi
1278 1814 1513 1863 apostolicae
1539 1814 1813 1862 juramentum
1837 1824 1948 1862 prae-

209 1874 315 1909 stent
337 1868 440 1924 etc).
465 1872 578 1920 quasi
599 1885 780 1910 romanae
794 1873 988 1911 Ecclesiae
1008 1874 1132 1923 legem
1149 1873 1314 1912 concilia
1327 1873 1411 1910 ulla
1423 1873 1694 1922 praefixerint:
1717 1884 1805 1910 cum
1820 1871 1950 1910 omnia

206 1931 371 1969 concilia
400 1943 471 1980 per
493 1931 684 1969 Ecclesiae
714 1944 896 1970 romanae
927 1933 1201 1970 auctoritatem
1228 1936 1268 1970 et
1287 1933 1389 1970 facta
1411 1932 1490 1970 sint
1511 1935 1551 1969 et
1571 1932 1695 1969 robur
1715 1931 1948 1980 acceperint,

208 1992 248 2027 et
276 1990 318 2027 in
349 2002 482 2028 eorum
516 1992 678 2028 statutis
699 2004 860 2029 romana
881 1993 1061 2040 patenter
1081 1992 1294 2029 auctoritas
1315 1992 1572 2040 excipiatur!¹
1615 1991 1668 2029 Cf.
1691 1991 1950 2040 Kleutgen

209 2050 256 2086 de
277 2062 373 2086 rom.
394 2051 502 2098 pont.
526 2062 709 2098 suprema
739 2053 932 2099 potestate
960 2051 1135 2097 docendi,
1167 2051 1332 2100 Neapoli
1361 2057 1469 2092 1870
1495 2049 1516 2093 ἓ
1541 2057 1588 2097 6;
1620 2049 1864 2096 Andries‚
1887 2061 1948 2087 ca—

209 2108 349 2145 thedra
369 2121 463 2146 rom.
486 2121 522 2157 p.
546 2116 626 2149 395
652 2121 723 2154 ss.;
746 2110 993 2147 Palmieri
1013 2111 1069 2147 th.
1091 2117 1161 2154 15;
1185 2110 1509 2148 Granderath
1529 2110 1555 2147 l.
1577 2121 1608 2149 c.
1629 2122 1666 2158 p.
1694 2115 1769 2150 151
1795 2120 1857 2154 ss„
1880 2108 1950 2157 qui

206 2180 254 2204 ex
285 2167 384 2205 actis
416 2167 591 2206 ostendit
620 2169 805 2217 rejectam
826 2168 945 2206 fuisse
967 2182 989 2206 a
1010 2169 1189 2218 patribus
1216 2169 1370 2207 concilii
1392 2168 1561 2206 vaticani
1583 2168 1819 2217 opinionem,
1850 2179 1950 2216 quae

209 2227 328 2263 verba
348 2238 453 2264 conc.
476 2227 676 2265 florentini
699 2240 817 2265 sensu
839 2228 1067 2266 restrictivo
1089 2228 1312 2277 accipiebat.

331 2298 426 2339 390.
463 2294 693 2336 Florentini
732 2296 900 2337 concilii
936 2295 1225 2337 definitionem
1258 2296 1436 2337 innovat
1469 2300 1596 2348 atque
1628 2293 1762 2335 fusius
1795 2294 1951 2335 evolvit

209 2364 437 2405 concilium
453 2365 698 2406 vaticanum
718 2365 1129 2419 explicationemque
1150 2366 1234 2407 hoc
1254 2377 1420 2406 canone
1435 2364 1616 2407 absolvit
1626 2347 1732 2416 :³⁸„Si
1754 2364 1848 2417 quis
1868 2364 1949 2405 ita-

212 2447 296 2488 que
313 2435 474 2481 dixerit,
488 2448 714 2477 romanum
732 2436 976 2489 pontificem
991 2436 1152 2478 habere
1166 2436 1463 2478 tantummodo
1479 2434 1661 2477 officium
1676 2434 1950 2488 inspectionis

211 2506 278 2547 vel
299 2505 555 2555 directionis,
578 2519 665 2548 non
688 2513 832 2549 autem
856 2507 1026 2560 plenam
1049 2512 1091 2549 et
1112 2519 1357 2560 supremam
1372 2511 1626 2560 potestatem
1644 2505 1950 2560 jurisdictionis

212 2577 255 2617 in
278 2577 520 2618 universam
536 2577 768 2619 Ecclesiam
784 2590 872 2620 non
893 2578 1030 2619 solum
1053 2580 1097 2619 in
1117 2578 1257 2628 rebus,
1279 2590 1389 2632 quae
1412 2577 1466 2619 ad
1488 2577 1613 2619 fidem
1636 2581 1678 2618 et
1699 2588 1853 2626 moreS,
1874 2576 1948 2618 sed

212 2647 344 2688 etiam
370 2647 414 2688 in
445 2647 506 2696 iis,
538 2660 648 2701 quae
673 2649 727 2690 ad
749 2649 1014 2702 disciplinam
1038 2654 1080 2690 et
1101 2649 1290 2701 regimen
1311 2648 1526 2690 Ecclesiae
1546 2659 1623 2701 per
1642 2651 1779 2689 totum
1802 2646 1950 2689 orbem

213 2718 392 2759 diflusae
405 2718 634 2770 pertinen13
657 2724 730 2760 aut
744 2732 839 2761 eum
855 2719 1015 2761 habere
1028 2724 1193 2761 tantum
1208 2720 1396 2773 potiores
1410 2723 1565 2772 partes,
1585 2730 1675 2759 non
1691 2729 1793 2759 vero
1815 2721 1951 2758 totam

216 2788 519 2841 plenitudinem
542 2789 667 2842 hujus
690 2803 915 2843 supremae
945 2791 1188 2844 potestati53
1219 2795 1294 2832 aut
1322 2791 1435 2832 hano
1465 2789 1556 2842 ejus
1586 2792 1842 2842 potestatem
1863 2800 1951 2829 non

216 2871 310 2901 esse
333 2859 593 2901 ordinariam
617 2865 658 2901 et,
679 2861 974 2903 immediatam
997 2862 1086 2904 sive
1107 2862 1151 2903 in
1173 2873 1322 2903 omnes
1344 2873 1396 2902 ac
1417 2860 1603 2913 singulas
1625 2859 1840 2909 ecclesias,
1862 2859 1951 2900 sive

212 2930 256 2971 in
278 2942 428 2971 omnes
452 2935 494 2971 et
515 2931 704 2982 singulos
726 2936 921 2984 pastores
943 2937 985 2974 et
1005 2909 1171 2994 fidelesJ
1181 2931 1230 2973 A.
1252 2930 1321 2973 S.“

360 3051 387 3091 ¹)
407 3048 459 3084 Cf.
487 3047 531 3082 ad
560 3048 652 3083 haee
680 3048 793 3082 verba
819 3048 1040 3084 illustranda
1068 3049 1282 3083 Schmitz
1308 3049 1348 3082 in
1375 3049 1485 3082 docta
1512 3047 1597 3081 diss.
1616 3046 1795 3081 Katholik
1814 3047 1905 3081 1887
1924 3045 1950 3079 Ι.

213 3102 432 3145 praesertim
451 3113 535 3146 pag.
556 3104 620 3136 201
642 3112 708 3140 ss.;
727 3101 955 3136 Gelasius
973 3113 1029 3145 ep.
1052 3105 1093 3136 12
1112 3114 1146 3135 n.
1166 3103 1206 3139 9:
1226 3111 1282 3145 ep.
1299 3104 1345 3135 42
1362 3113 1398 3134 n.
1421 3103 1448 3135 1.
