2175 3382
487 150 613 184 Thesis
631 149 756 185 XLlll.
776 150 859 184 Non
877 150 944 184 soli
966 149 1229 194 praedestinati
1248 150 1437 193 pertinent
1455 150 1501 184 ad
1525 151 1615 184 Eccl.
1773 129 1778 134 .
1835 154 1916 197 257

301 271 344 313 2.
369 272 597 322 colligimus
619 273 773 310 nullum
806 271 1215 320 protestantium
1247 274 1402 309 coetum
1433 285 1564 310 veram
1595 285 1676 310 esse
1697 273 1919 311 Ecclesiam.

185 333 281 370 Sane
311 334 584 381 protestantes,
608 332 641 369 si
663 332 738 369 sibi
761 332 965 369 cohaerere
987 333 1026 368 et
1047 331 1222 367 constare
1244 330 1381 376 velint,
1416 332 1552 368 docere
1575 332 1715 376 solent,
1740 332 1918 381 singulos

182 391 339 440 proprio
361 391 492 429 studio
514 391 749 440 proprioque
771 390 944 428 examine
967 389 1165 427 doctrinae
1186 389 1383 427 revelatae
1406 393 1578 438 systema
1599 403 1644 427 ex
1667 390 1814 428 divinis
1829 391 1919 428 lite-

183 450 237 488 ris
267 450 341 487 sibi
363 462 593 499 componere
625 450 775 487 debere.
818 449 943 496 Atqui
975 450 1097 494 major
1128 448 1331 485 hominum
1365 460 1454 496 pars
1489 448 1536 485 ad
1571 449 1642 486 hoc
1673 449 1920 487 efficiendum

182 521 342 558 prorsus
365 512 427 546 est
447 509 621 557 incapax,
644 511 690 546 ut
711 508 853 556 cuique
875 507 1138 545 consideranti
1172 509 1292 555 patet,
1326 519 1396 545 nec
1418 507 1502 544 ulla
1523 509 1584 545 est
1604 508 1765 545 moralis
1796 509 1920 557 possi-

182 568 328 614 bilitas,
351 570 397 605 ut
419 580 537 616 capax
558 567 747 604 reddatur
770 567 827 615 (cf.
851 580 887 607 11.
915 573 935 607 7
943 572 979 606 4.
1009 574 1023 606 1
1042 564 1118 617 16).
1160 567 1263 616 Ergo
1296 578 1340 603 eo
1363 566 1448 614 ipso
1472 567 1627 603 exclusa
1657 566 1758 603 foret
1779 566 1827 603 ab
1848 567 1920 605 Ec-

183 627 299 664 clesia
318 627 442 675 major
463 626 665 664 hominum
687 638 788 674 pars,
812 638 941 674 neque
964 627 1067 662 esset
1087 626 1274 663 materies
1297 625 1382 674 ejus
1406 627 1566 671 remota,
1601 625 1705 673 quod
1727 624 1788 670 iis,
1822 638 1920 674 quae

183 686 538 723 demonstravimus
559 689 763 735 repugnat.
809 686 948 722 Contra
979 685 1152 722 Ecclesia
1174 684 1449 730 catholica,
1484 696 1572 721 cum
1604 684 1757 721 nitatur
1788 686 1920 722 aucto—

182 745 310 790 ritate,
332 757 409 793 qua
428 741 570 798 {omnes
601 744 778 781 homines
807 743 920 781 facile
955 756 1054 792 quae
1085 743 1305 781 necessaria
1336 745 1430 780 sunt
1461 743 1659 780 addiscere
1688 745 1853 791 possunt
1883 746 1922 780 et

183 804 322 846 solent.
353 803 563 841 admodum
586 816 626 841 se
649 802 894 840 commendat
926 815 969 840 ex
994 803 1063 840 hac
1093 804 1213 851 parte,
1246 805 1293 839 ut
1325 802 1472 840 censeri
1503 801 1627 850 possit
1658 814 1749 839 vera
1779 801 1921 839 Christi

181 863 352 901 Ecclesia
372 863 415 900 in
437 862 605 900 salutem
627 862 752 899 totius
775 861 930 912 generis
954 862 1115 899 humani
1137 862 1334 899 instituta.

301 942 398 985 227.
421 941 589 985 TheSiS
613 941 794 984 XLIII·
859 955 1052 988 Falsum
1087 957 1151 988 est
1185 956 1247 989 ad
1282 954 1537 988 Ecclesiam
1578 955 1847 989 immediate
1883 957 1923 988 et

182 1016 302 1049 solos
323 1016 562 1058 pertinere
585 1015 974 1056 praedestinatos.

299 1095 676 1140 Demonstratio.
719 1094 868 1136 Thesis
892 1099 955 1135 est
977 1098 1129 1135 contra
1152 1094 1490 1144 Wicleffum,
1523 1093 1660 1135 Huss
1680 1094 1710 1150 1)
1735 1098 1777 1135 et
1798 1093 1920 1135 Cal-

183 1167 384 1216 vinum,
411 1166 645 1207 secundum
668 1178 774 1220 quos
797 1166 986 1207 Ecclesia
1008 1170 1073 1207 est
1094 1170 1241 1207 coetus
1264 1165 1692 1218 praedestinatorum.
1735 1164 1919 1207 Praede-

184 1237 364 1278 stinatos
386 1242 527 1279 autem
551 1237 866 1278 immediate
899 1241 941 1278 et
972 1248 1048 1289 per
1079 1248 1125 1277 se
1155 1248 1244 1276 non
1265 1237 1478 1288 pertinere
1500 1236 1555 1277 ad
1587 1237 1819 1277 animam
1844 1236 1922 1277 Ec-

185 1308 338 1349 clesiae
367 1308 427 1349 ita
452 1307 677 1360 probatur:
709 1307 844 1349 Nemo
868 1308 1052 1360 pertinet
1074 1311 1172 1348 actu
1195 1307 1250 1348 ad
1271 1306 1486 1348 Ecclesiae
1509 1307 1710 1357 animam,
1740 1307 1821 1348 nisi
1851 1308 1921 1360 qui

183 1379 314 1419 vitam
344 1379 445 1420 vivit
464 1378 679 1420 Ecclesiae
711 1384 858 1432 estque
881 1378 1123 1420 membrum
1147 1377 1301 1419 Christi
1332 1378 1487 1427 vivum,
1520 1378 1562 1419 in
1593 1378 1709 1431 quod
1731 1377 1921 1419 Christus

183 1454 403 1502 tamquam
425 1450 520 1491 vitis
541 1450 584 1491 in
606 1450 824 1503 palmitem
845 1451 1046 1491 virtutem
1069 1448 1215 1490 influit.
1259 1449 1385 1502 Atqui
1408 1449 1498 1490 fieri
1519 1453 1671 1502 potest,
1697 1452 1743 1489 ut
1765 1449 1835 1501 qui
1858 1454 1921 1489 est

185 1520 535 1573 praedestinatus,
558 1521 747 1562 nondum
770 1521 823 1561 sit
845 1521 986 1562 vivum
1002 1520 1158 1562 Christi
1172 1519 1425 1569 membrum,
1447 1520 1556 1560 sicut
1578 1531 1727 1561 omnes
1741 1519 1921 1560 infantes

187 1595 285 1632 ante
306 1590 576 1644 baptismum,
607 1592 693 1633 imo
725 1592 853 1644 impie
886 1591 1025 1632 adhuc
1051 1592 1178 1640 vivat,
1209 1590 1377 1632 rebellis
1411 1591 1464 1631 sit
1484 1590 1709 1640 Ecclesiae,
1741 1590 1922 1643 ideoque

185 1662 359 1714 propria
379 1661 593 1703 Ecclesiae
615 1662 700 1702 vita
722 1662 987 1710 destituatur,
1019 1666 1065 1702 ut
1096 1673 1158 1702 ex.
1191 1674 1247 1713 gr.
1271 1660 1423 1702 Saulus
1456 1661 1556 1701 dum
1588 1660 1923 1713 persequebatur

184 1731 427 1773 Ecclesiam.
461 1732 570 1773 Fieri
593 1744 693 1785 ergo
716 1737 867 1785 potest,
890 1736 935 1773 ut
956 1732 1298 1784 praedestinatus
1320 1731 1511 1772 nondum
1533 1732 1746 1784 pertineat
1766 1731 1820 1771 ad
1843 1731 1920 1771 Ec-

185 1803 339 1844 clesiae
353 1804 552 1844 animam.
587 1803 728 1854 Quare
752 1803 903 1844 falsum
929 1807 1004 1851 est,
1028 1814 1200 1843 omnem
1215 1802 1593 1854 praedestinatum,
1616 1813 1667 1843 eo
1690 1802 1782 1854 ipso
1806 1801 1920 1854 quod

186 1874 238 1915 sit
268 1874 620 1926 praedestinatus,
651 1874 896 1915 immediate
920 1877 962 1914 et
982 1885 1057 1926 per
1080 1885 1174 1914 sese
1197 1879 1295 1914 actu
1317 1873 1530 1926 pertinere
1553 1872 1608 1913 ad
1630 1873 1819 1913 animam
1840 1871 1920 1912 Ec-

185 1945 351 1986 clesiae.
393 1945 458 1985 Ad
479 1945 587 1986 haec
610 1945 645 1986 si
667 1944 971 1997 praedestinati
1002 1944 1043 1984 vi
1070 1943 1470 1996 praedestinationis
1488 1943 1578 1996 jam
1601 1947 1843 1995 spectarent
1865 1942 1919 1983 ad

183 2015 397 2056 Ecclesiae
420 2016 620 2065 animam,
642 2015 857 2068 superflua
879 2020 992 2056 esset
1015 2014 1184 2056 vocatio
1208 2014 1263 2055 ad
1284 2014 1529 2064 Ecclesiam,
1551 2017 1920 2055 sacramentorum

184 2087 410 2139 susceptio,
427 2086 671 2139 justificatio
695 2092 771 2130 etc,

302 2155 448 2210 Neque
469 2156 576 2198 soli
601 2157 907 2209 praedestinati
929 2157 1142 2208 pertinent
1169 2156 1223 2196 ad
1244 2156 1459 2197 Ecclesiae
1482 2156 1691 2204 animam3
1724 2156 1778 2196 ad
1809 2157 1921 2197 hanc

185 2229 295 2270 enim
311 2240 460 2270 omnes
468 2229 607 2282 justos
621 2232 814 2281 spectare
830 2228 1139 2269 contendemus
1154 2228 1258 2268 thes.
1274 2239 1382 2280 seq.;
1406 2227 1522 2280 atqui
1545 2239 1631 2268 non
1655 2239 1804 2268 omnes
1819 2227 1921 2280 justi

184 2304 282 2340 sunt
302 2299 616 2351 praedestinati,
638 2312 737 2340 nam
762 2301 832 2353 qui·
853 2312 894 2340 se
917 2300 1125 2340 existimat
1147 2305 1270 2351 stare,
1293 2299 1430 2339 videat
1453 2311 1500 2339 ne
1523 2298 1648 2339 cadat
1670 2298 1726 2355 (1.
1742 2296 1836 2341 Cor.
1856 2300 1921 2347 10,

188 2371 272 2426 12),
303 2374 345 2411 et
366 2370 485 2411 multi
509 2382 559 2411 ex
582 2370 673 2420 illis,
705 2371 775 2423 qui
806 2370 849 2410 in
871 2369 1048 2411 infantia
1071 2370 1239 2410 luerunt
1255 2368 1486 2422 justificati,
1518 2369 1657 2421 perire
1679 2372 1858 2421 possunt
1879 2373 1921 2408 et

183 2445 371 2493 pereunt.
406 2440 513 2493 Ergo
536 2453 623 2481 non
645 2441 724 2481 soli
744 2440 1049 2493 praedestinati
1072 2444 1170 2481 actu
1193 2444 1388 2493 spectant
1409 2440 1464 2481 ad
1482 2439 1696 2481 Ecclesiae
1719 2440 1920 2483 animam.

301 2511 431 2553 Multo
447 2516 589 2553 autem
604 2512 742 2552 minus
757 2523 906 2552 omnes
932 2515 972 2552 et
994 2511 1073 2552 soli
1095 2511 1400 2563 praedestinati
1423 2515 1617 2563 spectant
1640 2511 1694 2552 ad
1718 2522 1918 2562 corpus

183 2581 418 2631 Ecclesiae3
446 2583 528 2624 hoc
550 2583 662 2624 enim
685 2582 871 2623 admisso
897 2582 1007 2634 perit
1028 2581 1248 2622 visibilitas
1270 2581 1497 2631 Ecclesiae,
1530 2594 1626 2622 cum
1649 2581 1773 2622 nobis
1795 2581 1919 2633 plane

183 2654 493 2707 incompertum
527 2655 590 2703 sit,
625 2654 798 2706 quinam
835 2654 917 2694 sint
952 2653 1266 2706 praedestinati.
1321 2653 1441 2704 Quae
1475 2652 1697 2694 visibilitas
1730 2652 1765 2692 si
1799 2652 1918 2703 perit,

331 2807 356 2851 ¹)
373 2805 513 2840 Horum
524 2807 621 2840 enim
636 2806 800 2840 damnati
815 2807 901 2840 sunt
915 2805 1084 2842 articuli:
1104 2808 1134 2839 1.
1151 2830 1164 2844 ‚
1176 2804 1292 2838 Unica
1307 2807 1362 2839 est
1376 2806 1503 2839 sancta
1513 2804 1731 2839 universalis
1746 2803 1916 2841 Ecclesia,

184 2868 279 2902 quae
296 2861 352 2893 est
367 2860 727 2904 praedestinatorum
746 2859 980 2893 universitas.
1013 2861 1045 2892 3.
1063 2857 1240 2892 Praesciti
1267 2868 1340 2892 non
1368 2859 1457 2893 sunt
1482 2861 1606 2903 partes
1625 2857 1817 2896 Ecclesiae,
1837 2865 1918 2887 cum

184 2911 288 2946 nulla
304 2923 389 2957 pars
407 2913 484 2958 ejus
503 2913 662 2947 finaliter
679 2911 824 2946 excidat
842 2912 889 2945 ab
909 2922 961 2952 ea,
980 2922 1022 2946 eo
1041 2911 1139 2955 quod
1156 2911 1509 2955 praedestinationis
1528 2912 1670 2951 caritas,
1689 2921 1783 2954 quae
1801 2909 1917 2952 ipsam

185 2965 290 3010 ligat,
311 2975 383 2999 non
400 2965 546 3001 excidit.
582 2971 614 3001 5.
632 2966 840 3000 Praescitus
859 2964 929 2999 etsi
948 2964 1148 3008 aliquando
1177 2967 1233 2998 est
1259 2963 1297 2997 in
1324 2966 1446 3009 grat-ia
1473 2964 1673 2997 secundum
1689 2963 1916 3006 praesentem

180 3019 380 3064 justitiam,
397 3020 523 3052 tamen
540 3030 732 3063 nunquam
752 3020 807 3053 est
825 3029 910 3062 pars
928 3018 1077 3052 sanctae
1096 3017 1297 3057 Ecclesiam
1318 3019 1355 3051 et
1369 3017 1664 3062 praedestinatus
1684 3025 1826 3058 semper
1846 3024 1916 3047 ma-

183 3073 247 3107 net
263 3072 467 3106 membrum
485 3072 680 3109 Ecclesiae.
698 3072 789 3106 licet
806 3070 1006 3115 aliquando
1028 3070 1174 3105 excidat
1188 3082 1209 3104 a
1222 3071 1342 3115 gratia
1359 3070 1574 3111 adventitia,
1596 3069 1659 3102 sed
1674 3078 1747 3101 11011
1762 3079 1783 3101 a
1796 3066 1916 3111 gratia

184 3125 563 3169 praedestinationis«
601 3124 654 3159 Cf.
674 3127 787 3159 etiam
805 3126 872 3160 art.
892 3128 923 3160 2.
944 3125 975 3158 6.
995 3126 1051 3158 20.
1070 3127 1111 3157 21
1136 3125 1204 3158 etc.

328 3185 487 3215 water,
508 3184 656 3216 Compend.
678 3184 829 3217 theologiae
851 3186 872 3214 Ι,
898 3183 944 3208 lo.
966 3183 1008 3208 ed.
1639 3168 1677 3202 17
