2175 3382
262 101 339 141 120
554 95 675 129 'lu-act.
699 94 721 130 l.
744 94 924 138 Apologia
945 93 1049 137 relig.
1069 94 1193 128 christ.
1214 92 1438 128 Coneionum
1457 95 1683 138 argumenta.

371 219 411 257 ὅ.
435 217 718 254 Testimonium
751 218 884 254 ferunt
915 217 1052 254 docti
1085 219 1124 253 et
1147 216 1228 253 ind
1243 217 1365 261 octi,
1400 216 1439 253 hi
1461 216 1565 264 quod
1588 216 1760 254 breviter
1780 217 1875 254 adeo
1898 229 1987 266 pro-

254 277 391 314 ficiunt
413 276 455 312 in
471 276 649 313 veritatis
673 288 824 313 summe
846 276 1085 313 necessariae
1099 275 1340 324 cognitione:
1364 275 1479 319 docti,
1504 275 1608 323 quod
1622 275 1776 324 plenam
1791 275 1846 313 eis
1860 275 1989 313 reddit

253 335 418 372 maxima
440 347 528 372 cum
552 335 694 372 fiducia
716 335 908 372 rationem
932 347 1024 372 suae
1047 334 1340 380 credibilitatis3
1376 334 1481 383 quod
1504 334 1662 371 damnat
1684 334 1989 383 imprudentiam

253 396 292 431 et
322 394 523 431 levitatem
557 394 597 431 in
630 394 842 438 credendo;
875 393 978 442 quod
1009 394 1119 430 nulla
1141 396 1199 430 est
1221 394 1422 431 doctorum
1445 393 1589 437 classis,
1623 393 1685 430 cui
1708 405 1786 430 non
1807 393 1989 442 praebeat

251 453 446 491 sufficiens
477 455 516 490 et
548 453 882 490 accommodatum
915 452 1188 489 credibilitatis
1220 452 1432 496 motivum;
1465 451 1570 500 quod
1593 464 1636 489 ex
1659 452 1765 489 omni
1786 452 1989 490 doctorum

252 512 387 550 ordine
410 512 571 560 plurimi
594 514 699 557 sunt,
733 512 800 560 qui
824 511 1004 549 veritatis
1033 511 1158 560 ipsius
1183 511 1335 560 fulgore
1358 511 1462 560 capti
1483 510 1634 560 ingenii
1658 511 1718 548 sui
1741 511 1989 561 sagacitatem

251 571 562 619 eruditionisque
585 571 896 620 suppellectilem
919 570 1028 607 illius
1052 571 1237 619 obsequio
1260 573 1299 608 et
1322 571 1470 608 tutelae
1493 570 1723 607 devoveant.

368 628 412 670 9.
436 631 718 668 Testimonium
742 630 898 667 demum
922 629 1055 666 ferunt
1076 630 1138 667 vel
1160 629 1444 675 increduli,
1469 629 1537 677 qui
1560 629 1646 666 idco
1667 629 1715 666 ab
1737 641 1783 666 ea
1804 629 1989 666 resiliunt

250 689 356 737 quod
378 692 608 727 aversantur
629 691 781 726 tantam
803 700 902 737 quae
924 689 965 726 in
987 701 1031 726 ea
1053 689 1201 726 relucet
1224 689 1293 725 Dei
1316 689 1561 737 majestatem
1585 690 1623 725 et
1641 688 1863 736 justitiam3
1884 688 1988 725 veri-

251 749 346 786 tatis
358 749 542 798 vigorem,
559 748 684 785 carnis
698 747 1009 797 abnegationem,
1022 750 1318 796 praeceptorum
1333 747 1594 793 sanctitatem,
1607 747 1769 784 virtutis
1781 747 1988 785 culturam.

375 815 466 848 107.
490 805 542 847 V.
567 808 758 844 Parvulas
789 811 902 844 natus
933 812 984 844 est
1016 808 1122 844 nobis
1153 812 1185 844 et
1213 807 1317 855 filius
1349 807 1463 844 datus
1494 811 1545 843 est
1576 807 1693 855 uobis,
1728 811 1759 843 et
1793 807 1916 854 factus
1938 811 1990 843 est

245 868 494 915 principatus
515 879 629 915 super
664 867 863 903 humerum
895 867 1000 915 ejus:
1032 871 1064 903 et
1095 867 1288 903 vocabitur
1319 878 1451 903 nomen
1484 866 1562 913 ejus
1585 865 1855 911 Admirabilis,
1891 865 1988 902 Con-

252 926 440 974 siliarius,
463 926 578 974 Deus,
605 925 747 973 Fortis,
771 926 887 962 Pater
906 926 1034 972 futuri
1056 926 1181 974 seculi,
1207 924 1391 973 Princeps
1409 926 1520 973 pacis
1543 925 1590 962 ls.
1616 931 1652 968 9,
1679 932 1714 963 (3.
1750 924 1990 962 Vaticinium

251 985 446 1033 praeclare
476 985 734 1033 adimpletum
765 986 826 1022 est
859 984 900 1021 in
933 985 1083 1022 Christo
1115 984 1220 1022 Jesu.
1264 984 1335 1021 Est
1366 996 1457 1033 ergo
1489 984 1573 1032 ipse
1606 983 1764 1021 Messias
1796 983 1990 1020 divinitus

251 1044 479 1092 promissus.
522 1043 613 1092 Ipse
644 1044 833 1092 parvulus
864 1044 905 1081 in
936 1044 1137 1092 praesepio
1169 1043 1322 1092 positus
1354 1043 1467 1080 nobis
1500 1043 1614 1080 datus
1636 1044 1712 1080 est:
1751 1042 1864 1080 nobis
1886 1042 1989 1080 enim

250 1105 406 1140 tantum
428 1103 547 1146 vixit3
578 1103 822 1152 principatus
855 1115 974 1152 super
1004 1103 1212 1140 humerum
1245 1103 1341 1151 ejus,
1375 1102 1552 1149 bajulans
1583 1101 1682 1139 enim
1706 1114 1854 1139 crucem
1874 1102 1990 1138 exivit

253 1164 291 1199 in
313 1175 409 1211 eum,
435 1164 501 1211 qui
522 1163 666 1199 dicitur
683 1162 883 1199 C'alvariae
902 1163 1023 1199 locum
1037 1162 1096 1199 Jo.
1117 1168 1179 1207 19,
1201 1168 1272 1202 17:
1296 1173 1408 1199 cruce
1422 1173 1513 1198 vero
1535 1160 1688 1198 domuit
1709 1160 1853 1207 orbem,
1878 1172 1989 1198 cruce

250 1221 468 1269 promeruit
498 1221 674 1258 fidelium
705 1233 886 1267 amorem,
921 1234 1013 1258 crux
1046 1221 1107 1258 lex
1137 1220 1442 1258 fundamentalis
1472 1220 1586 1270 regni
1617 1219 1690 1265 sui,
1722 1220 1756 1257 si
1778 1221 1861 1269 quis
1882 1219 1988 1256 enim

253 1281 326 1317 vult
350 1285 439 1329 post
470 1293 527 1318 me
560 1282 682 1318 venire
716 1281 868 1330 abneffet
890 1282 1132 1329 semetipsum
1163 1285 1196 1317 et
1227 1281 1332 1317 tollat
1363 1291 1510 1317 crucem
1541 1292 1653 1316 suam
1676 1283 1707 1315 et
1729 1283 1911 1328 >equatur
1932 1291 1990 1315 me

251 1339 389 1376 Matth.
420 1346 481 1384 16,
510 1345 573 1379 24.
616 1340 739 1388 Atqui
761 1340 823 1377 hic
844 1340 1034 1389 parvulus
1058 1352 1098 1377 se
1120 1339 1302 1388 probavit

371 1395 411 1438 l.
437 1399 719 1437 Admirabilem
734 1399 1014 1436 miraculorum
1028 1398 1299 1444 multitudine,
1316 1397 1601 1448 magnitudine,
1617 1397 1808 1435 varietate
1823 1394 1877 1449 (n.
1896 1393 1989 1448 57);

368 1455 411 1499 2.
439 1457 713 1495 Consiliarium
743 1458 987 1495 nobilissima
1021 1470 1090 1495 sua
1112 1457 1288 1495 doctrina
1311 1455 1363 1507 (n.
1387 1454 1470 1509 68),
1505 1469 1582 1505 qua
1604 1468 1644 1494 se
1667 1455 1844 1494 exhibuit
1865 1460 1989 1493 testem

248 1517 412 1566 populis,
437 1518 567 1554 ducem
590 1530 634 1554 ac
654 1522 935 1565 praeceptorem
953 1517 1125 1567 yeiitibus
1150 1517 1199 1554 Is,
1226 1523 1290 1562 55,
1316 1523 1361 1559 43

370 1574 410 1616 3.
433 1577 558 1613 Deum
579 1576 771 1614 bonorum
793 1577 911 1625 copia,
936 1589 1034 1624 quae
1057 1576 1097 1613 in
1119 1589 1207 1613 vere
1230 1575 1475 1613 credentium
1499 1575 1647 1612 animas
1670 1574 1929 1621 redundavit;

369 1631 413 1675 4.
438 1635 588 1673 Fortem
610 1636 863 1673 conversione
884 1636 1075 1685 gentium,
1099 1648 1195 1684 quas
1219 1635 1293 1672 sibi
1309 1634 1479 1684 subjecit
1495 1631 1548 1687 (n.
1567 1631 1650 1687 71),
1666 1634 1818 1671 ultione
1834 1635 1990 1682 Sumpta

252 1694 299 1731 de
321 1695 403 1732 suis
426 1694 597 1732 inimicis
621 1691 674 1747 (n.
702 1701 751 1735 75
770 1692 849 1747 ss),
873 1695 1000 1732 tutela
1023 1707 1100 1743 qua
1121 1694 1335 1732 Ecclesiam
1358 1694 1545 1731 invictam
1566 1693 1696 1731 reddit
1719 1693 1906 1730 adversus
1927 1693 1988 1729 in-

251 1753 424 1791 ferorum
445 1756 578 1802 portas
602 1751 714 1806 (83);
1409 1795 1413 1797 .

370 1811 413 1853 5.
437 1812 591 1850 Patrem
614 1814 738 1861 futuri
759 1815 872 1850 seculi
894 1813 1026 1851 omnia
1047 1813 1237 1850 trahendo
1260 1812 1307 1850 ad
1331 1825 1369 1850 se
1391 1812 1522 1861 ipsum
1545 1808 1597 1865 (n.
1623 1808 1714 1864 SS);

370 1871 412 1911 6.
438 1872 652 1920 Principem
667 1873 780 1921 pacis
804 1872 1046 1909 infundendo
1059 1884 1192 1921 pacem
1207 1871 1389 1909 cordibus
1405 1883 1566 1909 suorum
1582 1870 1770 1913 fidelium,
1794 1870 1989 1907 reddendo

251 1943 315 1968 eos
337 1931 441 1968 inter
463 1943 502 1969 se
523 1932 673 1977 fratres,
697 1932 968 1981 conjungendo
990 1932 1155 1980 populos
1177 1930 1321 1976 indole,
1345 1931 1531 1970 moribus.
1556 1930 1667 1967 cultu
1690 1943 1809 1978 quam
1824 1928 1989 1966 maxime

252 1990 356 2028 inter
378 2002 418 2028 se
441 1990 616 2028 diversos
640 1990 681 2027 in
703 2003 823 2027 unam
845 1990 1055 2028 Ecclesiam
1077 1987 1183 2043 (53).

371 2049 493 2093 Quem
516 2049 558 2086 in
579 2050 603 2086 l.
626 2050 787 2098 pulchre
809 2061 966 2098 quoque
989 2062 1017 2086 s.
1041 2049 1336 2086 Bernardus
1370 2048 1505 2086 scribit
1528 2060 1641 2085 serm.
1666 2054 1740 2089 53:
1773 2048 1989 2092 ‚Admira-

252 2109 336 2146 bilis
358 2111 418 2145 est
438 2109 480 2145 in
502 2108 721 2155 nativitate,
754 2109 1000 2146 consiliarius
1021 2108 1062 2146 in
1083 2107 1383 2157 praedicatione,
1418 2108 1521 2144 Deus
1542 2107 1585 2144 in
1607 2107 1843 2156 operatione,
1880 2107 1992 2155 fortis

251 2168 293 2204 in
313 2168 502 2217 passione,
530 2173 646 2216 pater
673 2169 802 2215 futuri
832 2168 946 2205 seculi
977 2167 1019 2204 in
1049 2167 1351 2214 resurrectione„
1380 2168 1561 2215 princeps
1586 2167 1698 2214 pacis
1728 2166 1770 2203 in
1800 2167 1992 2214 perpetua

251 2226 510 2264 beatitudine.
533 2227 636 2264 Haec
658 2227 777 2264 etiam
798 2227 956 2264 nomina
976 2228 1145 2275 possunt
1166 2226 1201 2263 ei
1224 2238 1395 2276 congrue
1419 2225 1612 2275 assignari
1635 2225 1678 2262 in
1699 2237 1814 2274 opere
1833 2226 1991 2262 nostrae

253 2286 403 2323 salutis.
425 2286 526 2323 Nam
548 2286 672 2334 primo
696 2286 841 2323 dicitur
862 2286 1105 2323 admirabilis
1126 2286 1167 2322 in
1190 2285 1441 2323 conversione
1463 2286 1618 2322 nostrae
1640 2284 1868 2329 voluntatis,
1892 2295 1990 2332 quae

252 2345 416 2382 mutatio
449 2347 508 2382 est
540 2345 660 2383 solius
691 2345 870 2382 dexterae
902 2345 1054 2383 excelsi.
1098 2344 1349 2382 Postmodum
1382 2343 1531 2381 dicitur
1552 2344 1797 2381 consiliarius
1817 2342 1860 2380 in
1880 2354 1990 2380 reve-

252 2403 397 2440 latione
421 2416 513 2441 suae
535 2404 762 2446 voluntatis.
797 2404 952 2452 quando
974 2404 1124 2441 revelat
1145 2403 1242 2452 quid
1264 2403 1507 2452 sequendum
1530 2402 1583 2440 sit
1598 2403 1680 2452 jam
1703 2401 1897 2440 conversis
1919 2431 1928 2438 .
1951 2432 1959 2440 .
1983 2432 1991 2439 .

253 2463 437 2500 Conversi
461 2465 593 2500 autem
614 2475 772 2501 necesse
794 2465 855 2500 est
876 2465 1190 2513 compungantur
1222 2474 1293 2511 pro
1316 2462 1540 2511 praeteritis
1563 2458 1731 2507 delictis,
1759 2461 1801 2498 in
1823 2473 1991 2509 quorum

251 2521 477 2559 remissione
499 2522 645 2560 dicitur
659 2523 779 2570 Deus,
802 2523 913 2571 cujus
935 2523 1091 2559 tantum
1114 2523 1176 2560 est
1189 2523 1345 2570 peccata
1365 2521 1593 2558 remittere.
1617 2549 1624 2556 .
1649 2552 1656 2559 .
1680 2520 1828 2565 Quarto
1843 2519 1992 2557 dicitur

250 2578 388 2628 fortis:
418 2581 531 2629 juxta
563 2582 798 2619 sententiam
835 2581 939 2618 enim
961 2581 1141 2630 Apostoli
1171 2592 1329 2618 necesse
1352 2582 1423 2625 est,
1455 2581 1502 2617 ut
1523 2592 1655 2618 omnes
1678 2579 1746 2628 qui
1767 2579 1831 2627 pie
1851 2579 1991 2616 volunt

252 2639 383 2676 vivere
405 2640 447 2676 in
468 2640 621 2678 Christo
644 2640 669 2677 J
672 2653 740 2678 esu
760 2641 1068 2689 persecutionem
1090 2640 1295 2689 patiantur
1318 2636 1360 2692 (2
1385 2639 1480 2677 Tim.
1498 2646 1534 2685 3,
1559 2636 1641 2692 12).
1664 2638 1738 2675 Sed
1759 2637 1848 2686 quis
1869 2638 1990 2675 susti-

252 2700 375 2743 neret,
399 2698 474 2736 nisi
496 2699 563 2736 ille
580 2700 764 2747 juvaret?
780 2729 786 2736 .
803 2729 810 2735 .
828 2728 834 2735 .
856 2699 908 2736 Et
930 2699 1115 2746 quoniam
1137 2699 1220 2748 ipsa
1241 2698 1440 2736 conversio
1463 2700 1502 2735 et
1523 2697 1607 2735 vita
1627 2699 1760 2735 nostra
1781 2697 1824 2733 in
1837 2696 1990 2734 Christo

253 2757 402 2806 agenda
423 2759 482 2795 est
502 2770 581 2795 non
602 2758 755 2795 intuitu
776 2758 1053 2807 temporalium
1076 2770 1220 2804 rerum,
1253 2757 1320 2795 sed
1342 2769 1409 2806 spe
1429 2757 1656 2794 futurorum
1676 2756 1880 2802 bonorum,
1902 2755 1990 2793 ideo

253 2816 393 2865 quinto
415 2817 499 2854 loco
521 2817 682 2865 ponitur
698 2818 816 2854 Pater
837 2818 962 2865 futuri
982 2818 1098 2854 seculi
1113 2849 1121 2857 .
1140 2845 1147 2852 .
1166 2846 1174 2853 .
1197 2816 1295 2861 Quia
1308 2828 1400 2854 vero
1422 2828 1548 2853 omnes
1568 2816 1718 2865 quidem
1738 2826 1989 2864 resuryemus,

253 2876 319 2912 sed
348 2888 423 2912 uon
455 2888 581 2913 omnes
611 2876 901 2913 immutabimur
938 2883 954 2916 1
982 2876 1065 2913 Cor.
1093 2883 1156 2922 15,
1192 2882 1257 2921 51,
1292 2877 1339 2912 ut
1360 2875 1555 2912 discernat
1586 2873 1899 2911 immutationem
1924 2873 1990 2922 ju-

254 2936 405 2971 storum
436 2935 485 2972 ab
516 2934 744 2982 iniquorum
774 2935 1072 2981 resurrectione,
1105 2934 1266 2984 ponitur
1298 2936 1407 2971 sexto
1438 2934 1523 2971 loco
1548 2934 1730 2982 princeps
1743 2933 1885 2981 pacis:
1913 2945 1991 2981 qua

254 2993 413 3030 obtenta
434 2995 518 3031 tota
538 2993 724 3042 perfectio
747 2993 946 3042 impletur,
970 3006 1041 3031 nec
1058 2994 1140 3042 jam
1162 2994 1270 3030 ultra
1291 2992 1402 3030 aliud
1423 2992 1637 3040 quidquam
1652 2991 1915 3040 appetendum
1928 2984 1991 3028 re-'

254 3052 462 3100 linquitur.
474 3057 491 3075 «
534 3052 734 3090 Hactenus
759 3064 787 3092 S.
810 3052 1044 3090 Bernardus.
