2175 3382
700 121 960 165 complectitur
978 121 1054 155 veri
1073 121 1232 155 nominis
1251 122 1440 165 mysteria.
1858 127 1945 169 507

208 242 417 280 stinctione
439 242 539 279 facta
561 243 664 280 inter
687 243 813 292 ipsam
834 243 1039 280 veritatem
1072 245 1111 280 et
1132 242 1303 286 modum,
1327 256 1404 291 quo
1435 244 1517 293 ipsa-
1549 257 1588 282 se
1612 245 1739 290 habet,
1773 247 1816 287 τὸ
1847 248 1946 296 quod

201 304 246 339 ’et
267 303 311 342 τὸ
333 301 527 351 quomodo,
562 302 773 346 inculcant,
806 315 875 339 nos
897 302 1054 350 quidem
1078 314 1122 339 ex
1153 302 1392 339 revelatione
1424 303 1522 340 scire
1553 316 1676 351 posse,
1709 306 1945 354 mysterium

204 373 287 398 esse
308 373 457 405 verum,
497 360 563 397 sed
585 361 778 408 quomodo
802 373 842 398 se
866 361 1016 406 habeat,
1049 361 1118 398 hac
1148 360 1189 397 in
1211 361 1293 398 vita
1323 373 1393 398 nos
1424 374 1502 399 non
1532 374 1644 410 posse
1677 364 1786 401 scire.
1832 366 1944 408 »Etsi

205 432 285 457 non
307 420 409 464 licet,
444 419 578 468 inquit
598 419 700 456 idem
726 432 754 460 s.
777 420 911 457 doctor
932 420 973 456 in
994 420 1086 458 Luc.
1108 420 1133 458 l.
1159 425 1182 459 4
1205 432 1242 457 n.
1268 427 1332 464 71,
1366 420 1462 457 mihi
1485 421 1583 458 scire
1615 423 1945 469 quemadmodum

203 481 319 516 natus
341 479 405 523 sit,
428 489 508 516 non
529 478 620 516 licet
643 480 775 515 tamen
796 479 953 523 nescire,
978 478 1082 526 quod
1105 480 1222 515 natus
1245 478 1306 515 sit.
1350 478 1496 516 Sei-iem
1513 481 1777 528 generationis
1794 482 1942 531 ignoro,

205 538 271 576 sed
305 538 579 575 auctoritatem
614 537 879 587 generationis
912 549 1088 586 agnosco.
1131 538 1221 574 Non
1252 537 1518 584 interfuimus,
1553 551 1640 575 cum
1673 553 1694 576 a
1725 541 1839 577 Patre
1870 542 1941 579 Dei

202 596 327 634 Filius
349 598 584 642 nasceretur,
609 596 674 633 sed
697 596 962 641 interfuimus,
999 609 1087 633 cum
1118 610 1139 633 a
1164 597 1276 633 Patre
1299 596 1369 633 Dei
1392 597 1518 634 Filius
1543 597 1777 637 (lice1·etur.‘¹
1821 600 1874 637 Cf.
1898 601 1944 638 de

201 656 276 693 fide
297 656 326 699 Ι,
353 662 374 696 9
401 668 429 693 s.
472 656 573 692 Hinc
595 653 641 695 (l.
666 655 850 692 veritates
873 656 1062 693 revelatas
1098 657 1239 693 vocant
1261 668 1410 704 super
1421 656 1555 693 ratio
1570 657 1723 701 nales,
1757 659 1936 707 gravissi-

200 714 353 762 misque
375 714 502 752 verbis
525 724 565 754 e.
589 714 834 764 redarguunt
855 727 947 752 ano
961 726 1135 758 moeos,
1161 715 1229 762 qui
1252 714 1388 752 divina
1410 715 1600 764 mysteria
1623 728 1663 752 se
1687 718 1938 765 comprehen-

200 773 291 811 dere
307 774 524 822 jactabant,
549 775 587 809 et
608 773 738 810 medio
761 786 853 811 aevo
877 774 1233 818 Abaelardum,
1270 799 1287 817 »
1298 773 1378 822 qui,
1412 776 1458 811 ut
1490 774 1625 812 scribit
1647 775 1842 813 Bernar
1853 777 1875 813 d
1888 790 1945 814 us

202 845 261 881 ep.
290 839 368 873 190
395 833 442 869 ad
464 832 739 870 Innocentium
762 833 799 869 ΙΙ
821 845 858 872 n.
888 840 918 878 1,
943 832 1036 870 dum
1060 833 1247 877 omnium,
1277 845 1376 881 quae
1400 836 1494 870 sunt
1516 834 1558 870 in
1580 834 1685 871 coelo
1710 847 1879 881 sursum,
1904 838 1946 873 et

200 892 365 940 quaein
387 894 492 928 terra
524 892 718 936 deorsum,
751 891 807 928 nil
838 894 993 940 praeter
1024 893 1151 929 solum
1181 893 1304 929 neseio
1336 893 1485 929 nescire
1525 893 1726 942 dignatur,
1760 895 1872 942 ponit
1903 895 1945 932 in

201 951 349 988 coelum
374 963 414 988 os
437 963 555 988 suum
576 953 616 987 et
638 952 839 988 scrutatur
860 951 939 988 alta
961 951 1043 996 Dei,
1076 951 1310 1000 rediensque
1347 952 1394 988 ad
1417 964 1487 989 nos
1509 952 1627 989 refert
1659 954 1777 990 verba
1807 953 1944 991 ineffa-

199 1009 305 1054 bilia,
339 1022 437 1058 quae
459 1021 538 1046 non
560 1010 653 1047 licet
675 1009 827 1047 homini
859 1010 979 1058 loqui,
1013 1013 1052 1047 et
1083 1010 1177 1047 dum
1207 1012 1366 1059 paratus
1398 1013 1459 1048 est
1490 1011 1536 1048 de
1568 1012 1748 1049 omnibus
1779 1013 1944 1050 reddere

199 1069 390 1106 rationem
412 1068 543 1113 etiam,
578 1081 677 1117 quae
700 1072 794 1106 sunt
817 1082 936 1117 supra
958 1069 1162 1114 rationem,
1195 1072 1234 1107 et
1266 1072 1400 1107 contra
1430 1070 1624 1108 rationem
1655 1072 1872 1119 praesumit
1904 1074 1945 1109 et

199 1130 334 1165 contra
356 1128 481 1164 fidem.
518 1127 620 1172 Quid
642 1128 746 1165 enim
768 1129 892 1178 magis
915 1131 1050 1166 contra
1070 1129 1272 1175 rationem,
1298 1142 1413 1178 quam
1439 1130 1589 1167 ratione
1604 1131 1795 1168 rationem
1812 1132 1943 1168 conari

198 1187 503 1224 transcendere?
535 1189 574 1224 et
596 1187 692 1235 quid
714 1187 838 1237 magis
862 1189 998 1225 contra
1019 1188 1135 1225 fidem
1169 1201 1286 1237 quam
1309 1188 1464 1226 credere
1487 1189 1602 1233 nolle,
1638 1190 1831 1237 quidquid
1864 1203 1943 1228 non

197 1247 322 1294 possit
344 1246 495 1283 ratione
519 1246 771 1295 attingere‘.M
806 1247 984 1284 Ceterum
1008 1248 1192 1296 legantur
1213 1248 1499 1296 pulcherrimae
1532 1260 1560 1285 S.
1584 1248 1714 1298 Chry
1729 1262 1744 1286 s
1758 1250 1942 1287 ostomi

198 1305 300 1343 hom.
323 1305 407 1342 adv.
430 1317 653 1343 anomoeos:
690 1305 935 1355 Gregorii
967 1319 1046 1343 naz.
1070 1319 1122 1345 or.
1149 1313 1169 1346 5
1195 1307 1313 1344 theol.
1337 1319 1467 1355 opusc.
1491 1307 1624 1344 XXIX.
1658 1311 1697 1345 et
1730 1321 1789 1357 ep.
1822 1309 1942 1357 episc.

197 1376 304 1413 prov.
329 1364 516 1402 remensis
540 1365 587 1401 ad
610 1365 879 1402 innocentium
903 1366 951 1402 II.
975 1366 1083 1415 Mig.
1113 1372 1203 1410 179,
1233 1372 1328 1405 672.

316 1432 360 1474 4.
385 1431 475 1472 Huc
497 1431 644 1473 referri
667 1438 858 1485 possunt,
890 1445 1000 1486 quae
1032 1434 1214 1474 diximus
1246 1434 1298 1475 de
1321 1434 1481 1475 motivo
1505 1434 1598 1474 fidei
1623 1433 1799 1475 formali.
1843 1434 1942 1476 Ideo

199 1502 310 1542 enim
335 1506 509 1555 propter
530 1503 605 1544 Dei
628 1504 925 1545 auctoritatem
951 1504 1189 1545 credendae
1220 1509 1318 1545 sunt
1348 1505 1548 1545 veritates
1579 1505 1805 1553 revelatae,
1829 1505 1942 1558 quod

197 1577 295 1614 sunt
316 1572 590 1622 inevidentes,
614 1573 823 1614 obscurae
846 1574 1107 1627 rationisque
1130 1578 1334 1626 superant
1356 1579 1538 1627 captum.

318 1646 357 1688 5.
382 1642 495 1685 Sane
519 1644 694 1696 quilibet
715 1645 905 1685 sincerus
927 1645 1148 1697 theologus
1172 1646 1343 1698 propria
1367 1646 1626 1698 experientia
1648 1647 1816 1688 innixus
1838 1646 1940 1688 fate-

196 1714 320 1764 bitur,
344 1719 440 1767 post
461 1715 706 1756 diuturnum
729 1716 925 1764 studium,
950 1716 1164 1757 assiduam
1190 1717 1510 1758 meditationem
1543 1722 1584 1758 et
1615 1718 1941 1771 contemplatio-

199 1797 309 1833 nem,
333 1790 429 1838 post
451 1791 512 1826 tot
544 1787 782 1828 exantlatos
818 1787 1000 1836 labores,
1033 1799 1079 1828 se
1110 1788 1179 1828 vix
1212 1788 1374 1841 aliquas
1405 1789 1606 1829 veritates
1638 1789 1848 1830 revelatas
1882 1790 1943 1830 ita

199 1857 376 1897 rationis
399 1858 595 1898 acumine
618 1858 836 1910 attingere,
861 1863 906 1899 ut
927 1857 1007 1898 sibi
1029 1859 1200 1910 perviae
1224 1861 1326 1899 sint:
1357 1860 1442 1900 imo
1475 1872 1558 1912 quo
1594 1861 1728 1913 magis
1751 1862 1942 1914 proficiet

198 1927 241 1968 in
263 1927 413 1977 studio,
447 1940 498 1969 eo
531 1929 736 1969 sincerius
768 1928 978 1977 fatebitur,
1010 1929 1223 1981 religionis
1257 1930 1514 1971 christianae
1538 1933 1741 1985 mysteria
1762 1933 1941 1974 rationis

198 2002 370 2050 captum
391 2010 595 2051 superare
617 2000 789 2052 verique
812 2001 995 2041 nominis
1027 2012 1121 2042 esse
1152 2002 1365 2054 mysteria,
1395 2014 1601 2054 suamque
1633 2002 1812 2045 libenter
1834 2003 1939 2045 fate-

197 2067 310 2109 bitur
331 2069 626 2120 ignorantiam.
671 2069 793 2121 Quod
826 2071 861 2111 si
895 2071 950 2111 ad
984 2072 1094 2112 hanc
1130 2072 1416 2124 cognitionem
1448 2077 1489 2114 et
1522 2072 1828 2125 professionem
1853 2087 1939 2116 non

197 2140 406 2192 pertingit,
422 2152 473 2181 eo
490 2141 582 2193 ipso
598 2141 794 2190 ostendit,
809 2153 854 2182 se
871 2141 965 2182 fidei
986 2142 1188 2194 dogmata
1208 2155 1295 2184 non
1318 2143 1559 2196 intelligere,
1583 2145 1716 2197 iisque
1731 2145 1940 2198 subjicere

197 2222 368 2251 sensum
393 2223 416 2252 a
440 2210 520 2251 tide
543 2212 667 2264 plane
691 2212 886 2256 alienum.
930 2212 1139 2264 Quocirca

316 2282 357 2325 6.
381 2279 681 2334 Gregorius
711 2283 777 2323 XI.
810 2283 1028 2324 damnavit
1050 2296 1167 2336 prop.
1191 2288 1245 2328 26
1277 2284 1518 2338 Raymundi
1549 2286 1707 2327 Lulli:
1758 2287 1939 2338 „Omnes

198 2352 361 2393 articuli
384 2352 479 2393 fidei
502 2358 542 2394 et
564 2353 778 2394 Ecclesiae
800 2359 1071 2396 sacramenta
1103 2368 1153 2396 ac
1184 2359 1374 2407 potestas
1405 2369 1543 2409 papae
1565 2362 1744 2409 possunt
1766 2358 1938 2411 probari

197 2426 239 2463 et
260 2423 496 2475 probantur
517 2436 593 2476 per
614 2425 803 2466 rationes
825 2426 1103 2475 necessarias,
1120 2426 1490 2477 demonstrativas,
1506 2429 1765 2478 evidentes;“
1796 2434 1836 2471 et
1861 2433 1939 2474 97:

203 2493 349 2544 „Fides
373 2499 437 2536 est
458 2496 703 2536 necessaria
726 2496 968 2537 hominibus
991 2497 1170 2547 rusticis,
1194 2499 1348 2549 insciis,
1371 2499 1674 2541 ministralibus
1698 2505 1739 2542 et
1753 2514 1841 2542 non
1860 2502 1936 2542 ha-

194 2563 392 2606 bentibus
414 2566 674 2607 intellectum
697 2567 919 2617 elevatum,
944 2569 1014 2620 qui
1036 2569 1230 2610 nesciunt
1252 2582 1511 2622 cognoscere
1543 2583 1618 2624 per
1648 2573 1861 2614 rationem
1897 2577 1939 2613 et

195 2635 369 2688 diligunt
391 2649 650 2689 cognoscere
675 2649 748 2690 per
771 2638 916 2679 fidem:
952 2638 1026 2680 sed
1048 2639 1177 2680 homo
1201 2640 1365 2682 subtilis
1387 2641 1550 2683 facilius
1584 2643 1765 2684 trahitur
1787 2643 1840 2684 ad
1863 2655 1936 2684 ve-

195 2706 368 2747 ritatem
392 2708 670 2748 christianam
693 2720 768 2760 per
790 2709 1001 2750 rationem
1024 2722 1151 2762 quam
1175 2723 1250 2763 per
1272 2711 1431 2756 fidem.“

313 2780 541 2830 Oppositam
564 2782 779 2820 doctrinam
802 2783 1037 2821 damnarunt
1060 2784 1344 2834 Gregorius
1358 2786 1457 2825 XVI.
1483 2800 1640 2836 quoque
1662 2788 1703 2825 in
1725 2788 1850 2825 literis
1865 2800 1932 2824 en-

193 2838 350 2888 cyclicis
380 2846 442 2880 15.
466 2842 565 2890 Aug.
594 2848 701 2882 1832
727 2844 765 2879 et
789 2842 909 2879 Pius
932 2842 995 2879 IX.
1018 2843 1059 2880 in
1080 2843 1211 2881 literis
1234 2845 1281 2882 ad
1303 2846 1636 2895 archiepiscopum
1659 2859 1931 2884 monacensem

199 2904 261 2937 11.
276 2898 363 2938 Dec.
392 2904 513 2945 1862,
537 2900 578 2937 in
601 2901 745 2948 quibus
769 2902 944 2950 exposita
966 2902 1142 2939 doctrina
1163 2903 1192 2939 F
1205 2916 1223 2939 r
1235 2916 1255 2941 o
1269 2904 1293 2940 h
1307 2917 1323 2941 s
1336 2905 1473 2943 cham
1485 2919 1554 2943 me
1567 2919 1586 2942 r
1608 2906 1768 2943 statuit:
1796 2932 1811 2949 »
1824 2905 1931 2948 Quae

193 2957 362 2994 auctoris
385 2957 564 2996 doctrina
586 2971 702 3007 quarn
726 2961 822 2997 salsa
845 2961 898 2998 sit
919 2963 958 2998 et
980 2974 1150 3008 erronea,
1174 2974 1288 2999 nemo
1304 2966 1375 3009 est,
1400 2966 1468 3013 qui
1481 2965 1717 3002 christianae
1733 2964 1932 3001 doctrinae

191 3015 429 3053 rudimentis
451 3017 515 3054 vel
536 3018 676 3056 leviter
697 3019 874 3057 imbutus
896 3032 975 3057 non
996 3020 1100 3058 illico
1121 3021 1254 3059 videat
1274 3023 1468 3072 planeque
1491 3025 1634 3061 sentiat
1659 3054 1666 3061 .
1690 3054 1697 3061 .
1723 3053 1730 3060 .
1752 3023 1934 3060 Tolerare

192 3087 399 3123 nunquam
422 3088 643 3124 possumus,
666 3080 713 3115 ut
735 3078 864 3116 omnia
886 3080 1031 3116 temere
1053 3080 1376 3128 permisceantur,
1411 3085 1535 3131 utque
1565 3083 1666 3120 ratio
1697 3083 1784 3119 illas
1816 3082 1934 3119 etiam
