2175 3382
271 172 327 209 :3¹¹
590 163 711 195 'si-act.
734 161 756 194 1.
776 160 956 205 Apologia
976 161 1083 204 relig.
1103 160 1226 194 christ.
1245 160 1373 194 'rhesis
1393 160 1450 194 Xl.
1470 160 1696 195 vaticinium

270 297 282 325 t
298 289 342 325 '10
355 300 390 325 n.
409 286 437 322 O
451 298 476 322 n
491 284 653 328 kelos‚
678 284 1017 322 talmudistae
1040 284 1419 333 babylonici,plures
1442 283 1527 320 rab
1542 283 1662 329 bini,
1686 287 1767 332 pat
1781 296 1856 322 res
1877 285 2010 334 plures

270 346 396 395 graeci
430 347 513 389 etc„
551 343 619 391 qui
651 355 783 380 vocem
811 342 919 380 illam
952 343 1061 380 velut
1093 342 1249 390 insigne
1279 342 1486 392 potestatis
1517 344 1556 379 et
1578 342 1741 380 dominii
1763 343 2012 392 interpretati

270 407 380 447 sunt;
403 402 585 451 quamvis
608 401 791 439 nonnulli
813 404 976 450 putent,
1009 415 1052 440 ea
1075 402 1287 451 significari
1318 404 1473 439 tantum
1495 404 1730 450 potestatem
1751 402 1923 451 aliquam
1945 402 2012 440 de-

271 464 533 507 terminatam,
558 461 640 499 scil.
663 461 725 498 vel
747 461 909 509 regiam,
935 461 995 498 vel
1018 473 1163 498 sacram
1185 465 1256 498 etc.
1299 459 1343 501 l).
1366 461 1517 498 Nomen
1540 460 1671 498 Juda
1695 461 1735 498 in
1757 461 1802 498 V.
1824 461 1864 498 Τ.
1888 461 2012 511 signi-

271 524 359 560 ficat
381 537 416 562 α.
441 520 577 559 Jacobi
599 519 726 557 filium
749 524 847 557 natu
869 523 1057 568 quartum
1079 532 1124 557 ex
1147 520 1221 557 Lea
1244 524 1491 569 susceptum;
1525 521 1559 571 β.
1582 520 1731 557 tribum
1764 519 2012 558 israeliticam

272 595 316 619 ex
339 594 383 619 eo
407 584 553 619 ortam:
576 594 609 631 γ.
634 579 838 617 Salomone
862 584 1016 616 mortuo
1040 582 1077 616 et
1101 579 1310 616 schismate
1331 580 1372 616 in
1394 579 1514 616 Israel
1536 582 1633 624 orto,
1657 591 1798 617 nomen
1811 579 1929 628 hujus
1941 579 2013 617 tri-

270 642 355 686 bus,
379 652 479 689 quae
504 639 594 676 inde
617 652 637 675 a
664 638 806 675 Davide
829 638 935 687 regia
958 638 1087 675 tribus
1110 638 1212 675 facta
1235 643 1305 678 est.
1331 638 1443 676 alteri
1466 639 1568 687 parti
1596 651 1664 676 seu
1687 649 1807 688 regno
1829 638 2012 676 meridio-

270 701 351 738 nali
374 699 504 743 cessst,
530 698 635 747 quod
657 697 826 734 Judaeos
858 701 895 733 et
918 697 1202 745 Benjaminitas
1235 709 1322 734 cum
1354 698 1486 746 aliqua
1508 697 1813 736 Simeonitarum
1836 700 1876 735 et
1901 697 2014 735 Dani-

269 767 399 797 tarum
423 763 536 808 parte
559 758 822 805 complectens
845 756 1128 805 Jerosolymam
1145 757 1392 805 metropolim
1410 757 1588 803 habebat,
1612 756 1703 794 inde
1719 757 1887 795 Roboam
1910 757 2013 806 ejus-

271 831 346 867 que
368 818 516 867 posteri
539 816 843 866 appellabantur
864 828 975 864 reges
997 815 1134 855 Judae.
1176 816 1354 864 Denique
1383 815 1415 854 δ.
1439 816 1569 853 decem
1593 816 1778 854 tribubus
1801 815 2015 865 deportatis

270 884 308 916 et
330 880 421 926 post
443 875 625 914 exsilium
646 875 925 923 babylonicum
957 887 1099 912 nomen
1121 874 1146 911 J
1149 874 1247 912 udae
1280 875 1327 912 ad
1351 875 1574 912 universam
1598 878 1742 913 terram
1764 875 2014 913 israeliticam

271 937 506 974 translatum
529 938 600 972 est.
643 934 695 971 Cf.
718 935 790 983 Ag.
820 941 851 979 l,
882 941 956 978 14ς
983 940 1018 979 2,
1046 940 1080 973 2.
1117 943 1156 974 (³.
1181 934 1323 971 Vocem
1345 934 1551 983 mechoqeq
1573 935 1802 985 designatur
1823 935 1885 972 vel
1905 933 2013 984 prin-

270 1009 360 1044 ceps
374 996 415 1033 in
438 1008 493 1045 ge
505 1007 560 1032 ne
572 1007 591 1031 r
603 1006 622 1030 e
645 994 719 1031 sub
733 1005 969 1042 quacunque
983 993 1191 1043 regiminis
1206 993 1339 1038 forma,
1359 994 1520 1042 proinde
1542 1006 1559 1031 s
1572 1007 1597 1030 u
1609 994 1655 1043 bj
1671 1007 1690 1031 e
1702 996 1835 1031 ctum
1858 993 2013 1043 sceptri,

271 1068 350 1093 non
373 1067 462 1092 vero
485 1053 660 1103 praecise
684 1052 764 1090 sive
787 1052 1002 1102 legislator,
1035 1051 1117 1090 sive
1139 1053 1218 1090 dux
1241 1053 1416 1097 bellicus,
1445 1053 1526 1090 sive
1549 1065 1637 1098 rex3
1670 1053 1732 1090 vel
1763 1053 1915 1090 ratione
1946 1065 2014 1101 pa-

269 1114 475 1152 rallelismi
497 1125 587 1151 cum
607 1112 730 1161 priori
752 1111 874 1150 inciso
898 1112 1045 1161 virga
1066 1111 1284 1161 regnantis,
1320 1125 1421 1160 quae
1445 1112 1666 1161 symbolum
1691 1114 1750 1150 est
1771 1112 2013 1160 principatus

270 1175 349 1211 sive
366 1173 471 1222 juris
494 1171 707 1211 autonomi.
741 1183 818 1219 quo
840 1171 970 1209 tribus
992 1171 1018 1208 J
1023 1171 1098 1208 uda
1129 1171 1299 1220 propriis
1330 1172 1484 1221 legibus
1515 1184 1584 1209 seu
1615 1173 1700 1221 lege
1730 1171 1902 1209 mosaica
1933 1183 2015 1209 sese

269 1233 431 1282 regebat
461 1232 578 1270 etiam
609 1233 699 1279 post
732 1234 878 1268 ceteras
900 1231 1030 1268 tribus
1052 1230 1245 1279 dispersas
1277 1243 1320 1268 ac
1342 1231 1562 1272 dissolutas,
1605 1228 1652 1271 (l.
1676 1232 1806 1281 Ipsum
1827 1230 1909 1268 Vav
1929 1230 2014 1268 voci

270 1293 479 1340 m*—'choqeq
498 1290 714 1341 praefixum
736 1289 899 1327 minime
921 1290 1153 1327 alternative
1176 1290 1239 1327 vel
1261 1290 1512 1338 disjunctive,
1546 1290 1614 1328 sed
1636 1290 1867 1328 correlative
1887 1302 1931 1327 ac
1953 1301 2015 1327 co-

269 1351 447 1400 pulative
468 1353 529 1388 est
552 1349 833 1398 accipiendum.
857 1360 898 1390 e.
923 1350 1046 1387 Dietio
1070 1349 1230 1386 mibben
1250 1350 1398 1398 raglaw
1429 1349 1645 1387 secundum
1676 1351 1810 1399 plures
1834 1349 2017 1398 designat

270 1411 463 1461 originem
485 1410 595 1447 ducis
619 1412 659 1446 et
680 1409 844 1457 sceptri;
867 1409 1083 1446 secundum
1105 1408 1201 1445 alios
1224 1409 1447 1457 subjectum
1469 1421 1538 1447 seu
1560 1409 1687 1458 ipsam
1708 1409 1857 1446 tribum
1880 1408 2014 1446 oriun-

271 1470 358 1508 dam
381 1483 425 1507 ex
446 1470 593 1506 femore
616 1481 686 1505 seu
708 1468 856 1506 semine
878 1469 1016 1513 Judae,
1041 1481 1061 1505 a
1084 1481 1162 1516 qua
1177 1471 1376 1516 sceptrum
1399 1470 1438 1505 et
1461 1469 1538 1506 dux
1560 1481 1639 1506 non
1653 1468 1890 1506 auferendus
1903 1479 2014 1516 prae-

269 1530 432 1574 dicitur3
464 1527 720 1578 praeferenda
749 1528 1035 1577 interpretatio,
1069 1540 1167 1576 quae
1198 1527 1309 1564 illam
1341 1539 1460 1565 sensu
1491 1528 1604 1565 obvio
1638 1528 1788 1577 accipit.
1829 1527 2016 1564 Intuetur

270 1589 355 1627 scil.
376 1590 486 1625 vates
509 1587 655 1625 Judam
675 1587 873 1633 baculum,
898 1587 1103 1636 potestatis
1125 1587 1292 1636 insigne,
1315 1599 1422 1624 more
1445 1587 1700 1636 antiquorum
1721 1587 1888 1631 ducum,
1921 1586 2015 1623 dum

270 1648 461 1693 sederent,
484 1648 590 1684 inter
610 1647 728 1696 pedes
750 1649 964 1685 tenentem.
1008 1644 1045 1686 f.
1071 1643 1130 1683 ‘ad
1154 1646 1194 1683 lzi
1224 1646 1419 1696 significat
1449 1647 1576 1694 donec,
1609 1659 1651 1684 ac
1681 1647 1846 1696 proinde
1876 1645 2015 1683 termi-

269 1721 378 1752 num,
402 1710 492 1744 ante
515 1719 631 1755 quem
655 1708 758 1743 certe
782 1709 982 1756 sceptrum
1002 1706 1162 1755 penitus
1185 1718 1265 1743 non
1288 1706 1341 1743 sit-
1363 1705 1642 1751 auferendum
1667 1719 1712 1743 ex
1733 1705 1775 1743 vi
1796 1704 2016 1755 particulae

270 1773 310 1804 et
330 1779 400 1816 per
423 1779 463 1804 se
484 1778 565 1803 non
586 1768 716 1814 potest
740 1765 884 1815 colligi,
917 1778 1015 1803 num
1047 1765 1098 1802 sit
1119 1764 1376 1802 auferendum
1399 1768 1487 1813 post
1510 1766 1670 1803 Messiae
1693 1766 1917 1802 adventum.
1959 1763 2015 1801 Ex

271 1826 446 1864 dicendis
467 1827 600 1862 tamen
621 1824 876 1874 praeferenda
899 1825 1095 1862 sententia
1117 1823 1218 1861 illud
1240 1824 1478 1862 adventante
1500 1825 1637 1862 Messia
1659 1837 1742 1862 esse
1764 1824 1924 1874 quidem
1945 1835 2014 1860 au—

268 1885 474 1923 ferendum
497 1896 614 1922 sensu
635 1884 794 1929 literali,
828 1897 905 1932 quo
928 1896 1049 1921 sensu
1069 1883 1270 1921 auferetur
1301 1884 1429 1921 omnis
1451 1884 1617 1922 mosaica
1638 1884 1850 1930 institutio,
1882 1882 1951 1921 sed
1973 1881 2017 1919 in

271 1946 386 1994 longe
417 1944 633 1994 perfectius
665 1944 971 1988 sublimandum,
1004 1946 1123 1991 prout
1145 1943 1269 1992 exigit
1299 1943 1523 1981 oeconomia
1554 1946 1748 1981 messiana
1763 1944 1878 1992 juxta
1899 1941 2018 1979 verba

270 2004 401 2054 angeli
424 2003 586 2040 Messiae
608 2002 822 2040 adventum
844 2002 1125 2051 praedicentis:
1158 2002 1277 2039 Dabit
1308 2003 1365 2039 illi
1396 2003 1587 2040 Dominus
1607 2003 1712 2040 Deus
1741 2004 1865 2040 sedem
1887 2001 2016 2039 David

265 2061 399 2112 patris
421 2063 500 2110 ejus
510 2076 528 2109 ;
559 2067 592 2100 et
615 2063 784 2111 reynabit
809 2063 845 2099 in
869 2062 977 2099 domo
1000 2062 1119 2099 Jacob
1144 2063 1181 2098 in
1205 2066 1414 2111 aeternum,
1451 2067 1482 2098 et
1506 2064 1612 2112 requi
1634 2062 1714 2110 ejus
1735 2074 1810 2099 non
1832 2063 1907 2099 erit
1925 2061 2017 2108 finis

271 2123 362 2161 Luc.
390 2130 423 2167 1,
451 2127 515 2162 32.
539 2121 800 2159 Confirmatur
821 2122 996 2170 insuper,
1019 2121 1124 2169 quod
1147 2133 1237 2158 sane
1261 2124 1459 2169 sceptrum
1482 2134 1503 2158 a
1517 2120 1622 2158 Juda
1643 2133 1722 2158 non
1745 2120 1958 2168 auferetur,
1983 2120 2016 2171 si

272 2194 387 2219 verus
408 2182 494 2229 ejus
516 2194 583 2218 rex
604 2180 725 2218 toties
745 2180 969 2230 praedictus
1001 2185 1040 2218 et·
1061 2180 1280 2229 promissus
1303 2180 1531 2229 apparuerit
1552 2182 1593 2217 et
1613 2193 1782 2230 regnum
1815 2193 1931 2217 suum
1952 2192 2016 2217 ex-

272 2241 447 2278 tenderit
469 2240 533 2277 vel
555 2241 597 2277 in
620 2243 770 2289 gentes.
792 2240 837 2277 Id
859 2242 991 2277 tamen
1013 2240 1051 2277 vi
1074 2240 1214 2277 horum
1236 2240 1445 2277 verborum
1469 2242 1622 2277 certum
1644 2239 1731 2285 erit,
1763 2239 1796 2276 si
1817 2243 2018 2288 sceptrum

272 2304 312 2337 et
343 2300 524 2349 princeps
557 2300 776 2337 secundum
805 2299 964 2336 literam
995 2299 1196 2336 auferetur
1226 2312 1247 2335 a
1279 2299 1395 2345 Juda,
1425 2299 1509 2348 jam
1541 2301 1698 2347 tempus
1734 2301 1796 2336 est·
1825 2299 2018 2337 adventus

272 2359 433 2397 Messiae
455 2359 676 2408 sceptrique
699 2371 768 2396 seu
789 2359 902 2407 regni
923 2359 1008 2407 ejus
1031 2358 1257 2407 spiritualis.
1300 2369 1346 2409 g.
1371 2358 1461 2395 Non
1480 2358 1726 2408 ingredimur
1747 2358 2019 2407 quaestionem

271 2418 494 2468 implexam,
517 2418 622 2455 unde
644 2418 799 2467 proprie
823 2417 1026 2455 derivetur
1047 2430 1191 2455 nomen
1212 2417 1300 2463 silo,
1324 2417 1474 2456 sufficit
1496 2417 1603 2454 enim
1624 2417 1736 2455 nobis
1759 2417 1865 2465 quod
1885 2429 1930 2454 eo
1952 2416 2030 2454 de?

273 2478 454 2527 signatur
475 2477 647 2521 Messias,
671 2480 718 2515 ut-
739 2479 849 2526 patet
871 2490 917 2514 ex
940 2477 1068 2514 dictis.
1091 2477 1360 2514 Nihilominus
1382 2477 1603 2515 rationibus
1625 2476 1874 2526 philologieis
1896 2479 1937 2514 et
1956 2475 2018 2512 in-

272 2536 400 2574 ternis
421 2537 644 2585 praeplacet
666 2536 860 2589 sententia
882 2536 1128 2585 Lagarde,
1152 2536 1359 2573 Bickell
1380 2537 1636 2585 aliorumque,
1661 2536 1736 2574 silo
1757 2548 1840 2573 esse
1863 2535 2018 2584 partici-

273 2596 382 2644 pium
404 2596 603 2644 passivum
626 2609 646 2632 a
667 2597 786 2633 verbo
809 2591 892 2638 '7²32'
913 2607 1081 2644 poscere,
1105 2595 1337 2641 desiderare,
1369 2599 1512 2644 petere,
1535 2596 1745 2644 impetrare
1767 2607 1853 2632 cum
1877 2594 2019 2632 suffixo

274 2655 415 2708 tertiae
437 2667 623 2702 personae
645 2655 820 2703 antiquo,
846 2655 951 2703 quod
973 2667 1029 2692 ex.
1052 2668 1110 2704 gr.
1133 2655 1259 2692 adhuc
1281 2655 1324 2692 in
1345 2655 1481 2692 eodem
1502 2655 1573 2692 hoc
1589 2654 1774 2692 vaticinio
1797 2653 2020 2692 occurritin

275 2725 367 2751 voce
403 2711 484 2751 '‘iro.
527 2713 785 2762 Participium
819 2714 1018 2763 passivum
1049 2716 1109 2751 est
1141 2714 1241 2751 sa'ul
1273 2715 1457 2763 expetitus
1486 2714 1550 2751 vel
1580 2713 1668 2751 sa'il
1698 2716 1738 2751 et
1770 2726 1856 2751 cum
1879 2712 2018 2750 suffixo

275 2772 384 2811 sffilo
406 2772 660 2811 Desideratus
681 2785 786 2815 suus,
820 2785 865 2810 ex
896 2785 973 2822 quo
1004 2773 1164 2810 elisione
1197 2774 1278 2810 sive
1301 2773 1566 2811 contractione
1595 2772 1641 2810 fit
1671 2773 1756 2810 silo.
1798 2772 1902 2809 Haec
1926 2783 2019 2809 vero

275 2831 491 2869 contractio
518 2832 557 2873 l.
581 2844 659 2868 non
681 2831 870 2881 fingitur,
904 2832 969 2869 sed
992 2845 1128 2870 revera
1149 2832 1191 2869 in
1213 2832 1401 2870 derivatis
1431 2833 1552 2880 hujus
1574 2831 1685 2869 verbi
1707 2832 1935 2879 frequenter
1956 2842 2020 2868 oc-

276 2890 402 2928 currit
423 2902 480 2927 ex.
503 2904 561 2940 gr.
587 2897 608 2930 2
633 2890 724 2940 Reg.
752 2899 785 2936 1,
815 2898 861 2932 17
887 2890 1093 2929 selathekh
1114 2904 1185 2941 pro
1207 2891 1443 2930 se·elathekh
1464 2891 1604 2940 petitio
1625 2893 1706 2931 tua.
1727 2889 1863 2928 Posita
1883 2887 1928 2930 2.
1950 2890 2022 2927 hac

277 2949 538 2999 explicatione
560 2949 635 2987 silo
656 2953 790 2987 manet
811 2963 954 2988 nomen
975 2951 1188 2999 personale,
1220 2952 1318 3000 quin
1348 2951 1400 2988 sit
1428 2950 1643 3000 proprium.
1686 2950 1876 2988 Omnibus
1897 2949 2022 2999 igitur

278 3006 321 3049 3.
343 3009 514 3047 vetustis
536 3009 783 3047 versionibus
805 3010 1095 3055 concordamUS,
1119 3023 1218 3059 quae
1232 3023 1373 3048 nomen
1387 3022 1575 3059 personae
1591 3012 1832 3058 supponunt,
1853 3021 1926 3046 nec
1938 3008 2021 3046 ulla

276 3069 411 3116 ipsum
432 3068 590 3106 exhibet
619 3068 668 3105 ad
689 3069 812 3106 instar
833 3069 1000 3118 proprii;
1035 3069 1131 3106 alios
1163 3082 1319 3118 quoque
1349 3070 1454 3107 locos
1475 3067 1517 3110 4.
1539 3069 1708 3118 allegare
1729 3069 1831 3115 licet,
1866 3069 1908 3106 in
1931 3067 2020 3116 qui—

281 3127 357 3164 bus
380 3128 506 3175 quoad
530 3139 684 3166 sensum
708 3127 839 3165 eadem
872 3127 1040 3165 habetur
1070 3129 1244 3183 Messiae·
1263 3128 1492 3178 appellatio,
1525 3130 1572 3166 ut
1590 3120 1668 3178 Ag.
1694 3135 1729 3173 2,
1755 3135 1776 3170 8
1801 3131 1841 3166 et
1869 3128 1958 3165 Mal.
1983 3133 2020 3171 3,
