2175 3382
664 134 900 168 confirmatur
914 133 1034 168 verbis
1052 132 1252 167 Salvatoris
1271 131 1356 165 Luc.
1377 134 1434 172 22,
1452 134 1494 166 31
1515 144 1558 165 ss.
1895 136 1978 178 373

361 256 403 299 2.
426 253 692 307 Significatur
723 252 835 294 Petri
867 252 970 293 fides
1001 252 1212 292 rationem
1243 250 1402 291 habere
1425 250 1656 291 authentici
1690 250 1981 304 archetypi

244 338 345 380 prae
369 325 449 367 fide
471 325 658 366 fratrum.
700 322 810 364 Nam
833 323 884 364 de
906 322 1072 363 ratione
1095 321 1314 374 archetypi
1336 325 1411 369 est,
1443 325 1489 361 ut
1519 321 1561 360 in
1592 332 1637 360 se
1669 321 1722 361 sit
1754 325 1917 362 rectum
1939 325 1981 361 et

246 409 347 450 prae
370 397 462 437 aliis
483 407 636 436 norma
658 395 772 435 recti.
816 394 943 446 Atqui
975 405 1025 434 ex
1048 392 1170 433 dictis
1192 391 1305 432 Petri
1328 390 1432 432 fides
1453 395 1599 442 utpote
1622 391 1918 432 indefectibilis
1938 392 1981 431 in

245 481 290 509 se
313 479 481 520 semper
503 470 567 508 est
588 470 717 514 recta,
740 465 921 517 ideoque
934 468 1076 516 potest
1090 474 1183 503 esse
1197 474 1350 503 norma
1364 461 1482 510 recti,
1505 462 1605 514 quin
1627 462 1712 502 imo
1736 467 1799 502 est
1818 473 1983 504 norma.

246 551 373 592 quam
409 538 479 578 alii
512 536 630 589 sequi
666 539 874 581 tenentur,
910 534 964 575 ob
1000 534 1232 586 injunctum
1257 532 1538 572 ministerium
1561 532 1667 572 alios
1690 531 1981 573 confirmandi.

245 609 360 662 quod
381 610 471 650 sine
492 607 670 648 fratrum
693 605 830 646 officio
846 604 970 646 Petro
995 603 1264 645 confirmanti
1286 602 1609 654 obtemperandi
1631 603 1778 655 nequit
1801 603 1982 655 intelligi.

365 681 407 723 3.
432 678 573 730 Quare
607 682 758 730 sponte
793 689 871 717 sua
901 675 1175 729 consequitur
1206 674 1380 726 insignis
1411 673 1524 714 Petri
1555 674 1864 725 praerogativa,
1898 685 1981 725 qua

247 752 431 803 primatu
452 749 549 790 fidei
571 754 613 790 et
634 748 864 801 magisterii
886 748 996 787 inter
1019 746 1168 787 fratres
1183 746 1351 787 eminet.
1379 744 1458 796 Qui
1481 745 1687 797 primatus
1711 755 1762 785 eo
1786 743 1985 784 illustrior

245 822 377 862 etiam
409 826 483 867 est,
516 819 629 873 quod
658 819 846 872 fratrum
878 819 1050 859 nomine
1078 817 1143 858 vel
1165 817 1245 869 ipsi
1267 815 1439 868 intelligi
1461 815 1618 856 debent
1639 814 1833 867 apostoli.
1875 813 1983 855 Nam

248 907 287 936 a„
311 893 346 933 si
368 892 438 944 qui
460 891 614 932 fratres
636 890 748 931 Petri
773 889 916 930 vocari
939 893 1128 941 possunt,
1149 887 1340 941 profecto
1364 887 1392 927 ii
1414 891 1524 934 sunt,
1547 886 1618 938 qui
1641 886 1679 926 ei
1703 885 1871 926 fuerunt
1893 897 1985 926 om-

248 963 365 1003 nium
387 962 580 1014 proximi,
604 960 792 1012 collegae
815 959 901 1002 scil.
923 960 966 1000 in
988 970 1164 1000 munere
1187 957 1435 1011 apostolico.
1477 956 1636 998 Deinde
1663 958 1708 1000 b.
1733 968 1808 998 eos
1831 956 1985 997 confir-

248 1033 429 1074 mandos
451 1033 638 1085 suscepit
651 1031 814 1080 Petrus,
837 1043 944 1083 quos
966 1035 1141 1071 satanas
1164 1028 1414 1070 cribrandos
1438 1028 1690 1080 expetierat:
1716 1027 1759 1067 hi
1782 1031 1924 1068 autern
1945 1028 1987 1067 in

248 1105 394 1157 primis
416 1108 539 1145 erant
560 1102 763 1155 apostoli:
787 1101 971 1142 Satanas
994 1102 1187 1155 expetivit
1209 1113 1287 1142 ios.

368 1189 474 1233 Quae
506 1189 635 1226 omnia
665 1188 947 1226 confirmantur
977 1187 1174 1236 praeclaro
1207 1189 1364 1234 patrum
1397 1185 1595 1234 suffragio,
1632 1184 1735 1221 inter
1766 1195 1862 1231 quos
1896 1195 1988 1231 prae

248 1250 386 1287 ceteris
417 1248 636 1298 genuinum
667 1248 786 1296 hujus
818 1247 893 1284 loci
924 1258 1082 1283 sensum
1112 1245 1273 1293 exponit
1303 1245 1367 1287 Le
1377 1244 1469 1295 021.
1495 1256 1608 1280 serm.
1632 1249 1655 1282 4
1691 1243 1734 1279 in
1765 1242 1826 1279 die
1856 1241 1988 1278 anniv.

249 1316 439 1356 assumpt.
461 1319 552 1344 suae
573 1320 612 1344 11.
638 1313 681 1345 2:
719 1307 959 1350 ,Commune
983 1308 1068 1342 erat
1091 1304 1274 1342 omnibus
1309 1303 1499 1352 apostolis
1530 1302 1751 1351 periculum
1783 1301 1829 1338 de
1859 1304 1988 1338 tenta-

249 1369 356 1404 tione
376 1366 598 1404 formidinis
633 1368 672 1402 et
694 1365 849 1402 divinae
880 1364 1136 1413 protectionis
1169 1363 1316 1401 auxilio
1350 1363 1495 1411 pariter
1526 1361 1770 1411 indigebant,
1804 1360 1988 1408 quoniam

251 1426 429 1464 diabolus
451 1437 585 1463 omnes
607 1425 817 1474 exagitare,
842 1436 976 1461 omnes
1000 1423 1183 1471 cupiebat
1198 1422 1360 1459 elidere:
1391 1425 1430 1459 et
1451 1425 1583 1458 tamen
1598 1420 1775 1469 specialis
1790 1433 1811 1456 a
1824 1419 1989 1456 Domino

249 1485 396 1523 Petri
419 1497 511 1522 cura
533 1484 760 1533 suscipitm·,
785 1486 824 1520 et
845 1495 916 1532 pro
942 1482 1014 1519 fide
1029 1482 1137 1519 Petri
1151 1481 1309 1530 proprie
1326 1480 1584 1530 supplicatur,
1607 1482 1808 1527 tamquam
1823 1479 1990 1515 aliorum

251 1546 377 1582 status
399 1544 541 1581 certior
563 1543 613 1580 sit
636 1543 805 1587 futurus,
843 1542 876 1579 si
907 1554 1016 1578 mens
1047 1541 1236 1589 principis
1268 1540 1371 1577 victa
1400 1541 1480 1576 non
1511 1539 1641 1576 fuerit.
1683 1538 1730 1575 In
1752 1538 1867 1575 Petro
1899 1547 1989 1586 ergo

250 1603 426 1641 omnium
447 1602 640 1640 fortitudo
663 1602 855 1645 munitur,
889 1603 928 1637 et.
950 1600 1106 1637 divinae
1129 1599 1279 1649 gratiae
1302 1600 1358 1637 ita
1381 1599 1587 1636 ordinatur
1609 1597 1811 1642 auxilium,
1843 1598 1891 1633 ut
1920 1595 1989 1632 fir-

251 1663 376 1708 mitas,
409 1674 508 1711 quae
530 1674 600 1709 per
622 1661 823 1699 Christum
845 1661 962 1697 Petro
992 1659 1199 1708 tribuitur,
1232 1671 1301 1707 per
1323 1659 1484 1695 Petrum
1515 1657 1698 1706 apostolis
1730 1656 1990 1694 conferatur«

250 1721 378 1759 Verba
399 1720 571 1758 auctoris
595 1733 658 1769 qq.
680 1720 721 1757 in
743 1719 787 1757 V.
811 1722 851 1756 et
874 1719 919 1755 N.
944 1719 984 1755 T.
1008 1718 1053 1755 cf.
1078 1731 1197 1767 supra
1218 1731 1255 1754 n.
1281 1717 1423 1757 3432a.

370 1804 490 1841 Porro
512 1805 684 1847 notetur,
718 1802 837 1839 verba
869 1802 918 1839 Et
949 1806 986 1838 tu
1020 1801 1226 1849 aliquando
1256 1811 1456 1837 coni-ersus
1488 1810 1566 1836 non
1600 1798 1816 1835 necessario
1851 1797 1991 1834 debere

250 1862 424 1911 intelligi
445 1862 493 1899 de
515 1861 768 1900 conversione
791 1861 948 1909 alapsu,
973 1859 1039 1897 sed
1061 1869 1104 1899 a.
1127 1871 1242 1908 posse
1264 1859 1319 1896 ita
1339 1858 1543 1907 explicari:
1567 1857 1617 1894 Et
1637 1861 1684 1894 tu
1705 1859 1745 1894 te
1759 1858 1988 1893 convertens

254 1921 520 1959 sollicitudine
543 1921 591 1958 ad
611 1920 752 1957 fratres
773 1923 864 1957 tuos
886 1932 951 1957 eos
974 1919 1175 1956 confirma:
1200 1919 1282 1956 scil.
1306 1918 1409 1955 sicut
1430 1929 1501 1967 ego
1524 1916 1570 1953 de
1592 1919 1631 1953 te
1654 1915 1846 1953 sollicitus
1859 1915 1996 1965 rogavi

252 1993 322 2030 pro
343 1986 403 2018 te:
437 1983 476 2018 et
497 1984 543 2018 tu
565 1993 610 2017 ex
632 1982 701 2017 tua
732 1982 843 2028 parte
875 1978 1067 2016 sollicitus
1099 1979 1183 2015 esto
1215 1978 1261 2015 de
1291 1976 1483 2014 fratribus
1513 1975 1595 2013 tuis
1626 1987 1768 2023 eosque
1799 1974 1994 2012 confirma.

254 2040 327 2078 Sed
350 2038 394 2080 b.
416 2052 495 2078 non
517 2039 644 2077 solum
666 2040 837 2087 possunt
859 2038 917 2075 ita
938 2037 1002 2074 vel
1025 2037 1145 2074 simili
1166 2037 1318 2074 ratione
1350 2035 1545 2085 explicari,
1578 2047 1717 2072 verum
1747 2034 1841 2071 haec
1872 2033 1994 2082 expli-

254 2099 353 2136 catio
375 2099 535 2136 videtur
555 2097 831 2147 praeferenda:
864 2100 953 2134 tum
975 2096 1067 2144 quia
1089 2096 1200 2133 nulla
1221 2095 1368 2133 mentio
1391 2094 1600 2143 praecessit
1620 2094 1751 2142 lapsus
1773 2093 1900 2137 Petri3
1931 2092 1995 2129 vix

253 2171 345 2208 ergo
367 2158 582 2207 probabile,
615 2157 813 2195 Christum
846 2155 1086 2193 mentionem
1117 2155 1250 2193 fecisse
1283 2153 1548 2192 conversionis
1579 2166 1600 2189 a
1630 2153 1752 2201 lapsu,
1784 2153 1994 2200 antequam

255 2218 373 2266 hujus
395 2217 506 2254 fieret
527 2216 698 2261 menti03
721 2218 807 2253 tum
831 2215 923 2263 quia
944 2215 1007 2252 hic
1029 2216 1087 2252 est
1110 2227 1247 2252 sensus
1270 2213 1462 2251 naturalis
1485 2212 1603 2261 hujus
1624 2211 1745 2258 verbi,
1768 2210 1872 2260 quod
1895 2210 1997 2259 apud

254 2277 398 2314 Lucam
419 2276 596 2325 positum
620 2275 704 2312 sine
727 2275 802 2312 alio
827 2274 943 2312 verbo
966 2286 1046 2311 non
1068 2274 1167 2311 solet
1188 2273 1407 2322 significare
1444 2270 1753 2315 conversionem
1784 2272 1874 2307 tum
1905 2269 1997 2318 quia

254 2336 353 2373 illud
377 2349 472 2375 ποτε
494 2334 775 2383 aliquando
798 2335 968 2371 refertur
992 2332 1039 2370 ad
1060 2334 1219 2381 tempus
1241 2331 1423 2369 nonnihil
1446 2331 1619 2367 distans:
1641 2329 1885 2378 poenitentia
1905 2340 1995 2366 vero

255 2395 363 2432 Petri
377 2396 461 2431 erat
473 2393 649 2442 proxime
662 2393 829 2430 instans.
852 2392 903 2429 Cf.
928 2391 1159 2429 Schrader
1172 2392 1210 2428 II
1224 2404 1262 2427 n.
1283 2397 1360 2431 133
1379 2402 1449 2435 ss.;
1471 2388 1658 2426 Katholik
1678 2394 1785 2429 1868
1801 2388 1830 2434 Ι,
1849 2394 1931 2428 414
1947 2399 1995 2424 ss.

376 2477 474 2518 358-
496 2473 667 2516 ThOSiS
690 2471 909 2515 LXXIV·
967 2485 1041 2518 Eae
1077 2486 1229 2519 verbis
1266 2485 1407 2519 Joan.
1446 2484 1512 2526 21,
1549 2484 1607 2518 15
1644 2492 1701 2517 ss.
1739 2482 1998 2524 colliyimus

260 2548 495 2583 Christum
523 2546 778 2579 Dominum
807 2544 983 2578 Simoni
1013 2545 1150 2577 Petro
1177 2543 1425 2576 contulisse
1451 2541 1792 2582 iurisdictionis
1811 2541 1997 2583 prima-

257 2609 371 2648 tum,
395 2616 485 2649 quo
510 2607 767 2640 instructus
795 2604 878 2637 sub
903 2604 1003 2645 ipso
1026 2605 1271 2645 pastorum
1289 2604 1504 2645 principe
1522 2604 1791 2636 universam
1819 2604 1998 2643 reqeret

259 2675 312 2700 ac
339 2667 668 2701 moderaretur
694 2665 960 2698 Ecclesiam.

377 2734 761 2777 Demonstratio.
805 2731 962 2773 Narrat
982 2731 1171 2773 Joannes
1194 2730 1453 2782 evangelista
1478 2730 1602 2770 tertio
1631 2729 1720 2782 jam
1754 2728 1996 2769 manifesta-

278 2817 348 2846 um
370 2816 416 2846 es
442 2816 465 2845 e
486 2803 557 2845 Jes
658 2803 866 2856 apostolis
888 2803 986 2851 suis,
1020 2814 1117 2843 cum
1149 2801 1451 2842 resurrexisset
1484 2813 1508 2841 a
1541 2800 1731 2841 mortuis.
1783 2799 1883 2840 Cum
1906 2811 1998 2851 erqo

254 2817 666 2930 prandis‘ffilt
690 2875 851 2915 Simoni
864 2874 986 2915 Petro
1002 2873 1148 2915 Jesus:
1171 2872 1312 2914 Simon
1328 2873 1524 2924 Joamzis,
1547 2871 1688 2926 diliyis
1709 2884 1771 2910 me
1787 2870 1885 2923 plus
1907 2868 2000 2908 leis?

262 2946 376 2987 Dicit
399 2947 457 2986 ei:
480 2944 636 2998 Etiam,
657 2944 850 2998 Domine,
873 2949 916 2985 tu
938 2944 1033 2993 seis,
1055 2944 1154 2997 quia
1178 2956 1270 2984 amo
1292 2947 1338 2985 te.
1374 2942 1490 2983 Dicit
1512 2943 1572 2983 ei:
1595 2942 1724 2982 Pasce
1739 2952 1867 2993 cynos
1881 2951 1999 2988 meos,

267 3022 385 3072 βάσκε
408 3021 455 3059 τὰ
477 3016 591 3073 ἀρνία
612 3033 702 3073 μου.
747 3015 862 3056 Dicit
885 3016 919 3056 ei
944 3015 1115 3055 iterum:
1139 3013 1283 3055 Simon
1306 3013 1502 3065 Joamzis,
1525 3012 1664 3067 diliyis
1687 3010 1782 3051 me?
1822 3010 1896 3050 Ait
1915 3009 2000 3049 illi:

265 3086 422 3139 Etiam,
444 3086 633 3136 Domine,
657 3091 702 3126 tu
724 3087 817 3138 scis,
839 3087 932 3140 quia
957 3098 1049 3125 (emo
1072 3089 1120 3127 te.
1159 3084 1274 3125 Dicit
1297 3085 1354 3124 ei:
1378 3084 1507 3124 Pasce
1529 3095 1655 3137 (cynos
1680 3094 1796 3127 meos,
1820 3085 1999 3136 ποίμαινε
