2175 3382
745 124 877 169 religio
896 126 940 159 is
959 126 1181 161 christianae
1201 131 1420 164 constantia.
1902 140 1956 181 95

219 246 426 295 plicantur,
460 245 679 292 meritoque
711 247 975 291 concluditur,
1008 248 1238 297 religionem
1262 251 1511 289 christianam
1533 255 1623 291 talis
1646 256 1723 292 odii
1747 258 1953 305 objectum,

219 316 303 342 esse
328 317 468 349 veram,
494 306 678 349 sanctam,
702 305 935 342 institutum
959 307 1136 344 coelestis
1159 309 1333 358 originis,
1356 311 1532 348 veritatis
1555 315 1851 364 sanctitatisque
1873 330 1954 354 ma-

218 362 510 401 nise-stationem
543 375 585 399 ac
616 363 741 400 veluti
774 364 1093 410 incarnationem,
1130 366 1294 415 ideoque
1327 371 1513 416 potestati
1548 372 1605 408 illi
1632 373 1707 409 Deo
1742 377 1954 413 contrariae

221 435 390 460 exosum.

75 501 124 566 ὃ
338 487 402 521 85.
435 481 714 518 Confirmeinus
746 481 1055 529 disputationem
1077 486 1249 521 nostram
1283 487 1479 534 praeclara
1501 488 1526 523 C
1539 488 1561 524 h
1574 502 1627 537 ry
1641 502 1657 526 s
1670 501 1690 525 0
1704 494 1780 528 sto
1794 493 1853 529 mi
1886 494 1952 531 do-

217 541 354 585 ctrina,
379 541 447 588 qui
470 540 517 576 ad
539 540 711 588 primum
733 540 1013 578 illustrandum
1028 546 1302 591 argumentum
1320 546 1647 594 comparationem
1665 549 1839 588 instituit
1854 552 1954 589 inter

220 599 466 636 diffusionem
490 599 652 635 humani
674 599 828 648 generis
850 600 1024 648 rapidam
1047 614 1116 649 per
1139 603 1270 639 orbern
1295 606 1333 640 et
1356 604 1603 642 diffusionem
1629 608 1829 657 religionis
1853 611 1952 647 chri-

219 658 378 703 stianae,
412 670 534 705 eaque
566 657 754 695 instituta
776 658 896 695 infert
918 672 1040 696 unum
1065 660 1186 698 fuisse
1214 662 1423 711 utriusque
1446 667 1654 701 auctorem.
1697 667 1952 710 Quemadmo-

220 717 324 762 dum,
347 717 481 765 inquit
503 729 631 765 expos.
654 717 694 753 in
718 717 780 753 Ps.
809 725 886 757 147
912 731 949 754 n.
975 725 1010 757 4.
1034 731 1120 756 cum
1145 719 1307 757 dixisset
1321 721 1361 758 in
1384 722 1596 770 principio:
1622 724 1780 762 Crescite
1802 733 1833 762 et
1858 729 1951 764 mul-

219 777 448 824 tiplieamini
470 780 502 812 et
523 777 658 823 replete
680 781 824 813 terram
849 774 958 828 (Gen.
986 783 1020 821 2,
1047 776 1139 830 ⁴25¹),
1172 779 1398 817 universam
1430 783 1574 818 terram
1605 795 1729 821 sermo
1762 787 1949 832 pervasit:

218 835 274 872 ita
296 838 336 872 et
354 837 511 884 postea:
543 835 599 871 Ite
629 840 662 872 et
693 835 813 872 docete
845 848 971 873 omnes
1001 842 1124 885 (sentes
1156 835 1310 888 (Matth.
1346 845 1409 884 28,
1450 837 1534 891 19),
1568 843 1626 878 et:
1667 843 1953 882 Praeclz'cabitur

173 798 466 969 {Ei-anyelmm
487 894 554 931 hoc
575 895 615 931 in
638 899 710 931 toto
734 895 873 931 mundo
897 892 964 946 (ib.
984 902 1048 940 26,
1071 894 1152 947 123),
1176 899 1294 944 atque
1316 898 1419 947 ipsos
1443 899 1560 936 etiam
1584 900 1678 937 fines
1702 903 1805 939 orbis
1828 907 1953 940 terrac

141 915 326 1045 &brevi
347 956 543 990 momento
565 953 752 1002 temporis
777 954 910 1001 jussus
941 955 1024 1003 ejus
1056 957 1297 1003 occupavit<
1341 957 1401 993 Ad
1433 958 1602 995 alterum
1631 973 1719 997 vero
1754 962 1952 999 illustran-

218 1012 311 1049 dum
334 1012 484 1049 confert
506 1012 902 1061 Chrysostomus
934 1014 974 1050 in
1005 1014 1030 1049 l.
1067 1015 1169 1062 quod
1195 1015 1368 1052 Christus
1392 1016 1446 1053 sit
1470 1017 1571 1054 Deus
1592 1031 1628 1058 n.
1658 1026 1706 1059 13
1730 1020 1848 1057 verba
1871 1022 1951 1058 Sal-

216 1071 384 1108 vatoris:
408 1071 624 1119 Aedificabo
648 1072 855 1108 Ecclesiam
878 1085 1000 1109 meam
1024 1070 1177 1124 (Matth.
1207 1081 1268 1117 16,
1298 1072 1366 1127 18)
1389 1088 1477 1112 cum
1509 1077 1659 1114 verbis:
1691 1078 1781 1115 Fiat
1811 1081 1950 1117 coelum

218 1127 304 1181 (seu
327 1130 618 1167 firmamentum
641 1130 732 1168 Gen.
763 1139 793 1176 1,
821 1130 873 1177 6).
910 1131 1014 1175 Quae
1037 1132 1137 1170 enim
1162 1133 1359 1170 stabilitas
1382 1134 1630 1180 firmamenti,
1656 1137 1747 1174 haec
1769 1140 1808 1174 et
1823 1139 1950 1176 Eccle-

217 1189 295 1226 siae
318 1192 388 1229 est.
437 1190 494 1226 lta
515 1192 554 1226 et
576 1192 756 1226 auctor
778 1202 998 1239 anonymus
1032 1204 1059 1227 S.
1087 1198 1107 1230 2
1142 1191 1183 1229 in
1206 1192 1386 1229 Genesim
1419 1191 1539 1244 (inter
1562 1207 1621 1242 op.
1646 1197 1779 1243 spuria
1801 1198 1952 1246 Chry-

218 1248 432 1299 sostojmi
454 1248 496 1285 in
518 1249 685 1297 Migne
708 1249 845 1298 patrol.
869 1262 1003 1298 graeca
1031 1257 1093 1290 56.
1131 1249 1250 1301 525);
1287 1252 1398 1295 „Duo
1430 1253 1547 1290 verba
1578 1256 1854 1301 pronunciavit
1875 1258 1950 1294 Do-

215 1308 363 1345 minus:
388 1308 513 1356 Super
534 1308 631 1345 hanc
648 1313 800 1356 petram
822 1309 1025 1355 aedificabo
1048 1309 1256 1346 Ecclesiam
1280 1323 1399 1347 meam
1421 1313 1491 1348 etc.
1515 1312 1601 1349 Non
1616 1316 1673 1349 est
1695 1327 1788 1351 usus
1810 1328 1950 1365 magno

133 1321 200 1448 Q
217 1367 425 1404 verborum
446 1366 621 1404 ambitu:
651 1378 730 1404 non
763 1367 882 1404 dixit:
915 1368 1094 1405 Firmabo
1116 1369 1322 1406 Ecclesiam
1347 1373 1385 1406 et
1408 1383 1479 1407 nec
1498 1384 1618 1419 reges,
1653 1385 1722 1409 nec
1743 1374 1949 1423 principes.

217 1439 345 1474 neque
366 1426 537 1474 tyranni,
561 1439 688 1475 neque
711 1427 915 1475 sapientes,
947 1439 1074 1475 neque
1096 1428 1247 1473 rustici,
1271 1441 1398 1477 neque
1421 1433 1593 1467 oratores
1617 1432 1858 1480 superabunt
1882 1434 1950 1470 Ec-

216 1485 393 1522 clesiam:
416 1498 506 1522 nam
528 1485 722 1523 invictum
745 1488 784 1522 et
805 1486 1108 1534 inexpugnabile
1131 1489 1191 1524 est
1214 1500 1378 1536 regnum
1403 1488 1566 1525 Christi:
1590 1502 1725 1527 verum
1740 1504 1818 1528 uno
1836 1493 1949 1529 verbo

214 1543 292 1581 vim
317 1546 357 1581 et
378 1544 595 1592 potentiam
616 1545 829 1582 declaravit
851 1557 893 1582 ac
916 1545 1087 1593 simplici
1109 1546 1279 1583 dictione
1294 1547 1587 1595 promissionem
1610 1549 1801 1586 munivit:
1826 1551 1949 1599 Super

216 1599 315 1642 hanc
329 1608 484 1652 petracii
507 1607 578 1641 etc.
602 1604 686 1641 Duo
709 1604 845 1649 verba,
879 1616 954 1641 non
989 1605 1093 1641 nuda
1124 1607 1163 1641 et
1186 1605 1321 1642 tenuia
1343 1606 1471 1648 verba,
1496 1606 1561 1643 sed
1584 1607 1655 1644 Dei
1677 1608 1804 1645 verba.
1848 1610 1947 1647 Nam

214 1663 282 1711 qui
305 1662 422 1700 verbo
443 1663 594 1699 coelum
617 1662 787 1700 firmavit
818 1665 855 1699 et
878 1666 1023 1699 terram
1044 1663 1225 1701 fundavit
1247 1665 1376 1707 verbo,
1401 1665 1517 1702 etiam
1540 1666 1749 1703 Ecclesiam
1772 1669 1946 1705 aedifica-

213 1722 311 1759 vit«
356 1721 530 1770 Denique
552 1722 599 1758 ad
620 1721 901 1758 illustrandum
924 1725 1211 1771 argumentum,
1245 1723 1350 1771 quod
1372 1725 1553 1772 sequenti
1575 1737 1809 1773 exponemus
1831 1728 1946 1765 thesi.

212 1783 400 1830 provocat
421 1780 813 1829 Chrysostomus
844 1781 868 1817 l.
901 1794 930 1818 c.
962 1793 1000 1818 n.
1031 1788 1076 1821 13
1111 1781 1159 1818 ad
1187 1782 1303 1819 verba
1335 1783 1404 1819 Dei
1429 1779 1538 1834 (Gen.
1574 1792 1603 1828 l,
1634 1781 1720 1836 ll):
1755 1786 1945 1823 Germinet

212 1845 317 1877 terra
339 1840 495 1877 herbam
518 1841 695 1876 virentem
717 1842 786 1877 etc.

334 1917 398 1950 86.
422 1911 606 1959 Exceptio
629 1923 674 1948 ex
695 1916 907 1947 ceterarum
930 1916 1117 1948 sectarum
1140 1914 1429 1949 conservatione.
1466 1913 1599 1961 Neque
1622 1917 1842 1962 opponatur
1863 1915 1949 1952 diu-

211 1971 329 2006 turna
353 1970 592 2007 conservatio
624 1969 830 2019 religionis
848 1970 1045 2018 judaicae,
1083 1970 1373 2019 superstitionis
1405 1972 1743 2009 mohammedanae
1766 1974 1949 2011 aliarum-

212 2041 287 2077 que
310 2031 516 2066 sectarum.
559 2029 737 2077 Seposita
759 2029 864 2066 enim
886 2029 1076 2078 religione
1094 2029 1264 2077 judaica,
1288 2031 1401 2076 cujus
1417 2031 1657 2067 conservatio
1682 2032 1811 2079 potius
1826 2033 1950 2070 inser-

211 2087 270 2124 vit
289 2087 513 2136 probandae
544 2087 747 2137 religionis
779 2088 1011 2125 christianae
1043 2088 1203 2125 veritati
1235 2089 1469 2137 specialique
1494 2090 1562 2126 Dei
1593 2090 1860 2138 providentiae
1893 2096 1949 2129 est

211 2146 468 2184 adscribenda
490 2144 553 2197 (cf.
575 2159 611 2184 n.
639 2144 720 2199 38),
746 2149 939 2184 sectarum
962 2147 1204 2185 diuturnitas
1237 2148 1405 2185 inultum
1430 2148 1550 2185 distat
1577 2162 1597 2185 a
1620 2151 1836 2187 constantia
1857 2151 1947 2188 reli-

210 2205 337 2254 gionis
360 2206 616 2243 christianae:
652 2207 746 2243 haec
777 2206 880 2242 enim
904 2217 942 2246 a.
966 2206 1047 2243 illis
1071 2207 1188 2243 latius
1210 2209 1338 2255 patet:
1371 2219 1415 2243 ea
1447 2205 1493 2247 b.
1527 2220 1677 2256 semper
1709 2208 1815 2258 degit
1847 2210 1949 2246 inter

210 2264 323 2310 bella,
346 2264 436 2302 illae
458 2265 652 2314 profunda
673 2267 720 2302 ut
740 2265 957 2314 plurimum
979 2277 1070 2314 pace
1093 2265 1374 2313 perfruuntur;
1398 2276 1437 2306 c..
1467 2267 1552 2314 ipsa
1573 2267 1804 2315 plerumque
1827 2268 1946 2305 desti-

209 2323 339 2374 tuitur
359 2325 601 2372 protectione
624 2324 804 2369 humana,
829 2337 906 2372 qua
929 2324 1019 2361 illae
1042 2324 1232 2361 fruuntur
1253 2325 1533 2373 foventurque:
1566 2325 1737 2363 Ecclesia
1769 2325 1811 2367 (l.
1830 2327 1942 2375 juve-

209 2383 333 2420 nescit
354 2383 585 2432 impugnata
615 2395 803 2433 suamque
835 2385 964 2420 servat
995 2396 1016 2420 a
1046 2385 1242 2431 potestate
1273 2383 1437 2431 politica
1467 2384 1831 2432 independentiam:
1857 2386 1946 2422 illae

207 2454 299 2479 vero
322 2454 362 2479 se
384 2442 676 2479 accommodant
697 2442 884 2490 potestati
905 2442 1083 2490 politicae
1106 2443 1219 2490 eique
1234 2442 1438 2479 blanditur
1452 2443 1617 2491 ideoque
1631 2444 1850 2481 nationales
1864 2444 1945 2481 fieri

209 2501 347 2545 solent,
372 2501 479 2537 senio
502 2501 563 2537 vel
586 2501 751 2538 internis
775 2501 943 2538 dissidiis
966 2501 1152 2538 deficiunt
1173 2505 1290 2549 atque
1313 2502 1575 2548 collabuntur,
1613 2507 1651 2539 et
1673 2503 1837 2551 speciem
1862 2514 1944 2540 cor-

207 2559 313 2607 poris
333 2560 574 2597 tabescentis
597 2562 636 2597 et
658 2573 759 2608 pene
777 2561 859 2608 jam
882 2560 1050 2596 emortui
1071 2573 1162 2608 prae
1185 2573 1223 2597 se
1245 2560 1388 2597 ferunt.

330 2641 395 2682 87-
419 2639 588 2681 Thesis
611 2639 749 2682 XIX·
815 2654 1214 2696 Quemadmodum
1247 2654 1570 2694 pulcherrima
1606 2654 1744 2694 huius
1779 2655 1942 2688 „eundi

207 2713 393 2754 species,
418 2721 536 2754 quae
563 2713 700 2745 chaos
735 2713 928 2754 excepit,
961 2713 1299 2753 sapientissimi
1338 2713 1424 2746 Dei
1459 2714 1709 2747 conditoris
1744 2713 1939 2754 {storiam

207 2773 428 2804 enarrat:
463 2773 530 2804 ita
565 2772 750 2806 evidens
785 2771 980 2805 humani
1006 2772 1188 2812 {fencris
1213 2780 1271 2804 ew
1310 2772 1530 2805 vitiorum
1557 2772 1747 2804 colluvie
1774 2772 1819 2804 in
1852 2780 1941 2803 me-

207 2829 298 2863 lius
335 2839 423 2872 per
464 2831 735 2872 relmimaem
782 2831 1086 2864 christianam
1129 2831 1484 2871 transformatio
1528 2839 1641 2872 opus
1684 2830 1941 2862 annunciat

207 2888 412 2931 Spiritus
433 2890 605 2930 faeiem.
632 2892 788 2924 terrae
814 2891 1095 2924 renovantis.

329 2945 706 2990 Demonstratio.
750 2944 979 2998 Supposito
1004 2945 1151 2986 facto
1175 2945 1308 2986 mirae
1332 2945 1418 2986 scil.
1441 2945 1587 2986 mundi
1610 2944 1767 2996 antiqui
1791 2944 1831 2982 in
1855 2953 1939 2982 ine-

209 3014 290 3054 lius
313 3016 671 3065 commutationis,
705 3016 853 3058 sedulo
887 3015 1150 3068 expendatur
1184 3015 1283 3056 facti
1315 3016 1567 3068 qualitas.
1610 3014 1714 3054 Hinc
1748 3014 1789 3052 in
1822 3024 1937 3052 men-

210 3089 296 3125 tem
317 3090 543 3127 revocetur
