2175 3382
249 102 327 142 Ῑςης
558 93 676 126 Tract.
698 93 739 127 ΙΙ.
758 92 802 125 de
821 105 848 125 s.
867 92 1067 135 Scriptura.
1086 90 1214 124 'rhesis
1234 89 1394 123 XXXVI.
1415 90 1458 123 (le
1476 90 1668 123 authentia

242 222 308 255 aut
332 217 570 259 versionum,
595 227 712 263 quam
736 215 862 251 dicere
885 225 1093 262 possumus
1109 209 1319 252 α’)θεντίαν
1335 211 1627 256 conformitatis,
1653 224 1721 249 seu
1737 212 1985 250 authentiam

242 275 565 314 communicatam
597 274 829 323 apographis
863 278 899 310 et
936 272 1183 309 versionibus
1220 271 1267 308 ob
1303 270 1615 308 conformitatem
1651 270 1863 308 earundem
1896 283 1984 309 cum

243 334 455 383 exemplari
477 333 672 383 originali.
708 333 762 370 De
784 332 987 369 authentia
1009 329 1262 379 originali
1285 329 1507 378 Scripturae
1531 341 1559 367 s.
1575 330 1657 377 jam
1679 329 1832 378 egimus
1848 333 1980 367 osten-

243 395 389 434 dentes.
422 406 502 431 eam
536 405 617 430 esse
651 392 835 430 divinam.
872 392 973 428 Deus
1006 390 1109 426 enim
1141 392 1198 426 est
1231 388 1524 436 Scripturarum
1557 391 1703 425 auctor.
1747 389 1861 426 Modo
1893 401 1986 439 ergo

242 464 402 504 agemus
426 452 472 489 de
495 451 699 489 authentia
721 449 1016 491 conformitatis,
1055 461 1142 485 cum
1165 448 1335 485 Ecclesia
1357 448 1494 485 saltem
1519 447 1640 484 latina
1663 449 1804 484 utatur
1826 450 1984 485 tantum

243 511 531 561 exemplaribus
566 523 594 548 s.
619 510 841 558 Scripturae
873 507 1106 557 apographis
1140 507 1267 555 iisque
1299 507 1339 544 in
1372 507 1549 556 linguam
1581 506 1745 543 latinam
1779 507 1985 544 conversis.

243 571 461 609 Anthentia
482 572 614 607 autem
637 568 919 606 conformitatis
943 567 1188 604 innotescere
1224 569 1355 614 potest
1378 566 1441 603 vel
1463 578 1531 614 per
1567 565 1869 603 declarationem
1904 566 1986 603 sive

243 642 462 680 expressam
484 630 562 667 sive
585 627 898 676 aequivalentem
933 626 980 663 ab
1015 626 1099 674 ipsa
1132 625 1366 662 auctoritate
1402 625 1601 662 societatis
1634 624 1784 663 factam.
1820 625 1883 661 vel
1914 637 1986 673 ope

244 689 461 728 collationis
484 688 709 725 institutae:
743 686 813 723 hoc
844 686 884 722 in
907 697 999 722 casu
1021 684 1224 722 authentia
1246 684 1372 721 vocari
1405 687 1535 732 potest
1558 683 1757 721 critica.
1801 684 1881 721 Hac
1905 684 1988 722 sola

243 752 516 799 protestantes,
539 747 682 795 rejecta
704 744 923 794 magisterii
947 743 1198 782 ecclesiastici
1221 743 1465 781 auctoritate.
1490 743 1551 780 uti
1572 746 1750 792 possunt.

369 832 461 872 178.
483 825 860 870 Demonstratio.
884 823 937 865 Ut
951 824 1105 864 thesim
1119 822 1349 876 probemus
1364 822 1471 863 haec
1494 834 1545 863 ex
1569 822 1716 863 ordine
1732 823 1983 863 statuimus:

366 899 404 942 1.
427 896 641 937 Ecclesiae
673 907 724 936 ex
757 906 932 936 munere
964 907 990 935 a
1022 892 1188 935 Christo
1222 893 1410 946 injuncto
1443 892 1623 934 docendi
1656 904 1806 934 omnes
1835 897 1985 945 gentes

240 970 326 1021 jus
352 973 415 1010 est
438 973 479 1008 et
501 966 749 1008 officium
771 965 1038 1018 proponendi
1060 969 1102 1005 et
1123 963 1318 1005 tradendi
1340 963 1518 1004 verbum
1538 963 1614 1005 Dei
1636 964 1838 1016 scriptum
1863 963 1985 1004 illud-

245 1052 326 1093 que
349 1040 391 1080 in
415 1043 616 1080 concreto
641 1039 663 1078 i.
687 1049 720 1078 e.
745 1036 1072 1078 determinatam
1095 1035 1281 1088 aliquam
1306 1034 1547 1076 editionem.
1590 1032 1713 1085 Quod
1736 1033 1907 1087 quidem
1934 1046 1986 1075 ex

245 1111 365 1152 dictis
390 1114 554 1150 certum
579 1114 654 1157 est,
689 1113 730 1149 et
763 1107 829 1149 vel
851 1108 931 1160 ipsi
951 1110 1239 1159 protestantes
1262 1105 1497 1146 concedere
1521 1104 1688 1154 debent⁷
1710 1117 1811 1145 nam
1833 1117 1986 1146 secun·

246 1183 344 1223 dum
369 1182 483 1233 ipsos
499 1178 716 1232 Scriptura
737 1179 887 1219 unicus
902 1182 966 1219 est
980 1177 1073 1219 fons
1097 1178 1152 1232 (n.
1172 1177 1281 1231 108),Ι
1305 1176 1417 1216 unde
1440 1184 1601 1216 omnes¹
1611 1175 1781 1217 haurire
1804 1175 1990 1217 debeant

246 1253 398 1294 Christi
423 1251 684 1297 doctrinam3
716 1250 827 1290 sacri
860 1254 1003 1290 autem
1036 1248 1206 1290 codices
1238 1247 1291 1288 ad
1323 1246 1510 1299 singulos
1541 1246 1717 1287 coelitus
1749 1259 1837 1288 non
1869 1246 1984 1288 defe-

246 1329 405 1365 runtur.
449 1322 577 1376 Atqui
599 1321 788 1362 Ecclesia
809 1321 892 1361 hoc
915 1332 1068 1360 munus
1092 1319 1209 1360 obire
1241 1319 1397 1371 nequit.v
1429 1318 1509 1358 nisi
1540 1317 1726 1370 aliquam
1758 1317 1987 1359 editionem

246 1407 321 1436 seu
344 1395 639 1436 recensionem
673 1397 746 1433 aut
771 1392 1014 1433 versionem
1037 1395 1256 1443 tamquam
1279 1389 1506 1442 genuinam
1530 1387 1793 1441 Scripturam
1815 1401 1986 1430 sacram

247 1478 297 1507 ac
328 1465 507 1518 proinde
539 1464 671 1505 textui
704 1463 916 1516 primitivo
941 1461 1204 1503 conformem
1227 1460 1489 1512 designandi,
1521 1460 1585 1500 vel
1617 1460 1746 1501 talem
1779 1459 1988 1501 efficiendi

241 1537 310 1590 jus
333 1535 475 1584 habet.¹
508 1534 760 1588 praesertim
783 1534 818 1574 si
840 1533 998 1574 multae
1030 1533 1139 1574 inter
1170 1543 1215 1573 se
1248 1536 1289 1572 et
1320 1544 1345 1572 a
1376 1535 1493 1572 textu
1515 1531 1764 1584 primigenio
1788 1530 1987 1572 dissonae

246 1607 609 1650 circumferuntur.
662 1605 769 1658 Ergo
802 1604 991 1645 Ecclesia
1019 1604 1114 1657 jure
1150 1608 1276 1656 atque
1311 1607 1522 1655 potestate
1557 1602 1712 1654 gaudet
1745 1602 1986 1643 versionem

246 1679 431 1732 aliquam
462 1676 706 1719 declarandi
739 1676 1040 1717 authenticam.
1083 1674 1311 1716 Praeterea
1342 1673 1530 1714 Ecclesia
1561 1673 1642 1714 nisi
1674 1673 1859 1726 aliquam
1892 1685 1986 1713 ver-

245 1751 410 1791 sionem
440 1749 574 1802 possit
605 1748 825 1790 declarare
857 1747 1159 1795 authenticam,
1203 1757 1422 1798 nunquam
1453 1749 1543 1785 tuto
1575 1744 1714 1793 sciret,
1750 1756 1806 1785 an
1836 1756 1988 1785 revera

245 1821 402 1863 habeat
435 1820 613 1862 verbum
646 1819 741 1862 Dei:
785 1830 1005 1871 nunquam
1040 1817 1267 1858 efficaciter
1300 1816 1462 1857 hortari
1503 1820 1649 1868 posset
1682 1815 1897 1856 auditores
1933 1814 1987 1855 ad

245 1892 467 1945 legendam
490 1905 520 1932 s.
536 1890 799 1943 Scripturam
823 1889 954 1946 (quod
976 1894 1121 1930 tamen
1143 1887 1376 1930 secundum
1399 1891 1686 1939 protestantes
1708 1886 1986 1939 praecipuum
2035 1927 2043 1930 ,

246 1969 309 2004 est
339 1964 470 2016 ipsius
504 1961 705 2018 officium)
728 1965 900 2014 propter
923 1959 1098 2001 dubium
1129 1959 1181 2000 de
1216 1958 1448 2005 authentia,
1479 1970 1588 2010 quae
1620 1969 1696 2010 per
1728 1968 1773 1998 se
1805 1969 1892 1998 non
1924 1961 1988 1997 est

246 2035 430 2076 evidens.
465 2033 608 2085 Quare
630 2033 712 2073 nisi
734 2031 946 2073 affirmare
969 2031 1148 2072 velimus
1171 2044 1201 2071 s.
1217 2029 1481 2082 Scripturam
1496 2028 1672 2081 periisse
1694 2040 1770 2080 pro
1794 2027 1987 2068 fidelibus

245 2105 312 2147 vel
333 2106 485 2146 saltem
508 2104 640 2145 latere
663 2108 883 2156 tamquam
905 2102 1153 2143 thesaurum
1175 2101 1457 2149 inaccessum,
1479 2100 1562 2140 hoc
1579 2099 1648 2152 jus
1675 2098 1890 2139 Ecclesiae
1923 2103 1989 2139 est

246 2174 557 2216 vindicandum.

364 2247 406 2289 2.
432 2245 484 2287 Ut
505 2244 694 2286 Ecclesia
717 2255 768 2285 ex
790 2243 1057 2284 versionibus
1080 2241 1269 2295 pluribus
1292 2253 1451 2282 unam
1483 2239 1706 2293 praeferat,
1739 2241 1864 2293 exigit
1895 2240 1986 2293 ejus

246 2318 406 2364 unitas3
439 2317 473 2357 si
504 2316 618 2357 enim
648 2315 889 2368 promiscue
923 2313 1125 2355 adhibere
1147 2317 1323 2366 possent
1346 2311 1589 2365 Scripturae
1612 2311 1830 2353 versiones
1853 2322 1986 2364 quae-

247 2399 425 2440 cunque,
449 2386 569 2427 facile
593 2387 805 2427 orirentur
827 2385 1114 2426 dissensiones
1138 2389 1179 2425 et
1202 2383 1332 2424 dubia
1354 2383 1405 2424 de
1428 2383 1521 2435 ipsa
1543 2380 1772 2435 Scriptura.

365 2471 413 2513 3.—
433 2469 650 2522 Ejusmodi
682 2469 1016 2510 declarationem
1046 2473 1238 2520 tempore
1270 2466 1437 2508 concilii
1467 2478 1554 2507 non
1585 2465 1722 2507 solum
1754 2464 1986 2506 admodum

248 2546 533 2594 opportunam
556 2539 696 2585 fuisse,
719 2539 794 2580 sed
817 2544 858 2580 et
879 2539 1004 2592 plane
1026 2539 1328 2586 necessariam,
1359 2537 1426 2578 vel
1447 2537 1544 2577 inde
1568 2541 1696 2589 patet,
1726 2536 1838 2589 quod
1860 2547 1987 2588 prae-

248 2619 311 2654 ter
342 2611 592 2664 multiplices
615 2611 812 2663 vulgatae
836 2611 1125 2652 correctiones
1147 2610 1318 2662 propria
1342 2609 1552 2650 editorum
1575 2607 1828 2649 auctoritate
1850 2605 1985 2647 factas

247 2683 480 2736 prodierint
512 2682 565 2722 ab
599 2694 635 2723 a.
661 2684 952 2726 1515-1550
983 2681 1134 2721 saltem
1166 2680 1373 2721 editiones
1400 2683 1479 2724 181
1504 2679 1719 2719 variarum
1740 2677 1984 2718 versionum

248 2754 336 2795 sive
366 2754 555 2806 integrae
578 2751 821 2805 Scripturae
854 2752 941 2793 sive
967 2751 1153 2804 partium
1176 2751 1364 2803 ejusdem
1378 2766 1391 2800 ,·
1420 2753 1593 2802 insuper
1614 2748 1823 2789 Erasmi
1845 2748 1985 2789 versio

247 2823 294 2868 N.
317 2824 360 2865 T.
384 2824 536 2865 saltem
558 2823 785 2864 biscenties
809 2823 1086 2876 quinquagies
1109 2821 1185 2863 fuit
1207 2821 1377 2862 editum.

366 2906 409 2949 4.
433 2905 558 2946 Ratio
591 2910 733 2946 autem
765 2917 896 2958 quare
929 2905 1154 2946 concilium
1177 2904 1451 2945 tridentinum
1475 2902 1625 2943 merito
1648 2913 1884 2954 provocare
1906 2912 1985 2953 po-

248 2977 374 3018 tuerit
406 2976 459 3018 ad
491 2989 615 3017 usum
646 2976 929 3017 universalem
961 2981 1024 3016 tot
1055 2975 1294 3017 seculorum
1323 2979 1543 3027 tamquam
1575 2972 1630 3014 ad
1661 2972 1876 3013 criterium
1907 2983 1984 3024 pro

248 3047 535 3100 dignoscenda
557 3047 777 3088 authentia
799 3045 1105 3087 conformitatis
1127 3045 1334 3097 Vulgatae
1357 3057 1454 3085 cum
1475 3048 1594 3085 textu
1615 3043 1876 3096 primigenio,
1908 3053 1982 3094 pe-
