2175 3382
256 157 314 191 :w
521 149 637 181 'frat-t.
662 149 684 181 l.
704 147 887 192 Apologia
906 147 1011 191 relig.
1031 147 1155 181 christ.
1175 147 1240 181 Th.
1261 147 1304 180 V.
1326 147 1505 181 Miracula
1523 148 1727 193 possibilia.

261 268 403 310 sibilis.
446 267 572 319 Atqui
606 267 780 320 quaevis
813 267 962 307 harum
988 267 1285 319 hypothesium
1309 271 1373 307 est
1395 267 1591 310 absurda.
1634 266 1741 320 Ergo
1764 280 1861 309 cum
1883 268 1994 310 Deus

259 341 312 380 sit
347 340 628 391 omnipotens,
659 350 755 379 cum
789 350 929 379 rerum
962 337 1066 379 ordo
1098 337 1152 378 ab
1183 338 1274 390 ipso
1298 338 1352 378 sit
1372 338 1497 390 plane
1519 338 1774 391 dependens,
1806 350 1904 380 cum
1926 339 1996 380 alii

258 410 434 451 ordines
465 411 548 450 sint
578 408 820 461 possibiles:
854 409 1006 461 poterit
1038 409 1369 461 independenter
1398 421 1423 449 a
1444 409 1605 461 legibus
1627 414 1806 450 naturae
1827 414 1997 462 praeter

256 487 296 521 et
321 493 451 533 supra
475 492 549 521 eas
572 492 697 532 agere
720 481 743 524 i.
767 493 800 521 c.
824 485 995 532 patrare
1019 479 1235 523 miracula.

378 564 421 607 3.
446 563 651 605 Homines
673 564 861 604 omnium
885 563 1085 615 gentium,
1121 568 1309 604 aetatum
1333 567 1374 604 et
1393 563 1584 604 locorum
1607 564 1648 604 in
1672 561 1996 604 necessitatibus

258 635 475 675 constituti
498 634 550 675 ad
575 634 707 674 Deum
739 633 935 686 precibus
966 638 1199 682 recurrunt,
1230 638 1276 674 ut
1306 634 1493 686 pericula
1524 639 1700 682 avertat,
1734 635 1776 675 in
1807 633 1997 675 adversis

250 706 382 758 juvet,
405 704 611 746 beneficia
642 704 843 748 conterat.
886 703 1047 745 Natura
1080 716 1179 757 ergo
1212 705 1304 757 ipsa
1335 705 1444 745 duce
1465 709 1650 753 censent,
1674 704 1807 746 Deum
1830 716 1916 746 non
1938 704 1997 745 ita

259 776 490 817 obnoxium
515 787 608 817 esse
631 775 754 828 hujus
785 776 972 816 universi
993 775 1166 828 legibus,
1198 780 1244 816 ut
1266 787 1351 816 non
1374 788 1451 827 pro
1474 775 1591 816 libito
1615 780 1783 828 praeter
1805 779 1847 816 et
1868 786 1997 828 supra

259 852 511 887 consuetum
534 851 713 887 naturae
737 847 929 888 ordinem
954 848 1088 899 possit
1110 847 1275 888 efficere
1299 846 1499 900 quidquid
1521 847 1631 896 velit,
1665 847 1846 900 ideoque
1868 846 1996 888 etiam

258 922 433 970 patrare
457 917 665 970 ejusmodi
687 928 830 970 opera,
853 917 1005 971 quibus
1027 917 1219 959 miraculi
1241 918 1512 959 characteres
1535 919 1801 959 conveniant.

383 1010 447 1043 21.
470 1004 718 1051 Exceptiones
739 1009 873 1041 contra
896 1005 1096 1041 miracula.
1121 1004 1171 1041 Et
1191 1017 1327 1042 revera
1348 1006 1591 1053 argumenta,
1624 1016 1723 1052 quae
1745 1016 1886 1054 magno
1907 1016 1996 1041 eru-

260 1063 420 1100 ditionis
442 1065 631 1111 apparatu
653 1063 856 1107 increduli.
881 1063 977 1101 duce
999 1063 1040 1100 in
1060 1063 1201 1112 primis
1218 1063 1394 1112 Spinoza,
1418 1064 1554 1100 afferre
1576 1063 1703 1101 solent
1724 1066 1858 1101 contra
1879 1062 1997 1100 mira-

259 1123 440 1159 culorum
470 1122 792 1171 possibilitatem,
826 1125 921 1160 sunt
954 1122 1163 1159 admodum
1194 1123 1349 1160 infirma
1380 1126 1420 1160 et
1449 1122 1599 1167 futilia3
1631 1123 1862 1160 innituntur
1894 1122 1998 1159 enim

258 1182 388 1218 omnia
412 1181 473 1217 vel
494 1181 824 1230 pantheismo
847 1182 910 1218 rel
933 1182 1188 1219 atheismo
1209 1183 1272 1219 vel
1295 1182 1400 1231 quod
1416 1181 1520 1219 idem
1542 1184 1601 1219 est
1621 1181 1901 1219 fatalismo.
1922 1181 1997 1218 Ex-

259 1240 336 1289 cipi
358 1252 449 1277 vero
471 1240 510 1277 in
535 1240 671 1288 primis
696 1241 808 1285 solet,
831 1240 1022 1278 miracula
1043 1240 1188 1279 idcirco
1211 1241 1295 1278 fieri
1317 1254 1394 1278 non
1408 1253 1533 1290 posse,
1555 1244 1644 1278 tum
1665 1241 1757 1289 quia
1779 1252 1820 1281 a.
1835 1242 1999 1278 naturae

261 1301 365 1349 leges
398 1302 493 1336 sunt
525 1300 813 1345 immutabiles,
845 1304 930 1337 tum
963 1300 1056 1348 quia
1084 1298 1131 1340 l).
1162 1300 1194 1338 si
1217 1300 1376 1346 fierent,
1409 1313 1453 1338 ea
1476 1301 1600 1337 Deum
1622 1302 1834 1350 arguerent
1854 1299 1898 1336 in
1918 1299 1999 1337 suis

260 1359 435 1396 consiliis
457 1359 691 1396 mutabilem
722 1360 887 1408 ejusque
919 1369 960 1400 e.
995 1372 1092 1408 opus
1125 1360 1420 1409 imperfectum,
1452 1359 1558 1408 quod
1579 1359 1852 1397 emendatione
1873 1358 1999 1396 veluti

257 1418 445 1467 indigeat.
469 1418 770 1467 Respondemus,
795 1419 935 1460 omnia.
960 1431 1059 1466 quae
1081 1418 1184 1456 fiunt
1204 1422 1359 1468 praeter
1379 1420 1442 1456 vel
1465 1431 1585 1467 supra
1606 1422 1769 1456 naturae
1791 1419 1910 1468 leges,
1941 1417 1998 1454 le-

259 1489 326 1526 ges
349 1477 451 1525 ipsas
473 1489 551 1514 non
574 1480 746 1514 mutare:
770 1490 868 1526 quae
891 1490 982 1515 vero
1004 1482 1138 1515 contra
1152 1479 1257 1527 leges
1273 1478 1422 1515 ordinis
1437 1478 1626 1515 naturalis
1649 1477 1898 1527 contingunt,
1920 1488 2000 1514 non

259 1537 393 1586 legum
414 1536 685 1581 mutat-ionem,
699 1537 765 1574 sed
787 1537 961 1586 ejusdem
984 1549 1181 1574 summum
1202 1537 1244 1574 in
1266 1537 1457 1587 singulari
1477 1549 1567 1575 casu
1589 1537 1882 1586 suspensionem
1904 1548 1998 1584 sup-

259 1606 426 1644 ponere:
449 1595 598 1644 poterit
619 1601 751 1633 autem
774 1600 923 1633 creator
943 1597 1050 1646 leges
1073 1610 1095 1634 a
1116 1609 1155 1634 se
1176 1597 1324 1645 positas
1339 1597 1587 1645 suspendere,
1611 1596 1680 1644 qui
1693 1596 1894 1633 subtracto
1908 1607 1998 1632 con-

259 1666 382 1691 cursu
403 1658 443 1691 et
464 1655 755 1692 conservatione
787 1658 922 1704 posset
952 1657 1114 1701 efficere,
1147 1658 1195 1693 ut
1225 1656 1315 1693 illae
1337 1656 1495 1704 penitus
1517 1658 1680 1695 cessent.
1722 1656 1806 1693 Imo
1828 1654 2000 1704 plurima

260 1714 447 1750 miracula
468 1727 595 1762 neque
627 1715 759 1764 legum
781 1715 1024 1752 naturalium
1048 1715 1343 1764 suspensionem
1365 1716 1540 1764 exigunt.
1583 1715 1624 1752 Si
1651 1715 1753 1752 enim
1776 1714 1890 1752 homo
1911 1725 1999 1766 per-

262 1785 374 1821 saepe
396 1775 526 1821 potest
549 1773 695 1810 virium
716 1774 958 1811 naturalium
990 1774 1183 1823 impetum
1205 1775 1349 1812 elidere
1380 1777 1498 1823 atque
1519 1774 1709 1824 impedire
1731 1772 1910 1822 potentia
1929 1785 2000 1810 sua

262 1832 609 1880 quantulacunque
631 1835 670 1870 et
690 1833 912 1882 prudentia.
946 1846 1023 1882 qua
1044 1834 1132 1871 illas
1152 1834 1378 1872 moderatur
1409 1837 1449 1870 et
1480 1833 1638 1883 dirigit,
1669 1832 1832 1870 noxium
1863 1844 2000 1870 earum

262 1893 464 1928 effectum:
489 1895 636 1939 quanto
660 1892 783 1941 magis
797 1893 942 1941 poterit
957 1892 1061 1930 idem
1086 1906 1155 1930 sua
1170 1893 1582 1942 omnipotentiaDeus.
1606 1892 1690 1936 Quo
1711 1892 1752 1929 in
1774 1904 1865 1929 casu
1886 1891 1998 1928 effec-

260 1954 328 1987 tus
351 1951 503 1987 ratione
525 1954 682 1987 tantum
704 1951 809 1988 modi
831 1952 906 1989 erit
928 1952 1196 1997 miraculosus,
1229 1965 1318 1989 cum
1339 1953 1444 1989 Deus
1466 1952 1664 1989 ordinario
1689 1951 1818 1989 causis
1839 1953 1999 1988 natura-

262 2009 366 2046 libus
388 2009 594 2058 permittat
616 2022 775 2047 cursum
797 2023 924 2048 suum.
948 2011 1127 2048 Ceterum
1150 2024 1277 2060 neque
1299 2024 1436 2049 verum
1459 2014 1528 2057 est,
1552 2023 1685 2048 omnes
1707 2011 1813 2059 leges
1835 2011 2000 2047 naturae

262 2069 317 2105 ita
338 2080 420 2105 esse
441 2068 720 2111 immutabiles,
753 2072 800 2107 ut
832 2070 914 2107 sint
943 2071 1059 2119 plane
1090 2071 1328 2108 necessariae
1358 2082 1401 2107 ac
1422 2072 1628 2119 propterea
1647 2069 1956 2118 independentes
1978 2080 2000 2105 a

259 2127 443 2164 creatoris
466 2132 578 2165 nutu.
621 2129 710 2166 Non
731 2129 835 2166 enim
858 2142 992 2167 omnes
1015 2136 1313 2178 consequuntur
1333 2141 1465 2166 rerum
1488 2129 1689 2175 essentias,
1713 2128 1808 2166 adeo
1822 2129 1869 2165 ut
1889 2127 2001 2164 nulla

259 2186 336 2223 alia
356 2186 507 2224 ratione
532 2199 571 2224 se
598 2187 738 2225 habere
760 2189 930 2236 possint;
963 2189 1030 2226 sed
1052 2189 1242 2226 fundatur
1263 2189 1381 2226 etiam
1404 2188 1446 2225 in
1467 2188 1617 2226 virtute
1639 2188 1765 2226 activa
1785 2189 1826 2224 et
1845 2186 2000 2236 passiva

263 2246 569 2283 substantiarum
586 2247 883 2296 primorumque
898 2248 1191 2292 elementorum,
1215 2261 1330 2297 quam
1346 2248 1459 2285 aliter
1479 2250 1598 2296 atque
1620 2247 1735 2284 aliter
1755 2258 1826 2295 pro
1848 2258 2000 2283 summa
2047 2256 2050 2258 ·

263 2304 455 2353 sapientia
477 2308 626 2343 creator
647 2308 811 2344 naturae
834 2307 1072 2345 distribuere
1092 2307 1250 2357 poterit.
1273 2306 1383 2352 Quod
1407 2307 1569 2344 alteram
1590 2306 1828 2355 exceptionis
1848 2307 1998 2354 partem

263 2368 421 2412 spectat,
447 2364 578 2413 inepte
601 2365 819 2413 affirmatur
840 2367 944 2404 Deus
966 2367 1180 2413 mutabilis,
1204 2367 1236 2404 si
1255 2369 1385 2416 patret,
1406 2366 1605 2407 miracula,
1638 2365 1784 2403 Eodem
1806 2365 1910 2402 enim
1931 2363 1998 2401 de-

261 2424 368 2460 creto
390 2425 558 2466 aeterno,
583 2437 660 2472 quo
682 2424 787 2462 hunc
808 2438 940 2463 rerum
963 2426 1104 2463 statuit
1137 2426 1329 2471 ordinem,
1365 2425 1537 2462 decrevit
1568 2437 1741 2473 quoque,
1774 2436 1815 2461 se
1845 2424 2000 2472 praeter

263 2482 375 2518 illum
399 2482 503 2530 quod
519 2483 591 2519 sibi
609 2483 809 2521 videretur
821 2487 1082 2533 patraturum.
1106 2485 1312 2532 Multiplex
1328 2495 1418 2522 vero
1433 2484 1798 2533 sapientissimaque
1813 2481 2000 2531 assignari

266 2543 398 2588 potest
419 2541 530 2585 ratio,
555 2555 676 2590 quare
699 2544 823 2580 Deum
846 2543 980 2581 deceat
1001 2548 1156 2592 patrare
1177 2544 1374 2582 miracula.
1398 2544 1480 2581 scil.
1513 2555 1552 2584 a.
1583 2547 1630 2581 ut
1660 2555 1772 2580 suam
1793 2555 1815 2579 a
1834 2546 1999 2579 naturae

262 2599 415 2648 legibus
429 2600 765 2648 indepententiam
780 2603 978 2640 ostendat:
1002 2604 1141 2647 >>1111110
1155 2603 1258 2640 enim
1272 2604 1396 2649 modo,
1419 2603 1551 2652 inquit
1573 2615 1602 2640 s.
1617 2603 1828 2639 Thomas
1851 2613 1880 2642 ο.
1902 2611 1999 2650 gen-

262 2664 323 2695 tes
345 2658 413 2702 ΠΙ,
441 2666 505 2701 99,
530 2660 672 2697 melius
693 2661 938 2699 manifestari
962 2664 1112 2710 potest,
1145 2663 1247 2710 quod
1279 2665 1364 2699 tota
1392 2666 1534 2700 natura
1564 2662 1720 2699 divinae
1745 2661 1920 2709 subjecta
1940 2662 2000 2698 est

263 2717 470 2761 voluntati,
493 2730 611 2766 quam
633 2731 678 2755 ex
700 2720 780 2765 hoc,
805 2721 909 2768 quod
923 2721 1158 2770 quandoque
1179 2722 1264 2770 ipse
1285 2729 1440 2770 praeter
1460 2721 1638 2759 ordinem
1659 2724 1822 2758 naturae
1842 2720 1999 2768 aliquod

263 2778 496 2824 operatum«
525 2775 568 2817 b.
593 2780 639 2815 ut
660 2778 839 2817 homines
861 2780 1005 2829 quibus
1019 2781 1247 2829 quotidiana
1268 2781 1463 2829 viluerint
1480 2781 1623 2818 excitet
1645 2777 1706 2832 (of.
1729 2780 1847 2817 verba
1860 2780 1998 2829 Augu-

264 2834 360 2872 stini
382 2848 418 2883 p.
445 2841 495 2874 26
521 2833 581 2888 a):
615 2846 656 2876 C.
680 2839 726 2874 ut
748 2839 1020 2876 auctoritatem
1053 2839 1136 2876 suis
1159 2839 1363 2877 concilicet,
1384 2840 1545 2889 legatis3
1577 2837 1623 2879 d.
1654 2841 1702 2876 ut
1721 2839 1999 2887 mysteriorum

263 2893 542 2931 revelationem
566 2896 742 2943 apposito
763 2898 891 2934 veluti
912 2898 1043 2947 sigillo
1065 2899 1324 2945 communiat3
1346 2901 1393 2936 ut
1415 2909 1453 2939 e.
1474 2898 1650 2936 homines
1671 2898 1815 2935 excitet
1834 2898 1882 2935 ad
1896 2898 1998 2937 fidu-

263 2953 362 2990 ciam
384 2955 423 2990 et
444 2953 633 2991 orationis
656 2955 845 2993 studium.

385 3034 453 3076 22.
475 3031 657 3074 Facilius
680 3034 807 3074 etiam
831 3035 1036 3087 probatur
1057 3038 1428 3078 vaticinorum
1449 3037 1717 3089 possibilitas.
1748 3036 1864 3078 Haec
1885 3037 1998 3078 enim

264 3105 430 3143 tantum
453 3102 528 3144 Dei
558 3104 871 3155 praevisionem
902 3110 1071 3147 actuum
1105 3105 1342 3148 futurorum
1372 3107 1602 3148 liberorum
1628 3108 1838 3160 supponit,
1870 3119 1998 3161 quam
