2175 3382
743 127 1022 169 propagationis
1041 128 1230 162 doctrinae
1250 129 1398 165 Christi.
1853 142 1932 184 127

208 253 311 293 quos
333 241 444 282 Deus
467 243 671 293 temporis
693 255 818 284 cursu
841 245 1048 294 excitavit,
1078 259 1256 298 quorum
1280 260 1417 298 curae,
1442 251 1670 301 custodiae,
1693 254 1932 306 magisterio

206 312 313 352 haec
336 312 428 364 ipsa
449 312 515 353 lex
539 317 630 353 erat
652 314 916 355 concredita:
948 315 1061 356 labia
1083 317 1189 357 enim.
1224 321 1442 359 sacerdotis
1465 323 1685 364 ‹ustodient
1707 325 1932 379 scientiam,

205 388 242 424 et
261 381 383 436 Zeqem
405 384 613 437 requirent
634 384 682 424 de
703 397 771 424 ore
793 386 893 438 ejus,
915 387 1014 440 quia
1037 387 1207 440 annelus
1228 388 1399 430 Domini
1432 393 1675 432 erercituum
1701 399 1756 433 est
1779 395 1871 438 Mal.
1895 399 1932 444 2,

205 456 228 496 7
253 454 329 497 col.
351 453 470 496 Deut.
496 456 560 502 17,
584 458 609 498 8
633 467 685 498 ss,

329 539 488 577 Uberior
510 541 724 589 aryumenti
745 542 936 588 expositio.
958 564 1015 568 —·
1038 542 1182 580 Verum
1213 545 1475 592 expendamus
1506 547 1718 596 insigniora
1746 551 1932 597 quaedam

207 599 440 636 testimonia.
481 599 537 636 Ex
569 599 673 637 hisce
695 599 901 637 manifesto
937 602 1193 649 consequitur
1214 613 1255 644 a..
1281 604 1477 641 Christum
1500 606 1720 644 instituisse
1742 610 1933 656 apostolos

206 671 228 695 a
249 670 288 695 se
312 659 474 696 selectos
498 670 588 696 suos
610 659 769 708 legatos,
794 659 937 707 quibus
949 659 1139 697 detulerit
1149 674 1293 699 munus
1321 662 1539 701 doctrinam
1562 667 1930 714 suampraedicandi,

205 717 491 766 promulgandi,
524 717 770 754 diffundendi
802 731 869 766 per
900 718 1042 756 orbem.
1085 719 1188 757 Haec
1218 721 1402 759 solemnis
1426 722 1568 760 Christi
1590 725 1769 761 voluntas
1804 728 1842 762 et
1864 739 1931 763 au—

205 776 378 814 thentica
407 776 609 814 institutio
641 776 822 821 refertur,
855 777 959 825 quod
982 777 1080 815 bene
1102 780 1329 825 notandum,
1362 784 1407 818 ut
1429 794 1488 818 res
1511 783 1653 819 summi
1675 784 1862 821 momenti
1885 785 1932 821 ab

206 836 386 872 omnibus
409 837 578 883 quatuor
600 836 855 884 evangelistis
879 839 918 873 et
940 837 1098 884 quidem
1121 837 1221 875 facta
1243 852 1264 875 a
1278 839 1438 884 Christo,
1465 852 1551 877 cum
1574 841 1816 880 discessurus
1831 847 1930 880 esset

203 907 248 932 ex
269 894 339 932 hoc
358 895 517 939 mundo,
540 895 706 943 ideoque
721 895 831 932 velut
845 895 972 943 ipsius
986 897 1280 936 testamentum.
1304 898 1356 935 Cf.
1371 901 1526 946 praeter
1539 901 1763 937 testimonia
1778 901 1932 938 citanda

201 953 291 994 Luc.
317 959 382 999 24,
416 960 468 994 47
494 966 566 998 ss.;
599 953 710 992 Joan.
739 960 800 999 15,
828 960 902 997 26;
940 961 1002 1000 16,
1042 961 1104 1000 13,
1145 962 1209 1001 21,
1239 964 1286 996 15
1312 969 1372 1002 ss.‚
1405 958 1474 994 ubi
1505 958 1622 1007 hujus
1654 960 1862 997 ministerii
1893 963 1931 997 et

200 1013 414 1062 magisterii
436 1014 615 1050 centrum
636 1012 792 1050 visibile
815 1015 854 1050 et
876 1012 1066 1051 vicarium
1088 1014 1330 1064 designatur,
1364 1017 1445 1057 scil,
1487 1018 1637 1054 Petrus.
1663 1017 1812 1062 Quibus
1835 1019 1931 1056 adde

199 1072 364 1109 Paulum
388 1072 594 1110 consilium
610 1072 679 1109 Dei
703 1072 931 1109 solemniter
955 1074 1269 1123 promulgantem
1291 1075 1338 1112 de
1353 1075 1423 1121 via,
1448 1088 1524 1123 qua
1546 1077 1722 1114 homines
1745 1078 1792 1114 ad
1814 1078 1929 1115 fidem

201 1131 280 1168 sint
299 1131 558 1180 perducendi:
586 1130 716 1168 Omnis
738 1132 835 1168 enim
859 1133 1072 1181 quicunque
1093 1134 1318 1170 invocaverit
1340 1147 1470 1171 nomen
1493 1135 1661 1184 Domini,
1698 1138 1825 1173 salvus
1847 1138 1929 1174 erit.
1953 1146 1992 1185 Α

201 1190 389 1237 Quomodo
419 1203 504 1240 erqo
535 1190 771 1238 invocabunt,
804 1191 845 1227 *in
877 1203 983 1239 quem
1014 1204 1088 1228 non
1120 1192 1393 1229 crediderunt?
1419 1198 1486 1230 aut
1507 1195 1691 1243 quomodo
1713 1196 1861 1233 credent
1883 1197 1926 1244 ei,

199 1261 306 1299 quem
328 1261 403 1286 non
425 1248 662 1286 audierunt?
689 1250 879 1296 Quomodo
901 1254 1024 1286 atatem
1047 1252 1203 1288 audient
1224 1253 1304 1288 sine
1323 1253 1569 1300 praedicante
1581 1267 1600 1300 ,·
1632 1254 1819 1300 Quomodo
1842 1267 1927 1291 vero

194 1308 486 1357 praedicabunt,
510 1310 586 1346 nisi
606 1310 807 1345 mittantur
819 1308 837 1344 Ξ)
853 1338 859 1344 .
877 1338 884 1346 .
904 1343 909 1348 .
935 1309 1038 1358 Erqo
1050 1310 1144 1356 fides
1158 1323 1203 1347 ex
1216 1311 1363 1360 auditu,
1388 1313 1544 1349 auditus
1557 1317 1681 1349 autem
1695 1314 1924 1361 perverbum

200 1367 351 1405 Christi.
395 1368 502 1405 Rom.
538 1375 601 1408 10.
639 1374 701 1408 13.
733 1379 781 1407 ss,
835 1369 932 1414 Quia
963 1369 1005 1405 in
1035 1369 1110 1406 Dei
1138 1370 1330 1417 sapientia
1362 1383 1436 1407 non
1466 1373 1633 1421 coqnozit
1663 1373 1830 1409 mundus
1857 1384 1928 1421 per
1944 1397 1983 1447 Α

197 1428 426 1475 sapientiam
441 1427 573 1473 Deum,
590 1428 738 1475 placuit
752 1427 830 1464 Deo
851 1439 920 1475 per
941 1428 1143 1465 stultitiam
1155 1430 1454 1476 praedicationis
1467 1431 1589 1467 salros
1600 1431 1726 1477 facere
1740 1431 1927 1468 credentes

203 1493 218 1526 1
246 1486 327 1523 Cor.
356 1494 388 1532 1,
415 1492 479 1526 21.
502 1486 630 1534 Hujus
651 1486 864 1537 legationis
888 1488 927 1523 et
948 1487 1161 1535 magisterii
1184 1485 1230 1527 b.
1255 1496 1611 1537 argumentum
1637 1502 1706 1526 seu
1729 1490 1925 1538 objectum

198 1546 256 1582 est
276 1546 402 1583 omnis
424 1546 508 1594 ejus
531 1545 707 1582 doctrina
727 1545 940 1583 theoretica
960 1547 998 1582 et
1019 1546 1209 1594 practi0a3
1232 1547 1485 1585 terminus
1508 1560 1640 1585 omnes
1663 1551 1819 1598 gentes;
1845 1562 1926 1585 am-

197 1604 404 1652 plitudo
436 1617 560 1652 usque
590 1604 639 1640 ad
669 1604 853 1641 ultimum
885 1606 1031 1649 terrae;
1074 1605 1281 1642 duratio
1318 1618 1445 1654 usque
1475 1607 1522 1643 ad
1554 1607 1924 1645 consummationem

197 1664 326 1701 seculi.
369 1664 474 1701 Data
497 1669 562 1711 est,
593 1663 649 1700 ita
670 1663 846 1700 Christus
868 1664 1006 1700 Matth.
1031 1669 1095 1711 28,
1124 1671 1172 1705 18
1199 1677 1237 1709 s.,
1274 1666 1367 1702 milii
1389 1667 1509 1702 omnis
1524 1671 1693 1713 potestas
1717 1667 1755 1703 in
1777 1667 1872 1703 coelo
1894 1672 1953 1712 et(v

196 1723 238 1759 in
258 1727 372 1760 terra·
413 1723 556 1760 Euntes
578 1735 663 1771 erqo
685 1724 807 1759 docete
828 1735 954 1760 omnes
972 1727 1096 1772 grentes
1118 1756 1125 1762 .
1151 1753 1157 1759 .
1182 1753 1189 1760 .
1215 1724 1384 1761 docentes
1406 1736 1466 1761 eos
1487 1737 1638 1762 servare
1659 1726 1787 1762 onmia
1810 1738 1945 1774 quae-.

196 1793 340 1831 cunque
374 1783 556 1819 mandavi
576 1782 699 1818 vobis:
731 1786 764 1818 et
785 1794 861 1818 ecce
883 1794 945 1831 eqo
966 1782 1152 1819 vobiscum
1174 1795 1258 1819 sum
1282 1784 1454 1820 omnibus
1476 1784 1605 1821 diebus
1626 1797 1744 1833 usque
1766 1785 1817 1821 ad
1838 1797 1924 1821 con-

194 1842 482 1878 summationem
503 1841 618 1878 secuti
629 1854 648 1886 ;
670 1842 708 1877 et
730 1840 893 1877 iterum:
910 1841 1056 1879 Euntes
1076 1842 1117 1878 in
1132 1842 1315 1878 mundu’n
1331 1844 1549 1879 unicersnm
1557 1844 1781 1891 praedicate
1798 1843 1926 1880 Evan-

192 1900 330 1948 9elium
351 1900 456 1937 omni
476 1905 676 1937 creaturae
690 1900 804 1938 Marc.
832 1908 846 1939 1
852 1907 970 1953 Q
987 1914 994 1945 ;
1011 1898 1138 1937 Eritis
1160 1901 1253 1937 milii
1274 1906 1380 1938 testes
1402 1903 1441 1938 in
1457 1902 1684 1950 Jerusalem,
1710 1906 1741 1938 et
1764 1903 1803 1938 in
1825 1904 1927 1939 omni

195 1959 348 1995 «Iudaea
370 1964 402 1996 et
424 1959 621 2007 Samaria,
647 1963 679 1996 et
701 1971 817 2009 usque
839 1960 891 1996 ad
914 1959 1089 1996 ultimum
1110 1964 1235 1996 terrae
1256 1961 1341 1997 Act.
1369 1968 1402 2006 1,
1428 1966 1464 2000 8.
1496 1961 1546 1997 Et
1568 1961 1713 1998 Paulus
1735 1962 2085 1998 testam-sverm*

195 2017 244 2054 Et
266 2018 346 2065 ipse
377 2015 592 2071 (Christus)
625 2018 727 2055 dedit
748 2019 931 2067 quosdam
954 2019 1103 2067 quidem
1126 2019 1324 2067 apostolos,
1357 2020 1540 2068 quosdam
1562 2024 1685 2056 autem
1705 1992 2005 2068 Ρνομῆείαῇχχ

194 2077 290 2114 alios
310 2089 395 2114 ‘cero
418 2078 674 2127 evanqelistaS,
699 2078 796 2114 alios
817 2082 943 2114 autem
959 2082 1134 2125 pastores
1154 2083 1187 2114 et
1200 2079 1367 2115 doctores
1382 2079 1433 2115 ad
1446 2080 1802 2115 consummationem
1816 2091 1924 2115 sanc-

194 2140 330 2181 torum,
353 2137 394 2173 in
416 2149 511 2185 opus
532 2137 750 2184 ministerii,
773 2137 814 2172 in
836 2137 1133 2184 aedificationem
1156 2138 1329 2184 corporis
1354 2136 1508 2185 Christi,
1544 2138 1658 2174 donec
1680 2150 1926 2174 occurramus

193 2207 319 2232 omnes
350 2197 390 2232 in
420 2197 607 2233 unitatem
637 2196 725 2243 fidei
752 2195 848 2243 Eph.
874 2201 910 2241 4,
950 2203 1011 2235 11.
1054 2195 1190 2233 Voluit
1221 2208 1312 2245 ergo
1336 2205 1375 2236 (3.
1397 2198 1443 2233 ut
1475 2196 1521 2233 ad
1553 2196 1925 2233 consummationem

192 2266 317 2302 usque
339 2255 460 2292 seculi
494 2256 624 2292 essent
654 2254 950 2302 praedicatores,
983 2254 1052 2302 qui
1083 2254 1123 2291 in
1154 2255 1413 2302 apostolicum
1448 2255 1751 2303 praedicationis
1783 2268 1924 2292 munus

193 2313 456 2350 succederent.
499 2313 551 2350 Ut
571 2326 662 2351 vero
685 2311 731 2353 (l.
756 2315 887 2350 essent
918 2313 1038 2362 legati
1060 2314 1380 2359 authentici,
1404 2314 1547 2362 quibus
1570 2316 1658 2351 tuto
1681 2314 1923 2351 crederemus

192 2373 232 2408 et
252 2372 293 2408 in
315 2372 459 2420 quibus
482 2372 614 2420 ipsum
636 2372 871 2417 audiremus,
896 2384 1050 2409 securos
1071 2384 1135 2409 eos
1151 2372 1280 2409 reddit
1299 2372 1406 2421 jugis
1422 2384 1513 2409 suae
1527 2372 1780 2421 protectionis
1796 2373 1922 2409 omni—

191 2431 365 2479 potentis
398 2433 516 2479 atque
547 2431 796 2469 assistentiae
827 2444 855 2469 s.
879 2430 1051 2479 Spiritus
1087 2431 1265 2468 ducentis
1287 2443 1352 2468 eos
1375 2432 1416 2468 in
1438 2444 1591 2468 omnem
1612 2431 1831 2469 veritatem.
1873 2432 1922 2468 Et

193 2502 269 2526 ecce
290 2502 352 2540 eqo
374 2491 561 2528 vobiscum
582 2503 666 2528 sum
688 2490 862 2527 omnibus
884 2490 1013 2526 diebus
1034 2502 1150 2538 usque
1172 2490 1222 2526 ad
1242 2492 1602 2527 consummationem
1624 2491 1749 2537 seculi,
1785 2490 1929 2542 Manus

195 2554 260 2594 28,
279 2554 329 2589 20
345 2563 352 2594 ;
369 2549 420 2586 Et
441 2562 503 2599 eqo
526 2550 662 2599 rogabo
681 2548 833 2586 Patrem
857 2553 889 2585 et
911 2550 1030 2585 alium
1045 2548 1285 2586 Paracletum
1307 2549 1411 2586 dabit
1432 2549 1542 2594 vobis,
1568 2554 1607 2586 ut
1629 2554 1779 2586 maneat
1804 2547 1933 2627 cobis-g

86 2547 276 2651 Aoum
297 2609 338 2644 in
359 2614 564 2653 aeternum,
581 2600 693 2646 Joan.
715 2614 776 2654 14,
792 2604 874 2651 *163
898 2607 1121 2655 Paracletus
1143 2612 1267 2659 agitem
1288 2608 1457 2656 Spiritus
1478 2621 1525 2656 s.‚
1548 2620 1653 2657 quem
1676 2609 1791 2644 mittet
1806 2607 1933 2643 Pater.

191 2667 232 2703 in
252 2668 400 2704 nomine
422 2680 513 2717 meo,
537 2669 598 2704 itte
619 2680 681 2705 vos
703 2667 843 2704 docebit
865 2668 992 2703 omnia
1013 2671 1046 2703 et
1067 2672 1235 2716 suyyeret
1251 2667 1351 2704 vobis
1365 2668 1506 2714 omnia,
1530 2679 1770 2716 quaecunque
1785 2648 1935 2722 ‹dixerol

191 2725 303 2774 vobis,
327 2725 379 2762 ib.
401 2739 436 2763 v.
463 2732 527 2765 26.
552 2726 677 2770 Quare
699 2736 740 2766 e.
763 2726 958 2762 mediante
989 2725 1060 2762 hoc
1091 2725 1312 2763 ministerio
1347 2725 1569 2762 assistentia
1592 2725 1733 2762 Christi
1756 2725 1917 2772 ejusque

192 2783 362 2832 Spiritus
384 2785 536 2822 munito
559 2784 733 2822 decurrit
754 2797 799 2821 ex
821 2784 995 2832 ejusdem
1009 2784 1212 2822 voluntate
1237 2784 1285 2821 ad
1299 2796 1430 2821 omnes
1443 2786 1580 2833 gentes
1596 2786 1634 2820 et
1648 2782 1917 2832 generationes

191 2855 300 2891 pura,
324 2843 477 2892 integra
507 2846 547 2881 et
567 2843 794 2892 incorrupta
816 2843 1014 2887 revelatio,
1045 2845 1162 2891 atque
1184 2843 1241 2880 ita
1262 2843 1450 2891 impletur
1481 2843 1673 2891 praeclare
1696 2841 1795 2878 illud
1818 2840 1916 2877 vati—

192 2900 337 2938 cinium
367 2902 416 2940 Is.
443 2909 507 2948 59,
534 2909 607 2942 21:
630 2903 712 2939 Hoc
734 2903 864 2950 foedus
895 2914 1016 2938 meum
1038 2914 1122 2938 cum
1153 2904 1218 2949 eis,
1250 2903 1342 2938 dicit
1363 2902 1577 2938 Dominus:
1609 2901 1777 2947 Spiritus
1801 2911 1915 2944 meus,

193 2961 256 3008 qui
277 2963 330 2997 est
350 2961 390 2997 in
412 2965 456 3010 te,
481 2966 513 2998 et
534 2962 645 2999 verba
667 2973 760 3009 mea,
798 2973 893 3010 quae
908 2961 1022 3009 posui
1042 2961 1083 2997 in
1105 2972 1168 2997 ore
1189 2965 1263 3007 tuo,
1286 2973 1358 2997 non
1384 2961 1549 2997 recedent
1571 2960 1614 2995 de
1636 2971 1698 2995 ore
1722 2963 1795 3005 tuo,
1821 2962 1851 2992 el
1873 2957 1916 2992 de

193 3030 256 3055 ore
277 3020 431 3056 seminis
453 3020 518 3064 tui,
543 3025 575 3056 et
596 3021 640 3057 de
662 3032 726 3057 ore
746 3021 899 3057 seminis
921 3020 1077 3056 seminis
1098 3021 1164 3065 tui,
1188 3020 1279 3056 dicit
1303 3019 1503 3066 Dominus,
1533 3017 1664 3054 amodo
1688 3021 1718 3052 et
1741 3027 1853 3063 usqne
1877 3016 1912 3050 in

191 3078 474 3125 sempiternum.
508 3079 679 3127 Ideoque
701 3091 904 3127 nunquam
927 3077 1149 3126 interrupta
1170 3078 1333 3115 testium
1356 3079 1393 3113 et
1417 3077 1617 3113 doctorum
1641 3075 1756 3111 series
1779 3073 1853 3110 oris
1877 3076 1915 3110 et
