2175 3382
242 113 327 153 424
519 108 637 143 'fruct
660 109 718 143 ΙΙΙ.
738 109 781 143 de
800 110 973 154 primatu.
992 110 1120 144 Thesis
1138 110 1331 146 Lxxvm.
1350 112 1394 146 de
1406 113 1489 157 jure
1508 114 1690 158 pontificis

359 231 457 271 4o5.
480 229 842 273 Demonstratio
866 243 910 285 p.
933 230 1024 272 ΙΙΙ.
1065 229 1299 283 Praecipua
1322 232 1489 272 romani
1510 232 1719 284 pontificis
1741 245 1972 287 praeroga-

245 299 330 338 tiva
353 299 484 339 relate
507 298 561 339 ad
584 299 764 340 concilia
787 304 851 341 est
868 300 937 353 jus
960 312 1018 341 co
1032 300 1331 341 nfirmandi
1354 301 1536 352 decreta,
1558 307 1604 344 ut
1626 303 1869 346 authentica
1890 305 1973 346 sint

246 369 414 422 vimque
438 369 625 410 habeant
646 382 796 412 omnes
818 370 1041 423 obligandi,
1065 383 1174 423 quae
1196 371 1310 412 haud
1333 372 1553 414 difficulter
1575 374 1790 426 probatur.

360 438 473 481 Sane
507 441 548 484 1.
572 442 848 483 conciliorum
872 443 1246 484 oecumenicorum
1269 443 1442 485 decreta
1464 444 1561 486 inde
1582 457 1704 486 suam
1728 450 1974 488 mutuantur

245 512 544 553 auctoritatem
567 513 734 566 vimque
762 513 986 565 obligandi,
1019 514 1131 567 quod
1164 515 1217 555 ab
1241 515 1427 556 Ecclesia
1448 515 1630 569 legitime
1652 521 1974 568 repraesentata

243 582 474 626 dimanant.
506 583 631 636 Atqui
654 584 768 625 nulla
791 589 966 626 auctore
981 584 1148 627 Christo
1170 585 1356 638 legitima
1378 586 1559 628 habetur
1580 587 1813 640 haberique
1835 592 1976 641 potest

245 652 459 695 Ecclesiae
481 655 830 707 repraesentatio,
861 656 895 696 si
926 655 1088 706 Petrus,
1127 657 1220 710 „qui
1242 658 1478 707 universae,
1510 670 1620 711 quae
1651 658 1729 699 sub
1756 659 1876 700 coelo
1899 663 1975 709 est,

247 724 461 766 Ecclesiae
484 725 679 778 princeps
702 731 764 767 est
786 731 933 779 pastor
956 727 1130 783 (Theod.
1154 726 1320 769 Studita
1342 728 1396 770 ad
1418 728 1604 770 Leonem
1627 728 1718 785 111)“
1748 729 1878 778 deest,
1908 729 1975 770 vel

245 807 296 836 ea
318 796 483 837 ratione
506 809 592 837 non
614 796 747 846 adest,
770 808 879 849 quae
902 797 1091 850 eiusdem
1106 799 1412 850 praerogativis
1433 800 1632 840 convenit
1653 811 1866 853 quamque
1888 800 1974 852 pri-

250 872 389 907 matus
412 867 468 907 illi
495 867 692 908 divinitus
714 867 892 908 traditus
914 867 1095 920 flagitat;
1126 881 1226 909 nam
1256 869 1361 919 ,ubi
1392 875 1454 911 est
1475 868 1635 919 Petrus,
1668 870 1724 911 ibi
1746 869 1974 921 Ecclesia“,

242 942 349 978 teste
371 936 659 978 Ambrosio
684 938 725 978 in
748 937 814 981 Ps.
835 942 892 981 40
915 951 953 981 n.
977 943 1045 983 30.
1090 939 1195 980 Hinc

360 1010 403 1052 2.
436 1009 604 1050 romani
635 1009 854 1061 pontifices
885 1010 1045 1062 passim
1077 1010 1159 1051 hoc
1183 1011 1252 1063 jus
1284 1010 1363 1052 sibi
1394 1011 1609 1053 vindicant
1639 1013 1807 1053 nemine
1839 1012 1974 1054 recla-

245 1084 399 1122 mante.
442 1079 542 1120 illud
565 1081 751 1122 insinuat
768 1081 858 1133 J‘am
880 1080 1057 1122 Julius
1080 1082 1106 1125 Ι.
1128 1082 1170 1122 in
1195 1094 1257 1135 ep.
1280 1083 1334 1123 ad
1357 1082 1624 1133 eusebianos,
1655 1084 1726 1136 qui
1747 1084 1880 1125 inscio
1903 1096 1976 1125 ro-

919 1128 1027 1144 Q,—

244 1163 371 1191 mano
386 1151 584 1203 pontifice
600 1152 854 1193 auctoritate
869 1153 1041 1205 propria
1055 1152 1336 1195 Athanasium
1359 1154 1571 1196 secundae
1594 1154 1705 1196 sedis
1728 1155 1975 1208 episcopum

247 1221 545 1274 deposuerant,
567 1223 757 1264 scribens
779 1236 817 1264 n.
841 1225 917 1268 22:
948 1224 1036 1275 „An
1058 1225 1274 1277 ignoratis,
1296 1225 1408 1266 hanc
1430 1237 1524 1267 esse
1547 1226 1909 1276 consuetudinem,
1931 1232 1978 1268 ut

247 1293 429 1344 primum
460 1293 584 1335 nobis
615 1294 835 1343 scribatur,
878 1300 918 1336 et
949 1295 1047 1336 hinc
1080 1296 1193 1348 quod
1219 1296 1381 1349 justum
1413 1301 1476 1337 est
1507 1297 1813 1338 decernatur?“
1860 1297 1977 1339 Haec

248 1364 359 1416 enim
382 1376 513 1405 causa
535 1377 621 1406 non
643 1365 865 1418 spectabat
892 1366 946 1406 ad
969 1367 1194 1408 concilium
1216 1368 1472 1419 particulare
1494 1367 1656 1421 absque
1678 1369 1846 1409 romani
1867 1368 1976 1410 anti-

244 1435 352 1475 stitis
375 1447 587 1476 consensu
609 1437 808 1489 principis
830 1442 934 1478 nutu
956 1442 1166 1479 coactum.

360 1520 482 1565 Quem
514 1521 556 1558 in
578 1534 734 1560 sensum
756 1523 781 1560 J
783 1523 855 1560 ulii
876 1524 994 1561 verba
1028 1524 1275 1573 interpretati
1301 1528 1395 1563 sunt
1418 1526 1440 1563 S
1454 1538 1583 1564 ozom
1597 1539 1691 1563 enu
1704 1538 1721 1563 s
1744 1528 1783 1563 et
1806 1525 1828 1562 S
1843 1537 1975 1563 ocra-

242 1581 336 1625 teS,
361 1592 527 1628 quorum
550 1581 616 1618 ille
638 1595 682 1619 ea
703 1583 915 1631 respiciens
939 1583 1082 1621 statuit
1104 1584 1150 1621 H.
1171 1585 1214 1622 E.
1241 1584 1309 1630 ΠΙ,
1338 1592 1400 1631 10,
1425 1612 1442 1629 »
1454 1598 1523 1634 pro
1545 1585 1671 1622 irritis
1693 1585 1872 1623 habenda
1894 1596 1976 1622 esse

243 1651 342 1686 quae
355 1642 512 1687 praeter
526 1641 763 1679 sententiam
776 1642 949 1691 episcopi
962 1643 1115 1680 romani
1129 1643 1279 1681 fuerint
1292 1646 1403 1694 gesta
1417 1642 1572 1697 (utique
1588 1644 1629 1681 in
1643 1657 1757 1682 causa
1769 1640 1924 1696 majori)
1938 1658 1946 1689 ;
1958 1648 1976 1667 ‘

242 1697 306 1735 hic
328 1710 418 1736 vero
448 1699 567 1736 refert
588 1700 637 1745 II,
679 1708 740 1747 17,
773 1702 798 1738 J
801 1702 926 1739 ulium
954 1705 1211 1751 conquestum
1233 1715 1318 1741 esse
1352 1704 1484 1752 „quod
1507 1706 1642 1741 contra
1663 1716 1827 1742 canones
1848 1703 1978 1752 ipsum

242 1757 289 1794 ad
311 1758 503 1806 synodum
525 1771 604 1796 non
625 1763 841 1807 vocassent,
864 1773 949 1799 cum
974 1762 1234 1800 ecclesiastica
1254 1764 1393 1812 regula
1405 1763 1662 1800 interdictum
1676 1764 1740 1810 sit,
1763 1775 1812 1800 ne
1825 1764 1979 1811 praeter

244 1817 479 1854 sententiam
510 1820 661 1856 romani
691 1820 887 1868 pontificis
917 1821 1132 1870 quidquam
1165 1823 1212 1859 ab
1238 1822 1411 1860 Ecclesia
1442 1822 1713 1860 (100011131111κ4ἱ
1758 1821 1981 1860 Clarissime

242 1888 334 1913 vero
357 1876 427 1913 hoc
443 1877 510 1925 jus
533 1879 718 1916 enunciat
741 1879 979 1918 Gelasius
1001 1880 1031 1918 I.
1057 1884 1104 1918 tr.
1131 1888 1153 1921 4
1178 1881 1224 1919 de
1246 1882 1377 1920 anath.
1399 1882 1556 1919 vinculo
1580 1894 1616 1918 n.
1643 1888 1686 1921 9:
1721 1881 1902 1926 ,Totum,
1935 1882 1982 1917 ut

245 1935 406 1981 dictum,
439 1938 498 1973 est
528 1937 569 1973 in
600 1938 701 1975 sedis
731 1940 967 1987 apostolicae
997 1940 1169 1989 positum
1204 1943 1410 1989 potestate.
1452 1942 1513 1978 Ita
1534 1941 1640 1989 quod
1661 1940 1831 1978 firmavit
1854 1940 1896 1977 in
1918 1951 1982 1989 Sy-

243 1994 344 2031 nodo
368 1991 699 2050 (chalcedonensi)
722 1998 830 2036 sedes
852 2000 1076 2047 apostolica,
1105 1999 1175 2038 hoc
1196 2001 1316 2038 robur
1337 2000 1530 2040 obtinuit:
1563 2000 1668 2048 quod
1690 1999 1890 2045 refutavit,
1912 1999 1980 2035 ha.-

243 2053 334 2090 bere
364 2066 443 2091 non
473 2055 605 2103 potuit
635 2056 881 2095 firmitatem:
915 2060 954 2096 et
985 2059 1066 2096 sola
1086 2059 1287 2105 rescindit,
1320 2059 1424 2108 quod
1447 2060 1600 2108 praeter
1621 2059 1796 2096 ordinem
1818 2069 1981 2107 congre-

243 2112 351 2161 gatio
383 2114 567 2162 synodica
596 2117 805 2164 putaverat
830 2118 1100 2166 usurpandum
1116 2124 1153 2163 3«
1190 2122 1230 2156 et
1250 2120 1292 2156 in
1314 2131 1372 2168 ep.
1399 2124 1449 2158 26
1474 2119 1520 2156 ad
1544 2118 1742 2167 episcopos
1763 2117 1981 2155 Dardaniae

244 2184 281 2208 n.
306 2178 349 2211 3:
385 2172 529 2216 »Sedes
562 2175 774 2223 apostolica
805 2178 844 2213 et
870 2190 1187 2226 unamquamque
1219 2177 1410 2227 synodum
1434 2190 1503 2215 sua
1523 2177 1757 2215 auctoritate
1779 2176 1983 2214 confirmat

245 2234 283 2267 et
306 2232 531 2270 continuata
553 2234 819 2272 moderatione
840 2237 1016 2274 custodit
1036 2249 1107 2284 pro
1131 2249 1202 2274 suo
1225 2238 1307 2274 scil.
1329 2237 1589 2285 principatu«
1629 2237 1718 2274 Non
1739 2236 1872 2273 minus
1893 2247 1982 2284 per-

245 2291 434 2338 emptorie
465 2292 563 2329 hanc
592 2294 902 2344 praerogativam
935 2296 1016 2333 sedi
1038 2296 1270 2345 apostolicae
1293 2296 1432 2333 asserit
1452 2296 1701 2333 Nicotaus
1723 2296 1752 2334 Ι.
1775 2308 1833 2344 ep.
1859 2301 1910 2335 86
1935 2293 1984 2332 ad

245 2349 470 2387 Michaelem
493 2351 585 2400 imp.
609 2354 799 2391 scribens:
828 2355 944 2398 ‚Non
966 2367 1058 2404 ergo
1081 2355 1231 2401 dicatis,
1255 2368 1334 2393 non
1356 2355 1512 2405 eguisse
1533 2367 1602 2393 vos
1624 2354 1667 2391 in
1689 2366 1803 2392 causa
1823 2353 1983 2403 pietatis

246 2419 426 2446 romanae
448 2409 650 2457 Ecclesiae,
683 2425 784 2460 quae
815 2414 978 2451 collecta,
1007 2413 1172 2451 concilia
1203 2427 1272 2452 sua
1293 2414 1526 2452 auctoritate
1549 2414 1688 2460 firmat,
1722 2426 1792 2451 sua
1812 2411 1982 2450 auctori-

247 2469 330 2503 tate
361 2469 542 2506 custodit.
585 2471 693 2508 Unde
725 2473 911 2520 quaedam
946 2486 1092 2520 eorum,
1124 2473 1218 2522 quia
1249 2486 1480 2511 consensum
1510 2473 1661 2511 romani
1683 2471 1881 2522 pontificis
1902 2483 1982 2509 non

248 2525 481 2572 habuerunt,
514 2529 779 2568 valetudinem
810 2532 1069 2580 perdiderunt
1090 2530 1162 2585 1),<ῑ
1186 2533 1291 2581 quod
1314 2533 1405 2570 dein
1426 2532 1539 2570 factis
1563 2532 1801 2580 comprobat.
1844 2530 1982 2568 Photio

246 2596 337 2621 vero
370 2586 504 2623 scribit
536 2600 592 2636 ep.
623 2595 691 2628 12:
727 2591 970 2634 ,Decretalia
1000 2594 1143 2638 autem,
1177 2605 1276 2640 quae
1307 2605 1329 2629 a
1351 2604 1400 2629 ss.
1422 2591 1672 2640 pontificibus
1702 2591 1853 2640 primae
1881 2589 1983 2627 sedis

392 2701 418 2746 ¹)
436 2700 486 2734 Cf.
499 2712 554 2745 ep.
565 2707 596 2735 4.
612 2706 667 2739 46.
681 2706 724 2738 65
739 2705 791 2749 (Μ
802 2704 813 2738 i
826 2716 884 2749 gn
896 2716 914 2739 e
931 2708 1009 2746 116,
1025 2707 1105 2739 773.
1120 2708 1188 2739 858
1203 2708 1239 2739 et
1253 2708 1346 2748 882).
1368 2705 1421 2740 Cf.
1435 2705 1547 2739 etiam
1562 2704 1677 2739 verba
1694 2703 1745 2737 In
1756 2716 1779 2737 n
1792 2714 1812 2737 o
1824 2714 1842 2737 c
1854 2713 1872 2736 e
1884 2715 1908 2737 n
1919 2702 1983 2737 tii

249 2752 273 2785 Ι.
293 2751 340 2785 ad
359 2763 458 2787 cone.
478 2755 642 2799 carthag.
670 2767 725 2801 ep.
746 2760 789 2792 29
808 2770 842 2792 11.
866 2763 878 2792 l
910 2769 1033 2804 opusc.
1053 2758 1182 2798 XVffl,
1202 2761 1259 2793 80.
1295 2758 1500 2802 Tamquam
1526 2757 1776 2802 fragmentum
1803 2755 1982 2800 epistolae

248 2805 276 2839 P
288 2805 363 2839 ela
374 2805 445 2851 gii
464 2806 509 2840 ΙΙ.
527 2806 615 2842 haec
634 2809 740 2844 affert
759 2811 786 2844 B
799 2822 820 2844 a
830 2811 843 2845 l
855 2823 877 2845 u
888 2812 928 2845 zi
940 2824 963 2845 u
975 2824 990 2846 s
1017 2811 1220 2845 Miscellan.
1239 2811 1282 2853 V,
1301 2813 1369 2846 467
1386 2825 1395 2847 :
1431 2810 1677 2855 ,Synodorum
1707 2808 1981 2854 congreganda-

247 2871 328 2893 rum
347 2861 547 2894 auctoritas
566 2863 795 2906 apostolicae
814 2865 890 2899 sedi
908 2866 1056 2909 privata
1075 2866 1270 2899 commissa
1289 2866 1344 2899 est
1362 2865 1556 2908 potestate,
1583 2874 1650 2897 nec
1668 2862 1783 2896 ullam
1801 2862 1980 2903 synodum

247 2912 456 2958 generalem
474 2916 593 2948 ratam
613 2927 689 2950 esse
708 2917 875 2961 legimus,
894 2930 988 2962 quae
1007 2920 1084 2963 ejus
1102 2929 1176 2952 non
1194 2918 1307 2952 fuerit
1321 2917 1544 2952 auctoritate
1566 2917 1790 2962 congregata
1803 2916 1860 2950 vel
1875 2915 1982 2950 fulta.

248 2966 347 3000 Haec
366 2967 568 3002 auctoritas
586 2969 744 3003 testatur
762 2972 946 3011 canonica,
966 2972 1057 3006 haec
1071 2971 1226 3005 historia
1241 2970 1487 3005 ecclesiastiea
1503 2970 1661 3010 roborat,
1684 2969 1774 3003 haec
1787 2969 1906 3003 sancti
1919 2979 1982 3013 pa-

249 3022 325 3054 tres
344 3020 572 3057 confirmant.
584 3029 597 3042 ⁴¹
633 3022 771 3063 Quibus
789 3024 925 3058 similia
942 3025 1116 3070 leguntur
1133 3025 1171 3059 in
1190 3025 1266 3069 ejus
1285 3034 1342 3069 ep.
1361 3026 1382 3059 6
1401 3024 1446 3057 ad
1460 3023 1641 3058 Joannem
1657 3022 1733 3062 CR,
1747 3032 1840 3066 quae
1856 3024 1983 3057 tamen

249 3074 383 3117 spuriis
401 3075 620 3109 accensetur.
656 3076 707 3112 Cf.
727 3076 749 3110 S
762 3088 779 3110 c
791 3077 814 3110 h
828 3088 845 3111 e
858 3088 876 3111 e
889 3079 910 3111 b
923 3088 941 3111 e
953 3090 977 3111 n
994 3078 1017 3111 l.
1039 3081 1055 3112 1
1076 3090 1111 3114 n.
1132 3083 1211 3113 544.
