2175 3382
219 140 297 181 128
597 134 716 169 Tract.
736 134 778 168 Il.
800 134 849 167 De
869 133 1083 168 traditione.
1101 134 1230 168 'rhesis
1250 133 1378 167 XXlll.
1398 133 1562 168 Medium

213 257 298 294 tubi
331 257 453 294 instat·
484 261 555 298 est.
588 269 657 305 per
688 269 803 304 quem
829 257 932 293 Deus
964 256 1143 305 singulos
1166 256 1383 304 alloquitur
1404 259 1443 294 et
1465 256 1601 294 edocet
1621 254 1662 308 ¹).
1706 257 1949 306 Quapropter

212 315 359 352 dictum
383 319 460 352 est:
499 316 571 361 Qui
604 327 664 352 cos
681 315 875 360 gfflfflnme
896 316 1031 352 audit:
1062 317 1127 365 qui
1151 328 1211 353 cos
1232 317 1391 368 spernit,
1422 328 1484 353 me
1505 317 1652 364 spernit
1674 315 1766 353 Luc.
1794 323 1857 362 10,
1886 323 1948 357 16.

215 375 389 421 Denique
412 372 448 414 f.
472 374 740 424 gravissimam
763 374 904 422 adjecit
929 374 1181 418 sanctionem,
1212 387 1259 411 ne
1284 372 1373 422 quis
1398 374 1698 423 parvipenderet
1720 375 1817 412 hanc
1839 387 1949 412 suam

212 434 453 470 voluntatem
478 433 869 482 institutionemque:
909 434 983 479 Qui
1016 445 1098 469 vero
1131 433 1256 479 (vobis
1278 431 1614 485 praedicantibus)
1637 446 1712 470 non
1734 434 1949 495 c—Q,

212 492 534 540 condemnabitur,
558 493 671 529 Marc.
702 500 762 535 16,
797 500 854 531 16.

334 575 426 616 116.
456 571 635 613 Tertium
662 577 947 626 arqumentum
972 583 1048 623 pro
1072 571 1180 612 thesi
1203 576 1349 612 nostra
1372 571 1616 613 derivamus
1640 584 1699 613 ex
1735 572 1949 627 univer-7

210 643 377 684 salita
392 648 441 683 te
476 642 617 684 fidei.
656 640 943 694 Supponimus
966 642 1090 691 enim,
1114 653 1165 682 ex
1188 642 1405 683 voluntate
1429 641 1582 684 Christi
1605 642 1730 683 sidem
1754 641 1952 683 omnibus

211 713 456 754 nationibus
480 725 574 754 esse
598 712 963 753 annunciandam:
987 712 1134 754 Docet&
1156 726 1292 755 omnes
1311 718 1448 767 yentes
1470 713 1615 755 Matth.
1639 716 1707 762 28,
1734 716 1807 760 19:
1822 726 1949 768 prae·

211 785 344 826 dicate
365 783 637 836 EcanyyeHum
660 784 771 824 omni
793 789 1011 824 creaturae
1033 783 1159 826 Mare.
1180 786 1242 828 16.
1263 786 1337 827 15:
1361 789 1402 825 et
1423 796 1528 825 sane
1552 784 1654 826 fides
1678 789 1742 825 est
1763 782 1948 824 conditio

210 855 403 896 absolute
436 854 681 895 necessaria
714 853 768 895 ad
790 854 982 895 salutem.
1024 853 1227 895 Doctrina
1259 855 1383 907 igitur
1414 855 1602 896 revelata
1625 867 1676 896 ea
1698 854 1864 896 ratione
1886 858 1950 895 est

210 925 499 978 proponenda,
529 930 574 966 ut
607 937 756 966 omnes
791 926 881 966 sine
905 926 1061 966 erroris
1084 925 1272 978 periculo
1297 925 1470 966 credere
1494 930 1583 966 tuto
1606 926 1780 978 possint.
1823 924 1950 977 Atqui

213 997 380 1038 seclusa
403 996 663 1038 revelatione
686 996 932 1037 immediata
953 996 1125 1048 singulis
1141 996 1263 1045 facta,
1287 1008 1396 1049 quae
1419 1002 1562 1037 tamen
1584 998 1626 1037 in
1648 996 1861 1049 praesenti
1883 1006 1951 1036 re-

209 1080 302 1108 rum
325 1067 472 1108 ordine
497 1067 757 1119 experientia
780 1072 886 1108 teste
917 1067 1058 1108 locum
1089 1079 1174 1108 non
1206 1066 1349 1116 habet,
1380 1067 1532 1108 modus
1564 1066 1828 1120 propagandi
1848 1078 1950 1118 pro-

208 1138 477 1192 ponendique
500 1138 805 1179 revelationem
829 1138 1029 1179 omnibus
1054 1138 1359 1179 accomodatus
1381 1138 1520 1179 nullus
1553 1143 1616 1179 est
1648 1138 1730 1178 nisi
1752 1149 1827 1190 per
1849 1148 1949 1177 auc—

208 1210 421 1250 toritatem
445 1210 681 1262 legatorum
702 1209 789 1257 Dei,
814 1210 883 1262 qui
906 1209 949 1249 in
972 1209 1052 1249 hac
1075 1222 1152 1250 sua
1177 1210 1378 1250 missione
1402 1215 1441 1250 et
1467 1209 1719 1250 auctoritate
1733 1209 1816 1249 sint
1830 1206 1950 1249 facile

209 1280 527 1332 cognoscibiles.

328 1367 426 1404 Sane
460 1372 617 1416 praeter
649 1368 865 1416 legatorum
900 1367 1172 1404 auctoritatem
1208 1380 1276 1404 seu
1297 1367 1571 1405 authenticum
1593 1366 1866 1416 magisterium
1887 1366 1949 1403 hic

209 1425 348 1463 modus
381 1430 487 1464 esset
509 1427 571 1463 vel
596 1425 636 1466 1.
661 1426 953 1464 demonstratio.
988 1440 1065 1475 qua
1088 1426 1136 1463 ad
1158 1426 1337 1463 veritatis
1359 1427 1554 1463 revelatae
1577 1425 1840 1475 cognitionem
1859 1437 1950 1474 per-

211 1485 455 1530 duceremur,
479 1498 577 1534 quae
592 1486 667 1530 via,
692 1488 737 1522 ut
751 1497 820 1533 per
834 1498 872 1522 se
887 1488 1008 1534 patet,
1032 1498 1111 1522 non
1126 1488 1187 1522 est
1201 1486 1383 1523 omnibus
1397 1485 1705 1530 accommodata3
1720 1485 1784 1522 vel
1797 1482 1842 1524 2.
1858 1496 1949 1533 pro-

208 1544 293 1593 pria
323 1544 531 1593 inquisitio
564 1547 603 1582 et
631 1544 747 1582 lectio
770 1544 1085 1593 Scriptururum:
1119 1544 1186 1582 sed
1209 1557 1336 1592 neque
1359 1545 1453 1581 haec
1475 1545 1538 1582 via
1560 1544 1743 1582 omnibus
1766 1546 1826 1581 est
1847 1546 1948 1592 apta,

209 1603 315 1652 quod
336 1614 379 1644 a.
402 1604 577 1642 nondum
610 1606 766 1653 reperta
797 1604 1059 1653 typographia
1080 1604 1145 1641 vix
1175 1616 1245 1652 per
1275 1606 1335 1640 tot
1372 1604 1501 1641 secula
1523 1603 1618 1640 adeo
1640 1602 1899 1651 multiplicari
1920 1614 1948 1639 s.

209 1663 430 1712 Scripturae
460 1663 637 1712 exempla
667 1665 858 1712 poterant,
891 1667 937 1700 ut
968 1663 1151 1700 omnibus
1183 1663 1316 1700 eadem
1349 1666 1625 1711 suppeterent:
1658 1662 1764 1710 quod
1795 1659 1842 1702 b.
1865 1661 1948 1710 ple-

208 1723 321 1770 rique
353 1722 489 1759 literas
523 1722 711 1767 nesciant,
743 1721 908 1770 ideoque
942 1735 971 1759 s.
996 1722 1237 1770 Scripturam
1269 1722 1400 1771 legere
1431 1725 1648 1770 nequeant:
1684 1720 1788 1769 quod
1810 1730 1850 1761 (3.
1874 1721 1949 1758 etsi

209 1781 335 1830 legere
368 1784 540 1830 possent.
573 1782 652 1818 otio
684 1785 723 1819 et
745 1781 878 1829 quiete
909 1794 989 1818 non
1017 1781 1201 1818 fruantur
1223 1781 1271 1818 ad
1293 1781 1498 1831 legendam
1519 1784 1566 1818 ut
1587 1784 1744 1830 oportet
1766 1791 1794 1818 s.
1817 1779 1948 1828 Scrip-

208 1843 360 1885 tmam:
385 1841 488 1889 quod
513 1838 556 1880 (l.
573 1841 727 1878 etiamsi
749 1840 841 1878 haec
865 1854 962 1889 quae
986 1840 1246 1878 indicavimus
1269 1851 1349 1877 non
1371 1840 1584 1878 obstarent.
1610 1853 1692 1878 eam
1715 1838 1948 1888 praesertim

206 1899 248 1936 in
275 1900 489 1948 juventute
525 1902 565 1937 et
595 1902 805 1948 antequam
838 1900 1089 1937 christianam
1123 1903 1363 1948 cognoscunt
1384 1899 1512 1944 fidem,
1545 1899 1691 1947 absque
1712 1898 1794 1935 ullo
1817 1910 1948 1935 errore

207 1958 270 1995 vel
291 1959 433 1996 erroris
468 1959 689 2007 suspicione
720 1959 776 1996 ita
798 1959 1021 2007 intelligere
1043 1961 1253 2007 nequeant,
1283 1963 1329 1995 ut
1351 1961 1475 1995 totam
1497 1958 1588 1996 inde
1610 1969 1828 2006 puramque
1851 1957 1947 1994 hau-

206 2017 310 2054 riant
333 2018 476 2054 Christi
508 2018 737 2055 doctrinam.
782 2019 891 2062 Nam,
924 2020 970 2055 ut
1001 2018 1076 2054 rite
1109 2018 1222 2055 docet
1243 2017 1576 2067 Augustinus
1596 2015 1646 2069 ¹):
1684 2016 1725 2053 Si
1746 2028 1948 2064 unaquae-

204 2089 280 2124 que
311 2076 530 2124 disciplina,
564 2078 744 2125 quamvis
767 2078 857 2114 vilis
891 2080 931 2114 et
952 2077 1091 2118 facilis,
1124 2079 1169 2114 ut
1200 2077 1350 2125 percipi
1371 2077 1507 2125 possit.
1541 2077 1739 2114 doctorem
1760 2077 1800 2112 et
1821 2075 1944 2124 magi—

205 2139 331 2173 strum
352 2136 541 2184 requirit:
564 2136 662 2185 quid
683 2136 914 2174 temerariae
941 2136 1149 2184 superbiae
1163 2136 1332 2184 pleniuS,
1357 2148 1473 2183 quam
1489 2135 1713 2172 divinorum
1729 2146 1945 2171 sacramen-

203 2198 332 2232 torum
374 2195 496 2233 libros
529 2197 567 2232 et
599 2196 646 2232 ab
688 2196 972 2244 interpretibus
1003 2195 1085 2232 suis
1117 2195 1222 2233 nolle
1255 2207 1488 2244 cognoscere
1521 2197 1561 2232 et
1591 2193 1813 2243 incognitos
1844 2191 1945 2230 velle

204 2254 438 2291 damnareP‘
477 2254 530 2292 Cf.
552 2268 589 2291 u.
616 2260 680 2294 27.
707 2261 772 2295 34.
794 2255 866 2292 Vel
889 2253 932 2294 3.
957 2255 1050 2291 haec
1072 2254 1135 2291 via
1158 2257 1262 2291 esset
1283 2254 1443 2291 interna
1464 2253 1681 2290 illustratio
1704 2251 1944 2295 hominibus,

204 2313 298 2350 dum
321 2313 542 2362 Scripturas
573 2314 726 2363 legunt,
761 2326 960 2352 concessa:
995 2313 1064 2350 sed
1095 2319 1367 2362 praeterquam
1391 2313 1493 2361 quod
1519 2313 1695 2361 plerique
1718 2311 1943 2359 Scripturas

203 2383 327 2409 sacras
351 2385 395 2409 ex
419 2372 639 2410 rationibus
662 2373 793 2411 allatis
816 2373 945 2423 legere
967 2385 1046 2410 non
1067 2373 1233 2421 possint,
1267 2372 1361 2409 haec
1396 2372 1614 2409 illustratio
1648 2372 1751 2408 esset
1773 2372 1843 2407 aut
1863 2369 1947 2407 veri

203 2431 372 2468 nominis
394 2431 592 2477 revelatio,
618 2445 718 2480 quae
741 2435 845 2469 certe
869 2432 995 2480 quoad
1019 2432 1198 2481 singulos
1220 2432 1351 2468 locum
1373 2443 1452 2468 non
1474 2430 1611 2475 habet:
1643 2432 1711 2467 aut
1734 2431 1837 2467 esset
1856 2430 1944 2465 tan-

202 2492 289 2526 tum
311 2491 480 2528 elevatio
502 2491 764 2540 perceptionis
786 2491 1067 2528 intellectualis
1089 2491 1134 2527 ad
1158 2490 1313 2527 facilius
1337 2492 1376 2527 et
1398 2490 1564 2527 salutari
1585 2489 1701 2526 modo
1723 2487 1944 2537 apprehen-

202 2549 369 2585 dendam
393 2550 598 2587 veritatem
630 2551 853 2594 revelatam,
889 2553 929 2587 et
963 2550 1056 2587 haec
1089 2550 1186 2587 citra
1221 2549 1372 2586 externi
1404 2548 1623 2598 magisterii
1657 2547 1942 2591 auctoritatem,

203 2608 443 2656 experientia
464 2611 575 2654 teste,
607 2609 788 2647 illusioni
819 2609 996 2658 undique
1029 2611 1088 2646 est
1117 2608 1293 2646 obnoxia.
1335 2608 1407 2645 Vel
1429 2605 1471 2647 4.
1494 2608 1586 2645 haec
1618 2607 1680 2644 via
1712 2606 1851 2643 saltem
1872 2617 1942 2654 pro

202 2666 367 2704 rudibus
389 2671 450 2704 est
471 2669 684 2706 auctoritas
707 2669 921 2707 doctorum.
965 2667 1074 2712 Quod
1110 2668 1143 2704 si
1173 2668 1438 2716 protestantes
1469 2668 1516 2703 ad
1547 2667 1652 2703 hunc
1673 2665 1831 2702 modum
1853 2677 1942 2712 pro-

203 2729 354 2770 vocant,
377 2727 549 2775 turpiter
575 2727 649 2764 sibi
672 2725 793 2779 (sicut
816 2727 910 2764 etin
923 2724 1026 2778 aliis)
1051 2726 1345 2770 contradicunt:
1368 2726 1454 2763 ideo
1477 2726 1582 2763 enim
1605 2724 1796 2762 Ecclesiae
1820 2722 1943 2773 magi-

204 2785 368 2822 sterium
389 2786 621 2833 rejecerunt,
646 2799 694 2823 ne
716 2787 811 2823 fides
834 2786 1066 2823 auctoritate
1090 2786 1258 2822 humana
1272 2784 1490 2822 niteretur:
1515 2786 1708 2833 spernunt
1721 2782 1803 2820 scil.
1820 2782 1943 2832 magi-

356 2948 380 2991 1)
398 2946 450 2980 De
468 2947 548 2980 util.
569 2947 663 2980 cred.
683 2959 716 2980 n.
736 2950 801 2984 33:
822 2959 855 2980 n.
876 2948 931 2987 27,
949 2950 1014 2985 34;
1033 2946 1084 2981 Cf.
1104 2946 1347 2991 Stapleton
1365 2945 1632 2990 principiorum
1654 2944 1739 2978 fidei
1759 2943 1941 2978 doctrina-

204 2998 295 3032 lium
310 2998 709 3044 X11‚2;K1eutgen
727 2999 851 3034 Theol.
871 3000 935 3034 der
952 2999 1058 3033 Vorz.
1077 3002 1103 3033 t.
1123 3000 1190 3034 ult.
1207 3012 1243 3033 n.
1266 3001 1328 3033 171
1348 3011 1415 3036 ss:
1443 2998 1530 3033 Sch
1546 2999 1695 3031 eeben
1712 2999 1739 3030 t.
1762 3000 1778 3030 1
1798 3000 1815 3038 5
1834 2999 1867 3031 9.
1888 2999 1940 3032 18.

205 3051 264 3084 Ad
282 3061 335 3087 ea,
353 3063 448 3096 quae
477 3055 718 3097 opponuntur
735 3063 754 3085 e
772 3053 967 3093 vaticiniis,
999 3052 1133 3096 quibus
1159 3052 1388 3097 praedicitur
1415 3062 1539 3086 omnes
1566 3052 1644 3084 fore
1663 3062 1683 3084 a
1702 3050 1777 3084 Deo
1804 3051 1884 3094 ipso
1903 3049 1943 3083 in

204 3104 249 3137 N.
268 3104 308 3139 T.
327 3105 529 3139 edocendos
550 3107 628 3145 etc,
647 3105 955 3150 respondebimus
973 3107 1010 3140 in
1030 3106 1122 3150 disp.
1141 3106 1186 3139 de
1204 3105 1417 3150 magisterio
1436 3104 1681 3138 ecclesiastico
1699 3115 1736 3138 n.
1756 3106 1834 3138 253.
