2175 3382
681 103 944 148 propagandae
960 103 1149 147 religionis
1168 105 1398 139 christianae.
1821 110 1899 153 131

171 224 216 261 et
237 220 326 272 ipse
349 218 539 261 Christus
561 219 656 261 fecit
678 221 850 261 tradens
872 222 1109 262 orationem
1134 222 1389 263 dominicam
1405 224 1546 266 Matth.
1563 229 1600 273 6,
1624 229 1669 273 9;
1693 230 1780 266 tum
1804 226 1902 279 quia

172 302 242 331 res
264 291 440 330 maximi
462 292 665 331 momenti
697 291 880 332 breviter
902 292 1122 344 obiterque
1146 294 1414 344 attinguntur,
1439 307 1471 335 e.
1495 309 1526 347 g.
1553 296 1748 337 divinitas
1770 297 1900 349 Spiri-

173 364 240 401 tus
272 361 407 401 sancti
441 365 482 401 et
513 361 608 410 alia,
639 373 748 414 quae
783 361 837 402 ad
860 374 912 403 ss.
936 361 1152 402 Trinitatis
1184 364 1429 415 mysterium
1452 371 1662 416 spectant;
1695 367 1777 407 alia
1800 379 1900 408 vero

172 431 348 472 minoris
379 432 584 472 momenti
616 432 705 472 fuse
728 431 913 484 dataque
936 444 1067 484 opera
1090 433 1362 485 explicantur,
1396 439 1439 474 ut
1462 441 1558 475 sunt
1579 449 1687 488 quae
1709 442 1902 489 spectant

171 502 420 553 virginitatis
441 502 746 554 praestantiam
766 505 786 545 1
816 502 909 543 Cor.
934 506 956 546 7
970 518 978 551 3
1002 507 1090 543 tum
1113 505 1211 556 quia
1228 504 1340 556 quod
1365 505 1635 557 praecipuum
1660 512 1733 554 est,
1758 507 1900 547 nullibi

156 573 214 613 -in
227 570 453 624 Scripturis
476 571 721 621 affirmatur,
736 571 998 624 Scripturam
1021 587 1051 614 s.
1068 575 1221 619 omnia,
1245 587 1353 626 quae
1377 575 1572 616 divinitus
1594 583 1689 616 sunt
1705 578 1900 626 revelata,

169 643 406 695 complecti.
453 643 540 683 [mo
565 643 692 683 etiam
714 643 904 695 permisit
926 643 1037 684 Deus
1058 649 1104 685 ut
1126 645 1335 696 quaedam
1359 646 1515 698 scripta
1538 647 1769 698 apostolica
1793 650 1899 699 peri-

172 719 267 755 rent
299 713 364 769 (cf.
391 716 413 756 1
439 712 532 756 Cor.
554 716 593 761 5,
617 718 664 762 9‚·
697 713 782 756 Col.
805 718 844 761 4,
871 717 951 766 16).
995 714 1121 767 Atqui
1154 716 1397 757 incredibile
1430 721 1503 764 est,
1534 717 1663 757 libros
1695 718 1751 757 ita
1782 730 1897 758 com-

170 787 344 837 paratos
377 784 548 825 unicum
571 784 636 824 vel
666 784 940 836 praecipuum
973 784 1157 825 medium
1188 797 1281 826 esse
1304 786 1499 826 divinitus
1522 787 1699 827 electum
1723 787 1775 827 ad
1799 800 1900 828 con-

170 855 426 896 servandam
457 855 878 910 propagandamque·
894 855 1003 896 inter
1035 860 1181 907 gentes
1205 868 1353 897 omnes
1376 857 1676 898 revelationem
1700 857 1897 900 divinam.

287 938 328 981 4.
351 937 396 978 In
418 938 519 990 ipsis
540 937 657 978 hisce
679 937 796 978 libris
820 937 962 978 fideles
986 938 1226 990 relegantur
1248 939 1302 979 ad
1325 939 1683 990 praedicationem
1701 940 1789 992 jam
1805 952 1899 991 per-

169 1013 349 1060 ceptam,
390 1008 664 1061 designantur
704 1008 883 1060 depositi
914 1009 1111 1049 custodes
1143 1009 1424 1062 doctoresque
1457 1010 1698 1050 authentici.
1742 1010 1915 1065 ltaque,¹

164 1079 337 1133 fratres,
359 1079 502 1120 scribit
525 1093 556 1120 s.
578 1078 735 1119 Paulus
758 1081 796 1121 2.
819 1091 881 1131 ep.
906 1079 959 1119 ad
982 1079 1127 1121 Thess.
1152 1084 1188 1128 2,
1218 1082 1280 1125 14.
1304 1085 1405 1120 state
1440 1086 1474 1120 et
1497 1085 1621 1121 tenete
1643 1072 1923 1135 mutationes]
1984 1103 1989 1112 ·

168 1163 272 1205 quas
293 1151 495 1192 didicistis
516 1151 597 1191 sive
613 1164 693 1204 per
714 1163 937 1191 sermonem
959 1151 1041 1191 sive
1058 1164 1136 1204 per
1158 1152 1367 1206 epistolam
1392 1156 1575 1192 nostram
1589 1167 1605 1201 ,·
1627 1157 1668 1192 et
1689 1152 1743 1192 ad
1757 1152 1898 1192 Timo·
1923 1172 1927 1195 ,ι
1962 1150 1965 1178 ³

168 1220 311 1262 theum
335 1225 373 1264 2.
396 1232 458 1272 ep.
481 1224 519 1269 2,
543 1223 591 1263 2:
616 1220 730 1270 Quae
752 1221 908 1262 audisti
930 1236 956 1261 α
981 1234 1054 1275 me,
1076 1221 1174 1262 liaeo
1196 1223 1432 1262 commenda
1450 1222 1638 1275 fidelibus
1658 1223 1900 1277 hominibus,
1922 1214 1925 1227 ’

167 1293 238 1346 qui
270 1292 407 1332 idonei
438 1296 558 1332 erunt
591 1296 627 1332 et
650 1292 754 1332 alios
776 1292 927 1333 docere.
973 1291 1029 1336 Cf.
1058 1296 1104 1341 l.‚
1128 1304 1189 1344 ep.
1214 1293 1267 1333 ad
1290 1293 1422 1333 Thess
1457 1297 1495 1340 4,
1519 1296 1566 1337 2:
1592 1293 1709 1334 Rom.
1740 1297 1799 1339 16,
1826 1297 1898 1341 17;

171 1367 206 1406 1.
230 1362 323 1406 Cor.
352 1364 415 1412 15,
442 1367 460 1406 t
486 1375 542 1412 S.,·
573 1360 662 1406 Gal.
691 1366 727 1411 1,
751 1366 796 1410 83
830 1362 920 1403 Phil
954 1366 993 1411 4,
1018 1366 1067 1411 9;
1100 1362 1184 1404 Col.
1208 1367 1246 1411 2,
1269 1367 1306 1406 6.
1351 1363 1476 1416 Atqui
1499 1364 1551 1404 ad
1575 1362 1834 1416 Scripturam
1857 1365 1899 1404 in

167 1434 313 1486 primis
335 1433 511 1475 fuissent
532 1434 748 1485 relegandi
770 1434 896 1474 futuri
920 1434 1101 1475 fidelium
1127 1435 1323 1487 magistri.
1346 1433 1441 1475 Non
1456 1447 1553 1486 ergo
1569 1435 1899 1487 independenter

167 1503 221 1544 ab
244 1504 488 1546 authentica
510 1506 830 1558 praedicatione
863 1510 902 1546 et
927 1506 1168 1558 magisterio
1191 1518 1242 1546 ex
1265 1506 1365 1546 solis
1388 1504 1612 1557 Scripturis
1636 1505 1790 1554 fideles,
1823 1518 1897 1546 ne-

164 1575 265 1617 dum
280 1576 478 1626 infideles,
500 1576 624 1618 fidem
638 1577 807 1618 haurire
831 1577 994 1618 debent.
1020 1577 1066 1617 Et
1087 1589 1191 1618 sane
1213 1591 1244 1620 s.
1267 1576 1483 1629 Scriptura
1505 1576 1725 1629 sejunctim
1749 1575 1802 1616 ab
1819 1576 1895 1616 ali-

168 1659 251 1700 quo
274 1648 516 1700 magisterio
540 1649 785 1689 authentico
815 1653 878 1689 est
901 1649 1013 1688 velut
1034 1660 1101 1689 res
1124 1648 1290 1689 relicta:
1317 1648 1422 1689 liber
1444 1648 1554 1688 enim
1578 1648 1753 1688 seorsim
1778 1659 1898 1699 spec-

168 1722 280 1758 tatus
312 1718 391 1759 sibi
423 1719 685 1764 authentiam
718 1720 1099 1771 auctoritatemque
1131 1719 1356 1759 conciliare
1387 1719 1540 1771 nequit,
1573 1730 1711 1770 neque
1742 1718 1794 1758 ad
1817 1718 1898 1758 hoc

168 1787 378 1830 sufficiunt
402 1790 571 1831 criteria
592 1790 759 1830 interna
782 1794 870 1839 etc.,
891 1793 938 1830 ut
959 1788 1066 1830 infra
1089 1789 1145 1829 th.
1169 1793 1235 1833 29.
1261 1793 1328 1834 33.
1352 1793 1418 1833 34.
1442 1789 1724 1829 ostendemus.

286 1875 411 1919 Quare
445 1875 602 1913 omnino
637 1875 684 1912 ad
718 1888 801 1912 rem
835 1877 1006 1912 nostram
1041 1875 1177 1912 scribit
1206 1875 1452 1912 Irenaeus
1473 1875 1541 1915 ΠΙ,
1568 1881 1590 1913 4
1622 1887 1659 1910 n.
1688 1882 1731 1914 1:
1770 1900 1786 1917 ,,
1798 1873 1899 1917 Quid

168 1935 312 1980 autem,
345 1934 378 1971 si
401 1947 528 1983 neque
552 1935 716 1983 apostoli
740 1934 963 1982 Scripturas
985 1934 1241 1982 reliquissent
1271 1934 1410 1971 nobis?
1443 1934 1579 1970 Nonne
1602 1933 1805 1981 oportebat
1837 1945 1897 1970 or-

164 1992 297 2030 dinem
319 1993 432 2041 sequi
454 1993 691 2037 traditionis,
716 2006 833 2042 quam
855 1993 1106 2030 tradiderunt
1128 1993 1186 2037 iis,
1211 1992 1354 2041 quibus
1376 1992 1673 2030 committebant
1686 1992 1898 2029 ecelesias?

167 2051 237 2088 Cui
251 2052 487 2090 ordinationi
501 2053 724 2089 assentiunt
738 2053 885 2089 multae
900 2054 1036 2101 gentes
1051 2052 1314 2096 barbarorum,
1339 2064 1550 2099 eorumque
1566 2051 1632 2099 qui
1648 2051 1685 2087 in
1703 2051 1898 2088 Christum

167 2111 333 2148 credunt
354 2111 436 2149 sine
458 2112 590 2148 charta
612 2115 652 2148 et
673 2113 890 2148 atramento
914 2111 1099 2159 scriptum
1121 2111 1309 2148 habentes
1340 2123 1410 2159 per
1433 2110 1622 2158 Spiritum
1655 2110 1696 2146 in
1718 2109 1899 2147 cordibus

168 2169 251 2207 suis
272 2170 441 2207 salutem
463 2172 502 2207 et
522 2172 694 2207 veterem
726 2170 978 2207 traditionem
1009 2169 1221 2219 diligenter
1251 2169 1524 2213 custodientes,
1557 2169 1597 2205 in
1628 2181 1751 2205 unum
1776 2169 1898 2205 Deum

162 2228 366 2266 *credentes
389 2230 661 2267 fabricatorem
683 2229 779 2267 coeli
801 2232 840 2266 et
861 2232 988 2266 terrae
1011 2231 1131 2273 etc.;«
1166 2231 1205 2265 et
1238 2229 1359 2265 relato
1392 2228 1569 2276 symbolo
1601 2228 1812 2275 apostolico
1844 2227 1898 2263 ita

166 2288 437 2336 prosequitur:
462 2315 480 2333 ,,
494 2289 599 2326 Hanc
621 2288 737 2325 fidem
760 2288 828 2336 qui
852 2288 933 2325 sine
957 2288 1082 2324 literis
1104 2288 1365 2329 crediderunt,
1400 2290 1589 2334 quantum
1615 2287 1661 2323 ad
1685 2299 1898 2323 sermonem

166 2348 343 2384 nostrum
375 2347 530 2384 barbari
564 2350 668 2392 sunt,
704 2350 897 2395 quantum
929 2350 1060 2383 autem
1092 2347 1137 2383 ad
1171 2347 1402 2383 sententiam
1435 2350 1474 2382 et
1504 2345 1825 2382 consuetudinem
1859 2346 1898 2381 et

163 2406 501 2443 conversationem
525 2409 686 2454 propter
708 2406 823 2442 fidem
845 2419 1032 2454 perquam
1056 2405 1334 2454 sapientissimi
1354 2407 1458 2448 sunt,
1482 2407 1521 2441 et
1543 2405 1695 2452 placent
1711 2404 1786 2440 Deo
1808 2416 1895 2440 con-

165 2469 367 2502 versantes
390 2465 432 2502 in
455 2467 560 2502 omni
578 2465 736 2513 justitia
758 2468 796 2502 et
818 2465 1004 2502 castitate
1036 2468 1075 2501 et
1097 2465 1299 2512 sapientia.
1343 2464 1491 2507 Quibus
1524 2463 1556 2499 si
1578 2463 1721 2510 aliquis
1751 2475 1896 2499 annun-

167 2630 252 2664 inde
270 2630 407 2664 discere
425 2631 544 2676 possit
556 2637 569 2664 ἵ)
589 2631 710 2673 Quare
727 2631 865 2664 habent
883 2641 966 2664 suos
984 2630 1096 2664 libros
1114 2629 1346 2673 symbolicos,
1365 2629 1394 2662 si
1413 2640 1508 2662 sacra
1531 2628 1719 2672 Scriptura
1736 2626 1826 2659 susti«
1842 2626 1895 2659 it?

164 2682 294 2717 Altera
311 2694 353 2717 ex
373 2686 476 2728 parte
493 2684 718 2724 advertatur,
737 2684 937 2717 secundum
955 2682 1195 2717 traditionem
1214 2683 1408 2725 vetustam,
1429 2681 1669 2715 venerandam
1690 2687 1798 2722 atque
1819 2679 1894 2711 nul-

167 2735 312 2769 latenus
331 2737 576 2777 spernendam
590 2738 775 2781 apostolos
790 2739 954 2770 auctores
970 2746 1046 2769 esse
1071 2734 1238 2779 symboln,
1257 2734 1353 2778 quod
1373 2735 1418 2768 ab
1436 2734 1525 2778 ipsis
1548 2731 1739 2775 apostolici
1765 2742 1895 2764 nomm

164 2788 291 2829 traxit,
311 2788 368 2822 vel
385 2791 481 2824 certe
500 2789 710 2833 symbolum
727 2788 819 2822 illud
848 2788 967 2832 quoad
998 2788 1242 2821 substantiam
1273 2800 1313 2821 ex
1341 2788 1424 2820 trad
1442 2791 1541 2820 tione
1568 2784 1763 2829 apostolica
1784 2784 1894 2815 dinin-

166 2850 283 2880 nasse‚
303 2851 419 2884 eoque
438 2853 617 2876 summam
638 2843 901 2876 credendorum
920 2842 1112 2875 contineri.
1134 2841 1175 2874 Et
1196 2842 1380 2885 quomodo
1400 2840 1490 2874 adt-o
1510 2839 1614 2873 obliti
1636 2841 1716 2871 sunt
1739 2834 1893 2879 apostoli

168 2893 263 2927 illud
288 2895 362 2928 buis
388 2895 555 2938 epistolis
582 2896 751 2937 inserere,
779 2896 807 2928 si
837 2894 1073 2929 censuissent.
1101 2904 1238 2927 sacram
1267 2894 1501 2937 scripturam.
1530 2891 1655 2925 saltem
1686 2892 1765 2933 post
1794 2899 1893 2920 >uani

169 2948 338 2985 mortem,
357 2949 498 2981 ‘cenicum
516 2947 648 2982 debere
675 2959 752 2982 esse
772 2950 908 2982 divinae
931 2960 1000 2981 rem
1009 2950 1149 2982 lationis
1165 2949 1294 2990 fontem
1315 2954 1345 2981 et
1369 2948 1533 2988 canalem,
1563 2956 1633 2987 quo
1661 2943 1703 2975 ad
1734 2942 1894 2983 {wsb-ras

159 2999 427 3044 :generationes
447 3011 486 3034 ex
508 3000 645 3035 Christi
663 3002 815 3035 consilio
834 3003 871 3035 et
888 3001 1081 3035 voluntate
1100 3000 1228 3035 eadem
1245 3001 1420 3034 revelatio
1441 3000 1626 3032 dimanare
1646 2995 1799 3028 debeat?
1824 2992 1892 3026 ob-

164 3052 254 3086 livio
274 3063 355 3086 vere
374 3053 589 3097 singularis!

1637 3110 1656 3139 9
1671 3111 1680 3120 ⁶
