2175 3382
423 147 460 180 ct
481 155 583 179 conc.
601 144 879 190 particularium
899 146 1079 189 probatur
1097 147 1239 180 romani
1258 147 1367 191 episc
1387 147 1643 183 infallibilitas.
1808 154 1894 195 437

165 269 450 320 terrogationes
481 268 581 305 circa
615 267 729 305 fidem
753 280 774 304 a
795 267 1050 305 Clemente
1072 267 1134 305 VI.
1166 268 1347 305 ecclesiae
1378 282 1558 307 armenae
1589 272 1816 320 propositas,
1848 274 1896 309 ut

165 330 207 366 in
241 329 395 366 unitate
429 340 517 365 cum
548 339 706 364 romana
738 338 823 363 esse
854 328 985 374 posset
1007 323 1128 379 (apud
1150 327 1393 375 Raynaldum
1424 328 1471 364 ad
1493 342 1524 365 a.
1555 336 1657 369 1351
1686 343 1722 367 n.
1748 328 1802 383 3),
1831 338 1893 371 13.

165 388 220 425 ita
242 389 374 425 sonat:
409 413 426 431 »
438 385 666 430 Quaerimus
690 385 722 422 si
744 384 947 422 credidisti
969 387 1009 422 et
1030 385 1154 422 adhuc
1183 385 1318 430 eredis,
1352 387 1474 423 solum
1505 400 1707 426 romanum
1740 389 1894 437 pontifi-

167 459 251 484 cem
273 446 403 484 dubiis
425 444 717 494 emergentibus
752 444 854 481 circa
884 443 998 481 fidem
1029 444 1259 481 catholicam
1290 457 1401 493 posse
1432 458 1501 493 per
1531 446 1896 485 determinationem

165 505 443 549 authenticam,
467 504 529 541 cui
553 504 605 541 sit
625 502 904 540 inviolabiliter
924 503 1224 549 adhaerendum,
1246 503 1361 540 finem
1376 505 1586 552 imponere,
1611 509 1649 542 et
1663 519 1745 544 esse
1760 520 1895 544 verum

165 567 206 602 et
229 564 461 602 catholicum
483 562 676 611 quidquid
697 562 780 610 ipse
803 561 1035 599 auctoritate
1060 562 1226 599 clavium
1259 562 1332 599 sibi
1354 563 1586 600 traditarum
1619 578 1639 601 a
1661 565 1808 602 Christo
1831 566 1894 602 de-

166 623 353 661 terminat
375 634 457 659 esse
478 634 635 668 verum3
667 623 707 658 et
729 620 833 668 quod
855 621 1089 658 determinat
1121 633 1203 658 esse
1225 621 1367 658 falsum
1402 624 1441 658 et
1473 622 1721 669 haereticum,
1754 624 1895 661 falsum

165 685 207 720 et
227 682 464 719 haereticum
499 692 584 718 esse
606 679 899 717 censendumP«
944 679 1069 724 Quare
1094 681 1177 728 jam
1200 680 1378 717 Sixtus
1400 681 1462 719 IV.
1496 681 1694 719 damnavit
1726 696 1757 720 a.
1787 689 1893 723 1479

165 742 272 779 Petri
285 739 500 778 oxomensis
513 751 619 788 prop.
636 744 655 778 7
669 752 677 776 ε
693 764 710 782 s
720 738 890 776 Ecclesia
904 738 1013 776 urbis
1028 739 1168 776 Romae
1183 751 1310 777 errare
1321 741 1466 788 potest:
1479 745 1495 763 <³
1512 741 1595 777 Ale
1605 754 1626 777 x
1636 754 1689 777 an
1700 741 1780 778 der
1793 742 1896 778 VIII.

166 801 263 837 hanc
285 801 444 837 alteram
469 794 579 850 (29):
615 798 786 842 ⁷>Futilis
816 800 855 834 et
884 798 1002 835 toties
1033 798 1219 835 convulsa
1249 800 1308 835 est
1340 799 1501 836 assertio
1534 800 1579 836 de
1609 800 1802 848 pontificis
1832 813 1895 837 ro—

165 860 271 896 mani
292 871 410 907 super
431 857 641 895 concilium
664 857 954 894 oecumenicum
989 858 1219 894 auctoritate
1251 860 1368 905 atque
1400 858 1441 894 in
1472 858 1560 894 fidei
1595 859 1895 906 quaestionibus

167 917 420 955 decernendis
453 916 738 953 infallibilitate
750 931 758 961 ;
770 921 787 939 «
822 918 862 952 et
894 917 987 953 Inn
999 929 1019 953 0
1032 916 1208 953 centiu
1221 928 1237 953 s
1260 916 1323 953 XI.
1358 929 1445 954 cum
1479 918 1568 954 Ale
1581 930 1603 953 x
1615 931 1672 954 an
1685 918 1709 954 d
1721 931 1770 955 ro
1792 918 1895 955 VIII.

165 977 299 1026 rejecit
322 978 392 1013 art.
415 977 597 1024 quartum
621 975 896 1012 declarationis
917 975 1147 1024 gallicanae:
1183 976 1255 1019 »In
1288 976 1378 1013 fidei
1413 989 1567 1024 quoque
1599 977 1895 1025 quaestionibus

166 1035 394 1085 praecipuas
416 1034 558 1072 summi
579 1034 774 1083 pontificis
797 1046 879 1071 esse
900 1036 1030 1083 partes
1054 1035 1217 1082 ejusque
1240 1035 1393 1071 decreta
1427 1035 1473 1071 ad
1496 1048 1627 1072 omnes
1658 1038 1695 1072 et
1719 1036 1894 1085 singulas

165 1094 343 1132 ecclesias
364 1094 570 1143 pertinere,
608 1105 679 1130 nec
699 1096 830 1130 tamen
851 1093 1131 1131 irreformabile
1153 1105 1235 1130 esse
1251 1094 1457 1142 judicium,
1490 1095 1567 1131 nisi
1589 1095 1780 1132 Ecclesiae
1803 1107 1893 1132 con-

166 1166 303 1192 sensus
325 1152 568 1190 accesserit«

284 1237 382 1277 417.
419 1232 692 1273 Conciliorum
726 1231 1046 1285 provincialium
1081 1246 1314 1274 consensus.
1348 1257 1403 1263 —
1436 1231 1677 1274 Succedunt
1699 1238 1895 1286 quarto

167 1316 296 1357 quam
318 1303 499 1356 plurima
522 1303 701 1343 concilia
722 1303 997 1355 provincialia
1020 1303 1217 1359 (quorum
1248 1303 1290 1344 in
1312 1303 1500 1344 Ecclesia
1520 1304 1635 1344 haud
1656 1305 1895 1356 spernenda

169 1378 234 1416 est
257 1374 502 1423 auctoritas,
537 1374 788 1426 praesertim
819 1374 854 1414 si
883 1374 1005 1426 plura
1031 1375 1274 1426 conspirent
1295 1375 1463 1415 nemine
1486 1373 1754 1431 refragante),
1786 1387 1895 1427 quae

169 1445 515 1498 splendidissimis
526 1444 665 1485 verbis
677 1443 979 1485 infallibilitatis
991 1444 1120 1485 decus
1131 1457 1236 1485 rom.
1248 1444 1434 1497 pontifici
1446 1445 1691 1486 adscribunt
1702 1447 1744 1501 1).
1760 1445 1895 1487 Unum

168 1521 334 1558 tantum
349 1517 582 1557 alterumve
598 1515 833 1556 audiamus.
857 1515 917 1556 Ita
940 1527 973 1557 e.
996 1529 1031 1567 g.
1055 1516 1244 1557 scribunt
1258 1517 1444 1568 episcopi
1466 1521 1516 1557 te
1528 1529 1579 1557 rr
1591 1529 1615 1556 a
1627 1529 1649 1556 c
1662 1529 1686 1557 0
1699 1529 1726 1556 n
1738 1528 1760 1557 e
1771 1529 1800 1556 n
1811 1530 1830 1557 s
1842 1528 1864 1557 e
1877 1530 1895 1556 s

169 1599 232 1640 ep.
252 1591 306 1631 13
322 1587 376 1628 ad
390 1587 580 1628 Hilarum
596 1586 863 1642 (461—468)
878 1599 1033 1638 papam
1056 1600 1094 1627 n.
1114 1590 1154 1629 1:
1183 1563 1384 1637 {Etiamsi
1405 1587 1519 1628 nulla
1542 1592 1727 1628 exstaret
1748 1599 1895 1628 neces-

169 1659 272 1700 sitas
295 1658 609 1699 ecclesiasticae
633 1657 887 1709 disciplinae,
911 1658 1193 1709 expetendum
1215 1669 1365 1698 revera
1387 1658 1509 1698 nohis
1532 1657 1667 1699 fuerat
1689 1658 1788 1698 illud
1811 1659 1896 1710 pri-

167 1729 365 1782 vilegium
388 1728 500 1770 sedis
521 1734 701 1779 vestrae,
733 1742 815 1781 quo
848 1730 1053 1782 susceptis
1076 1730 1193 1782 regni
1215 1729 1402 1770 clavibus
1425 1735 1520 1782 post
1541 1730 1896 1771 resurrectionem

173 1799 408 1841 Salvatoris
439 1811 514 1851 per
545 1805 680 1840 totum
712 1799 859 1840 orbem
882 1800 1114 1841 beatissimi
1136 1800 1249 1841 Petri
1270 1801 1492 1853 singularis
1515 1801 1775 1853 praedicatio
1798 1801 1892 1840 uni-

170 1883 396 1912 versorum
409 1870 704 1911 illuminationi
718 1872 945 1923 prospexit,
967 1871 1085 1923 cujus
1100 1871 1244 1911 vicarii
1266 1871 1525 1923 principatus
1542 1873 1574 1926 2)
1598 1872 1707 1912 sicut
1729 1872 1895 1919 eminet,

171 1943 231 1982 ita
253 1941 505 1983 metuendus
529 1946 592 1982 est
613 1941 667 1982 ab
691 1941 888 1982 omnibus
919 1947 958 1983 et
990 1942 1208 1985 amandus.
1250 1941 1431 1982 Proinde
1454 1954 1532 1982 nos
1554 1941 1688 1982 Deum
1714 1943 1757 1982 in
1778 1942 1898 1983 vobis

173 2013 368 2065 primitus
384 2013 625 2053 adorantes.
649 2013 716 2052 cui
737 2013 827 2053 sine
842 2012 1014 2064 querela
1027 2012 1202 2061 servitis,
1226 2012 1278 2053 ad
1301 2011 1425 2052 fidem
1448 2013 1706 2052 recurrimus
1727 2013 1770 2052 in
1793 2024 1896 2064 apo—
1981 2051 1989 2076 s
2046 2027 2133 2073 [LV

170 2083 320 2124 stolico
353 2095 426 2124 ore
454 2083 684 2131 laudatam,
715 2083 812 2124 inde
834 2082 1040 2135 responsa
1061 2087 1325 2136 quaerentes,
1357 2083 1467 2124 unde
1492 2083 1767 2136 anQ-e,
1798 2083 1899 2123 nihil
1936 2061 2175 2134 'fisum'

170 2155 527 2207 praesumptione,
549 2154 625 2195 sed
647 2153 876 2205 pontificali
899 2159 1033 2200 tntum
1056 2154 1360 2203 deliberatione
1382 2154 1672 2207 praecipitur.“
1708 2152 1747 2195 S.
1770 2153 1917 2194 Ber-“
1934 2152 2001 2170 *³*
2048 2140 2052 2169 l
2096 2144 2097 2147 ¹

172 2225 376 2266 nardus
408 2225 451 2265 in
483 2237 667 2277 persona
697 2224 902 2265 Franciae
934 2225 1229 2277 episcoporum
1262 2224 1316 2264 ad
1346 2224 1637 2265 Innocentium
1659 2223 1702 2264 11.
1726 2236 1789 2276 ep.
1814 2227 1896 2268 337

168 2309 208 2340 n.
227 2300 249 2339 1
265 2295 429 2336 scribit:
456 2269 591 2345 §Nulli
605 2295 778 2336 dubium
802 2301 875 2345 est,
897 2295 1010 2348 quod
1033 2307 1095 2344 ea,
1118 2307 1227 2347 quae
1251 2295 1485 2347 apostolica
1506 2294 1726 2335 firmantur
1748 2298 1898 2335 aucto-

170 2366 306 2415 ritate,
336 2371 431 2407 rata
453 2378 621 2418 semper
644 2368 860 2414 exsistunt,
892 2377 971 2406 nec
1002 2366 1178 2421 alicujus
1200 2370 1378 2418 possunt
1400 2365 1598 2417 deinceps
1621 2365 1805 2405 mutilari
1827 2377 1989 2429 cam
2023 2354 2097 2412 μ]

177 2437 393 2478 villatione
414 2437 480 2478 vel
500 2436 658 2478 invidia
679 2436 912 2489 depravari.
927 2446 941 2460 ⁴⁶
955 2416 1214 2509 ‘ww
1232 2467 1245 2498 ³!
1266 2469 1278 2490 ,
1315 2461 1353 2493 22
1389 2455 1422 2492 ρ,
1442 2420 1662 2500 few
1681 2418 1860 2499 :³2:4³1
1876 2429 1960 2505 ‘W
2027 2432 2081 2474 a<
2093 2432 2175 2470 42ss

291 2511 505 2548 Concilium
527 2522 758 2547 remense
780 2523 811 2546 a.
841 2516 946 2550 1857
971 2498 1179 2557 profitetur
1212 2509 1351 2547 decret.
1384 2522 1413 2547 c.
1437 2516 1481 2548 4:
1517 2510 1593 2553 >>Et
1623 2522 1714 2547 vero
1746 2510 1787 2546 in
1817 2512 1901 2546 tota

170 2572 276 2606 retro
298 2570 535 2618 antiquitate
560 2569 775 2606 christiana
797 2569 832 2608 b.
856 2568 995 2605 Petrus
1017 2569 1097 2617 ipse
1119 2568 1181 2605 vel
1203 2569 1286 2616 ejus
1309 2580 1507 2606 successor
1528 2568 1701 2617 pontifex
1715 2581 1899 2605 romanus

318 2695 340 2740 ¹)
360 2695 412 2731 Cf.
431 2695 453 2728 S
465 2706 483 2728 0
495 2696 519 2728 h
530 2706 546 2727 r
559 2706 580 2728 a
592 2695 613 2727 d
626 2704 644 2728 e
656 2706 672 2727 r
691 2693 735 2728 de
749 2694 892 2727 unitate
902 2703 1053 2727 romana
1065 2692 1106 2733 ll,
1124 2695 1192 2728 318
1206 2704 1271 2732 ss.;
1291 2692 1313 2727 S
1325 2704 1343 2726 c
1355 2694 1379 2727 h
1390 2706 1414 2727 n
1426 2705 1444 2728 e
1457 2705 1474 2727 e
1485 2705 1522 2726 m
1533 2705 1554 2727 a
1566 2707 1588 2727 n
1600 2706 1624 2727 n
1643 2693 1821 2727 Stimmen
1835 2704 1899 2726 aus

169 2749 288 2783 Maria
306 2749 424 2782 Laach
443 2749 472 2782 X
491 2761 526 2783 n.
546 2751 615 2783 202
633 2759 699 2785 ss:
728 2747 873 2781 Collect.
903 2758 1001 2780 conc.
1029 2746 1197 2787 lacensis,
1224 2747 1288 2780 ubi
1315 2747 1476 2791 plurima
1493 2748 1725 2791 reperiuntur
1744 2747 1899 2781 concilia

170 2800 414 2846 provincialia
432 2801 530 2834 orbis
548 2799 732 2841 catholici,
751 2810 843 2844 quae
858 2800 925 2833 hoc
943 2798 1094 2836 docent:
1115 2800 1145 2833 R
1157 2810 1177 2833 0
1191 2812 1205 2833 s
1218 2799 1242 2833 k
1253 2809 1272 2832 0
1286 2812 1306 2834 v
1318 2802 1339 2834 3
1350 2812 1374 2833 n
1385 2812 1419 2843 y,
1437 2802 1573 2844 passim
1587 2802 1627 2834 in
1641 2812 1699 2845 op.
1715 2801 1899 2834 Romanus

169 2854 358 2899 pontifex;
377 2854 495 2897 Frep
507 2866 530 2899 p
543 2864 561 2887 e
573 2854 595 2893 l,
624 2853 668 2886 de
685 2854 849 2898 primatu
869 2863 959 2886 rom.
976 2852 1162 2896 pontificis
1181 2852 1330 2897 ejusque
1348 2852 1538 2887 infallibili
1556 2854 1770 2898 magisterio
1794 2853 1901 2897 juxta

170 2906 304 2941 ultima
322 2906 528 2941 Galliarum
548 2905 704 2940 concilia
721 2905 969 2950 provincialia,
989 2904 1141 2938 Taurini
1162 2907 1250 2940 1870
1267 2906 1333 2938 etc.

315 2963 339 3001 2)
356 2959 494 2993 Vicarii
511 2960 658 2993 nomine
676 2958 939 3003 intelligendus
958 2959 1015 2991 est
1031 2968 1201 2992 romanus
1222 2958 1405 3002 pontifex:
1434 2958 1532 2992 Petri
1564 2959 1661 2991 enim
1680 2966 1899 2991 successores

168 3012 247 3057 Jam
263 3013 392 3057 priscis
409 3012 637 3056 temporibus
661 3012 737 3056 ejus
755 3012 884 3045 vicarii
902 3011 1022 3045 vocari
1040 3013 1312 3045 consueverunt.
1341 3011 1461 3045 Simili
1479 3011 1588 3045 modo
1608 3012 1808 3054 loquuntur
1826 3010 1899 3053 epi-

171 3066 273 3110 scopi
293 3076 395 3099 conc.
415 3075 463 3098 ro
476 3077 509 3098 m
524 3075 545 3098 a
561 3064 608 3097 ni
628 3075 658 3098 a.
677 3067 746 3099 826
765 3065 813 3110 (M
827 3065 905 3108 ign
918 3074 935 3096 e
955 3065 1009 3103 97,
1032 3066 1121 3106 689),
1139 3065 1176 3098 et
1194 3063 1410 3098 Germaniae
1430 3065 1474 3097 ad
1493 3066 1672 3099 „loannem
1688 3063 1748 3097 IX.
1771 3063 1802 3107 (†
1817 3064 1898 3104 905)

172 3118 244 3158 (Mi
258 3131 282 3163 g
293 3130 317 3151 n
329 3128 346 3151 e
367 3120 443 3158 1231,
465 3119 535 3163 35).
