2175 3382
952 121 1056 155 Fidei
1075 121 1249 166 analysis.
1881 127 1967 170 503

347 244 458 288 Quod
480 246 526 281 ut
548 245 795 293 intelligatur
817 257 903 281 cum
927 243 1181 293 Stentrup
1212 244 1314 280 thesi
1343 250 1388 284 31
1416 246 1617 282 notamus:
1651 245 1749 289 »Vis
1771 246 1965 291 movendi,

229 316 306 352 qua
337 304 486 352 aliquid
518 303 735 341 formaliter
765 303 955 340 rationem
982 303 1119 340 motivi
1143 315 1232 351 prae
1256 303 1462 340 intellectu
1485 303 1612 349 habet,
1646 316 1690 341 ex
1713 316 1795 341 sese
1817 316 1896 341 non
1919 305 1966 342 ad

227 362 403 401 ordinem
425 362 700 411 subjectivum,
723 362 790 399 sed
811 362 858 398 ad
882 362 1056 399 ordinem
1080 361 1318 410 objectivum
1341 362 1523 410 pertinet,
1557 362 1721 411 ideoque
1743 376 1812 411 per
1833 364 1966 413 cogni-

225 421 374 459 tionem
397 434 476 458 non
497 421 671 470 ponitur,
693 421 760 458 sed
782 433 804 457 a
826 421 1050 469 cognitione
1072 420 1321 469 supponitur.
1351 420 1476 464 Quare
1499 421 1727 469 quicunque
1751 422 1805 459 sit
1827 422 1966 460 modus

226 480 475 530 cognitionis,
510 492 586 527 qua
618 479 722 528 quod
752 480 945 517 motivum
976 482 1038 516 est
1068 479 1387 528 apprehenditur,
1421 479 1468 515 ab
1501 491 1545 516 eo
1576 480 1662 527 ipsa
1693 481 1733 517 in
1766 492 1806 517 se
1828 481 1966 519 motivi

226 540 325 576 ratio
346 551 425 576 non
447 539 628 576 afficitur.
651 540 685 575 A
707 539 930 587 cognitione
952 538 1139 575 nimirum
1162 538 1371 587 applicatio
1397 538 1554 586 quidem
1569 539 1720 584 motivi,
1743 551 1821 576 non
1835 542 1967 576 autem

226 599 356 647 ipsum
380 598 571 635 motivum
595 597 796 646 dependet.
839 597 942 634 Hinc
962 610 1032 646 pro
1056 597 1209 634 diverso
1232 596 1346 634 modo
1368 596 1602 646 cognitionis
1630 597 1785 634 diversa
1807 598 1967 645 quidem

225 657 448 706 applicatio,
472 669 550 694 non
572 658 704 693 autem
727 656 882 694 diversa
904 657 979 693 erit
1000 656 1100 694 ratio
1124 656 1301 694 motivi.“
1325 655 1408 699 Quo
1423 656 1665 704 praemonito
1680 656 1772 693 haec
1787 657 1966 705 subjicit:

228 715 449 760 „Motivum
471 727 651 753 assensus
673 715 764 752 fidei
787 715 828 752 in
850 717 941 752 actu
956 715 1126 752 secundo
1141 727 1218 752 non
1233 717 1293 752 est
1306 714 1578 752 testimonium
1593 715 1663 751 Dei
1679 715 1885 752 infallibile
1900 716 1966 752 ab·

226 775 353 813 solute
376 774 677 818 consideratum,
701 774 768 811 sed
790 776 848 812 est
862 774 965 811 idem
979 774 1251 812 testimonium
1266 774 1337 811 Dei
1350 774 1513 811 relative
1527 786 1618 822 prae
1632 777 1763 811 mente
1777 775 1969 811 movenda

226 836 455 883 spectatum,
479 834 645 882 ideoque
668 833 715 870 iis
738 833 1019 882 propemodum
1041 833 1389 879 circumvestitum‚
1413 833 1556 881 quibus
1572 833 1695 870 menti
1709 833 1967 882 cognoscibile

223 892 407 930 redditur
428 892 543 941 eique
565 895 736 941 apparet.
769 893 874 930 Haec
896 895 1039 937 autem,
1063 893 1207 940 quibus
1229 892 1499 929 testimonium
1521 892 1728 929 infallibile
1751 892 1821 929 Dei
1843 892 1967 929 menti

224 951 484 1001 cognoscibile
515 951 706 994 redditur,
741 954 874 1001 aperte
900 952 947 989 ad
970 952 1163 989 motivum
1185 964 1264 989 non
1288 953 1476 1000 spectant,
1509 953 1556 988 ut
1578 951 1727 1000 aliquid
1751 951 1855 999 quod
1877 963 1966 989 con-

223 1010 371 1056 stituit,
395 1010 461 1048 sed
484 1012 530 1047 ut
552 1010 705 1059 aliquid
726 1011 830 1059 quod
854 1011 984 1059 ipsum
1006 1011 1232 1048 manifestat
1254 1012 1293 1047 et
1324 1009 1523 1058 patefacit.
1568 1011 1747 1059 Agedum
1779 1023 1833 1054 ea,
1868 1023 1966 1058 quae

223 1071 270 1107 ad
301 1069 574 1107 testimonium
600 1070 668 1106 Dei
699 1069 909 1107 infallibile
941 1070 1107 1117 ideoque
1139 1070 1187 1107 ad
1220 1070 1411 1106 motivum
1444 1081 1626 1106 assensus
1654 1069 1744 1106 filei
1766 1070 1967 1118 pertinent

223 1131 375 1166 tantum
400 1130 447 1166 ut
468 1141 523 1174 ea,
547 1141 646 1177 quae
670 1129 921 1166 manifestant
944 1131 984 1166 et
1004 1129 1247 1178 patefaciunt
1268 1128 1408 1177 ipsum,
1432 1129 1584 1165 nullam
1604 1128 1750 1165 habent
1772 1128 1966 1176 propriam

223 1189 363 1236 suique
386 1187 558 1225 nominis
581 1188 661 1225 vim
683 1188 865 1225 movendi
887 1191 1071 1236 respectu
1093 1200 1274 1225 assensus
1296 1187 1388 1224 fidei
1407 1185 1451 1239 ¹),
1475 1187 1541 1224 sed
1565 1187 1622 1224 vis
1645 1187 1838 1230 movendi,
1870 1200 1967 1235 quae

222 1247 317 1296 ipsis
348 1247 463 1293 inest,
501 1248 586 1284 tota
607 1248 777 1284 refertur
800 1247 847 1284 ad
870 1247 1130 1297 cognitionem
1154 1246 1377 1283 infallibilis
1400 1246 1618 1284 testimonii
1641 1246 1777 1291 divini,
1801 1246 1966 1294 ideoque

223 1306 375 1343 efficere
398 1309 612 1354 nequeunt,
647 1309 693 1343 ut
724 1318 907 1343 assensus
929 1306 1018 1343 fidei
1042 1319 1120 1343 non
1142 1306 1296 1343 nitatur
1317 1306 1387 1343 soli
1411 1305 1616 1342 infallibili
1639 1305 1709 1342 Dei
1729 1305 1965 1343 testimonio.

223 1365 363 1413 Itaque
394 1365 638 1414 profitemur,
672 1365 796 1402 Deum
830 1377 899 1403 seu
930 1365 1052 1402 satius
1086 1364 1296 1402 infallibile
1318 1365 1389 1401 Dei
1415 1364 1691 1402 testimonium
1714 1365 1842 1401 solum
1864 1364 1965 1407 fidei,

223 1426 269 1462 ut
290 1437 390 1472 quae
412 1424 542 1461 virtus
565 1424 785 1474 theologica
807 1427 878 1470 est,
902 1425 1099 1473 objectum
1114 1424 1273 1461 formale
1294 1436 1375 1460 esse
1389 1423 1549 1461 debere:
1574 1424 1640 1461 sed
1655 1424 1755 1460 nibil
1769 1426 1836 1467 est,
1860 1424 1967 1471 quod

226 1483 274 1520 ad
305 1483 585 1532 professionem
616 1496 687 1521 nos
719 1486 842 1533 cogat,
875 1483 977 1521 idem
1009 1484 1126 1520 etiam
1158 1484 1242 1532 ejus
1275 1482 1524 1531 cognitionis,
1558 1483 1603 1519 ad
1627 1495 1743 1530 quam
1766 1486 1967 1530 tamquam

226 1543 422 1591 objectum
456 1542 658 1579 materiale
688 1543 868 1587 refertur,
902 1543 1097 1591 objectum
1128 1542 1290 1579 formale
1321 1554 1405 1579 esse
1428 1542 1578 1586 debere,
1614 1554 1683 1578 seu
1705 1541 1809 1589 quod
1833 1541 1967 1578 eodem

226 1601 341 1647 redit,
365 1601 637 1639 testimonium
653 1601 722 1639 Dei
743 1602 952 1639 infallibile
976 1601 1229 1651 cognitionis,
1253 1613 1353 1649 quae
1377 1601 1423 1638 ad
1441 1601 1582 1650 ipsum,
1607 1606 1653 1637 ut
1668 1601 1714 1637 ad
1730 1600 1964 1649 principium

227 1673 406 1698 assensus
428 1660 520 1697 fidei
540 1661 722 1705 refertur,
747 1661 863 1698 simul
885 1661 1081 1709 objectum
1103 1673 1183 1698 esse
1206 1660 1347 1697 debere
1369 1662 1409 1697 et
1429 1660 1681 1709 principium.
1704 1660 1804 1696 Hinc
1826 1660 1967 1696 falsum

226 1732 312 1757 esse
335 1719 526 1764 ducimus,
560 1720 662 1768 quod
686 1720 832 1765 dicunt,
864 1720 981 1757 fidem
1004 1732 1046 1757 eo
1070 1719 1195 1764 modo,
1229 1732 1305 1767 quo
1328 1732 1350 1756 a
1370 1720 1520 1756 ratione
1544 1719 1702 1756 virtutis
1724 1718 1966 1767 theologicae

226 1779 464 1828 postulatur,
498 1779 576 1815 Deo
610 1779 690 1816 solo
722 1779 852 1816 nixam
884 1791 966 1816 esse
989 1791 1067 1816 non
1088 1791 1212 1827 posse,
1244 1778 1319 1815 nisi
1343 1778 1426 1827 ipsa
1450 1789 1607 1826 quoque
1631 1778 1800 1827 cognitio
1823 1777 1966 1825 objecti

225 1838 409 1883 formalis,
442 1850 560 1886 quam
582 1837 678 1875 fides
701 1838 882 1883 includit,
917 1838 999 1876 solo
1024 1838 1102 1875 Deo
1124 1837 1214 1874 nixa
1237 1838 1326 1875 sit.‘
1371 1838 1465 1875 Cum
1488 1837 1663 1874 utilitate
1686 1836 1854 1874 conferri
1875 1848 1965 1884 pos-

226 1899 322 1935 sunt
343 1897 517 1946 ejusdem
538 1897 593 1933 th.
619 1903 670 1937 27
695 1909 756 1942 ss„
780 1898 820 1935 in
844 1898 990 1945 quibus
1013 1897 1188 1934 ostendit
1209 1899 1344 1934 contra
1366 1897 1411 1933 de
1433 1896 1591 1946 Lugo,
1625 1908 1752 1944 neque
1775 1895 1964 1944 cognitio-

224 1969 314 1993 nem
345 1956 596 1994 auctoritatis
620 1956 777 1993 divinae
800 1969 927 2004 neque
958 1956 1050 1993 facti
1077 1956 1330 1993 revelationis
1353 1955 1508 1992 divinae
1531 1955 1670 1992 debere
1693 1967 1778 1992 esse
1801 1954 1964 1991 imme-

225 2015 416 2053 diatam
429 2045 437 2061 ,
461 2015 538 2053 imo
551 2015 607 2052 th.
627 2021 676 2055 29
696 2015 861 2053 statuit:
879 2016 960 2060 „Ex
983 2015 1044 2052 his
1059 2008 1321 2064 colligendum
1338 2015 1495 2051 omnino
1509 2014 1668 2051 videtur
1691 2014 1964 2063 cognitionem,

226 2075 273 2112 de
296 2087 375 2122 qua
396 2074 562 2124 agimUS,
588 2075 804 2112 secundum
827 2087 943 2112 suum
967 2087 1042 2111 esse
1064 2074 1234 2122 quidem,
1258 2086 1336 2110 non
1351 2076 1481 2111 autem
1497 2073 1711 2110 secundum
1727 2072 1966 2121 objectivum

225 2134 386 2171 modum
407 2134 674 2184 cognoscendi,
699 2147 720 2171 a
733 2134 905 2171 naturali
921 2134 1086 2178 differre,
1110 2133 1275 2182 ideoque
1297 2146 1334 2169 m
1348 2145 1367 2169 e
1380 2133 1403 2169 d
1417 2132 1430 2169 i
1443 2146 1463 2169 a
1474 2135 1490 2169 t
1502 2146 1522 2169 a
1536 2145 1572 2168 m
1596 2132 1828 2169 censendam
1843 2143 1934 2168 esse.
1947 2135 1965 2154 «

227 2192 423 2242 Sagaciter
443 2195 557 2231 notat
579 2192 695 2230 etiam
720 2193 927 2230 Gormaz
951 2205 1050 2230 curs.
1073 2192 1193 2230 theol.
1208 2195 1235 2229 t.
1258 2200 1272 2232 1
1301 2192 1347 2228 de
1370 2192 1444 2228 fide
1467 2191 1562 2238 disp.
1593 2198 1639 2231 16
1666 2204 1694 2228 s.
1724 2199 1755 2236 1,
1779 2203 1859 2227 non
1881 2202 1966 2227 esse

225 2252 539 2289 confundendam
570 2252 896 2300 „applicationem
929 2251 1067 2289 mot-ivi
1099 2249 1225 2304 (fidei)
1259 2263 1346 2288 cum
1369 2251 1452 2299 ipso
1475 2250 1645 2295 motivo,
1676 2263 1767 2287 nam
1789 2250 1882 2286 licet
1903 2261 1964 2285 re-

226 2311 407 2359 quiratur
432 2311 631 2360 judicium
661 2311 863 2359 praevium
894 2311 940 2348 de
973 2311 1106 2348 divina
1136 2310 1345 2348 veracitate
1378 2338 1385 2345 .
1409 2339 1417 2346 .
1445 2340 1452 2348 .
1478 2309 1579 2346 illud
1610 2319 1742 2346 tamen
1770 2308 1966 2357 judicium

224 2370 427 2418 praevium
458 2383 536 2408 non
569 2372 630 2407 est
651 2370 843 2407 motivum
864 2372 974 2408 actus
997 2370 1149 2407 divinae
1181 2369 1271 2406 fidei
1293 2368 1534 2417 proindeque
1556 2381 1634 2405 non
1657 2370 1788 2416 potest
1809 2379 1891 2405 esse
1912 2367 1964 2412 id,

224 2429 266 2466 in
297 2429 401 2477 quod
432 2429 536 2467 intra
566 2429 711 2466 lineam
740 2429 833 2466 fidei
862 2429 1003 2466 ultimo
1034 2428 1245 2466 resolvitur
1275 2427 1367 2465 fidei
1399 2429 1519 2465 actus.
1531 2432 1548 2450 «
1602 2427 1653 2464 Cf.
1686 2425 1966 2464 Gutberlet

224 2488 364 2525 Lehrb.
388 2488 457 2525 der
477 2489 588 2537 Apol.
610 2490 630 2535 ἓ
655 2495 699 2532 6;
725 2488 880 2525 Pesch
905 2488 996 2525 VIII
1017 2500 1125 2536 prop.
1155 2493 1216 2527 18.

345 2570 388 2612 5.
412 2568 501 2609 Dir
515 2569 694 2609 ective
717 2568 898 2620 denique
920 2567 1145 2608 resolvitur
1168 2566 1269 2607 fides
1292 2566 1503 2607 catholica
1524 2566 1565 2606 in
1579 2565 1794 2606 Ecclesiae
1817 2568 1966 2605 aucto-

230 2638 413 2688 ritatem,
446 2643 492 2680 ut
513 2638 622 2679 infra
643 2637 891 2682 videbimus.
934 2637 1028 2690 Ipsa
1052 2637 1163 2678 enim
1186 2638 1386 2689 proponit
1407 2648 1459 2678 ea
1481 2648 1590 2690 quae
1613 2636 1825 2677 credenda
1848 2639 1964 2676 sunt:

375 2770 397 2810 ¹)
416 2767 525 2801 Haud
541 2768 670 2812 inepta
687 2768 734 2800 ad
751 2768 821 2801 hoc
839 2766 1102 2800 illustrandum
1119 2765 1226 2799 nobis
1237 2765 1385 2800 videtur
1397 2765 1624 2810 comparatio
1637 2775 1677 2799 ex
1691 2764 1771 2798 luce
1786 2762 1964 2797 adhibita.

227 2820 306 2854 Lux
324 2820 499 2854 nimirum
518 2822 574 2855 est
590 2821 686 2855 ratio
705 2819 867 2855 videndi.
887 2819 928 2853 In
947 2820 1028 2852 luce
1046 2819 1143 2852 enim
1162 2820 1198 2852 et
1217 2829 1283 2863 per
1299 2817 1419 2853 lucem
1429 2819 1596 2853 videmus
1612 2818 1755 2862 objecta
1767 2815 1964 2851 sensibilia.

232 2873 337 2907 Nihil
356 2877 479 2908 autem
498 2874 609 2908 refert
628 2874 674 2907 ad
692 2874 904 2914 videndum,
936 2872 1032 2906 unde
1052 2873 1088 2906 et
1106 2872 1225 2916 qualis
1244 2871 1293 2905 sit
1310 2872 1382 2913 lux,
1402 2874 1520 2906 utrum
1540 2872 1589 2906 sit
1606 2872 1668 2905 lux
1687 2870 1783 2909 solis,
1813 2880 1858 2902 an
1877 2869 1966 2902 elec·

230 2926 336 2968 trica,
357 2937 406 2960 an
422 2927 486 2961 lux
506 2926 699 2962 candelae:
731 2927 833 2972 origo
852 2937 913 2960 seu
932 2925 1093 2969 qualitas
1112 2925 1204 2959 lucis
1222 2936 1297 2960 non
1315 2925 1524 2970 ingreditur
1550 2925 1743 2963 rationem,
1775 2920 1966 2966 supposita

226 2980 354 3014 eadem
372 2979 534 3024 ejusdem
552 2981 771 3021 intensione,
784 2979 960 3014 motivam
977 2978 1089 3013 lucis:
1109 2978 1163 3012 ita
1180 2979 1258 3012 sola
1276 2979 1478 3013 auctoritas
1497 2978 1622 3012 divina
1640 2979 1693 3011 est
1711 2976 1805 3009 ratio
1824 2975 1965 3009 motiva

225 3033 401 3079 (interna)
419 3033 463 3066 ad
482 3033 714 3076 credendum,
734 3033 980 3076 undecunque
999 3031 1147 3066 demum
1165 3042 1207 3066 ea
1225 3034 1469 3077 cognoscatur
1497 3031 1709 3073 (dnmmodo
1737 3029 1898 3073 cognitio
1918 3027 1966 3061 sit

227 3086 546 3132 supernaturalis).
