2175 3382
242 91 320 130 1³¹0
773 82 891 115 'l'ract.
910 80 953 115 ll.
974 81 1024 115 De
1043 94 1069 114 s.
1090 83 1287 125 Scriptura.
1309 81 1422 115 Notio

237 209 278 243 ut
312 203 416 243 liaec
449 213 580 242 causa
614 200 945 241 instrumentalis
980 200 1162 252 ipsomet
1184 204 1434 252 suggerente
1467 205 1506 240 et
1534 205 1674 241 mente
1699 201 1911 253 concipiat
1935 206 1977 242 et

235 275 415 325 ipsomet
438 276 640 312 movente
664 272 821 312 feratur
843 271 1060 311 voluntate
1083 270 1137 311 ad
1163 269 1434 311 scribendum
1458 269 1498 310 id
1522 282 1648 311 omne
1680 276 1721 312 et
1754 271 1792 311 id
1825 271 1976 321 solum,

235 343 348 396 quod
371 343 590 395 pertinens
623 342 675 383 ad
708 342 928 383 formalem
961 341 1054 382 libri
1084 342 1292 382 rationem
1328 341 1416 393 ipse
1449 346 1666 393 tamquam
1698 340 1792 382 libri
1827 347 1978 383 auctor

236 413 478 467 principalis
502 412 773 454 scribendum
799 417 939 453 mente
962 417 1334 464 praeconceperat.

354 486 395 527 3.
422 483 565 535 Quare
599 489 642 524 ut
673 488 713 524 et
736 483 846 524 Deus
879 483 959 523 dici
991 484 1124 534 possit
1147 481 1390 534 Scripturae
1423 486 1582 529 auctor,
1615 482 1697 523 hoc
1730 484 1978 536 requiritur:

236 556 346 596 unde
364 555 597 606 colligimus
613 554 933 605 inspirationem
956 565 1042 594 non
1066 553 1289 594 excludere
1304 553 1537 594 humanum
1553 553 1748 594 studium.
1772 553 1976 599 laborem,

236 626 585 679 cooperationem
609 625 735 679 (sicut
757 624 863 664 haec
886 635 1023 676 neque
1047 624 1088 664 in
1107 623 1419 675 Justificatione,
1443 635 1552 676 quae
1575 628 1638 664 est
1660 636 1768 676 opus
1791 625 1977 666 maxime

236 697 436 738 divinum.
471 695 736 750 excluditur),
767 694 999 735 dummodo
1031 694 1366 746 supernaturalis
1394 695 1614 735 illustratio
1639 699 1680 735 et
1703 694 1879 736 directio
1902 694 1977 736 Dei

236 767 401 815 efficiat,
435 771 479 807 ut
511 766 641 807 menti
673 765 856 805 hominis
887 765 1135 818 inquirentis
1169 770 1209 805 et
1241 764 1463 805 scribentis
1496 776 1546 805 ea
1576 766 1719 805 omnia
1742 770 1784 806 et
1806 765 1897 806 sola
1922 765 1975 806 ad

237 837 508 879 scribendum
532 841 772 890 occurrant,
806 841 847 877 et
878 836 1074 877 voluntas
1106 835 1160 876 ad
1192 847 1242 876 ea
1275 836 1420 876 omnia
1451 840 1492 876 et
1519 835 1610 876 sola
1633 835 1857 876 scribenda
1881 848 1977 877 mo-

237 914 396 950 veatur.
420 919 529 961 quae
552 906 777 948 scribenda
801 907 988 948 divinum
1012 906 1231 948 consilium
1257 905 1587 958 comprehendit.

354 981 397 1023 4.
430 979 578 1032 Liquet
610 979 733 1030 igitur
763 989 901 1030 neque
933 977 1046 1018 dicta
1067 977 1137 1018 illa
1160 982 1396 1025 auctorum,
1428 977 1499 1029 qui
1531 976 1761 1018 creduntur
1785 978 1977 1030 inspirati

238 1054 273 1094 2.
297 1051 433 1091 Mach.
457 1054 495 1098 2,
522 1051 591 1093 24.
615 1053 690 1095 27:
726 1048 821 1090 Luc.
848 1052 883 1092 1.
920 1053 957 1097 3,
992 1048 1145 1102 quibus
1177 1048 1373 1089 laborum
1406 1048 1694 1101 sudorumque
1727 1061 1901 1090 suorum
1934 1049 1976 1090 in

237 1121 543 1174 componendis
565 1119 681 1160 libris
704 1120 964 1161 mentionem
986 1119 1156 1169 faciunt,
1180 1119 1398 1160 adversari
1421 1131 1568 1160 eorum
1591 1119 1877 1172 inspirationi;
1900 1131 1978 1160 ne-

237 1205 318 1246 que
341 1192 394 1233 ad
414 1192 737 1244 inspirationem
751 1191 906 1244 requiri
930 1203 949 1231 r
962 1203 984 1231 e
996 1204 1021 1231 v
1033 1191 1079 1232 el
1093 1191 1204 1232 atio
1217 1204 1243 1231 n
1257 1202 1279 1231 e
1292 1203 1333 1231 m
1355 1191 1525 1243 proprie
1540 1190 1710 1239 dictam,
1732 1190 1813 1231 nisi
1828 1195 1979 1231 auctor

238 1263 424 1304 scribere
448 1261 603 1303 debeat
626 1274 688 1311 ea,
711 1274 820 1314 quae
843 1263 880 1302 ei
902 1262 1151 1303 naturaliter
1165 1266 1262 1302 sunt
1276 1261 1401 1314 plane
1415 1262 1694 1314 incomperta,
1716 1265 1760 1301 ut
1775 1261 1977 1314 mysteria

237 1334 303 1375 vel
325 1334 549 1383 vaticinia;
583 1334 626 1373 in
658 1333 749 1373 aliis
780 1345 896 1382 vero,
927 1344 1036 1385 quae
1064 1333 1154 1385 jam
1178 1332 1347 1373 aliunde
1370 1332 1449 1372 scit
1471 1332 1559 1372 sive
1582 1343 1633 1373 ex
1657 1331 1976 1378 alimum-libris

239 1406 293 1460 (2.
315 1404 450 1447 Mach.
473 1408 511 1453 2,
535 1406 602 1447 25.
627 1406 713 1458 27),
735 1404 823 1445 sive
846 1416 897 1445 ex
920 1404 1099 1461 aliorum
1111 1403 1328 1462 ,relatione
1353 1403 1464 1459 (Luc,
1484 1407 1518 1446 1.
1541 1404 1597 1458 3),
1619 1403 1707 1443 sive
1730 1414 1780 1443 ex
1803 1403 1976 1458 prqprja

238 1476 497 1528 experientia
519 1475 598 1531 (Jo.
624 1478 688 1524 19,
709 1476 796 1530 35),
819 1474 1022 1524 sufficere,
1045 1480 1091 1515 ut
1112 1479 1217 1516 nutu
1240 1480 1281 1515 et
1303 1474 1535 1515 directione
1559 1473 1700 1514 divina
1721 1474 1903 1525 scriptor
1925 1484 1976 1514 ex

235 1547 302 1587 his
325 1558 376 1587 ea
397 1546 527 1587 literis
551 1547 780 1599 consignet,
804 1557 913 1600 quae
936 1546 1048 1588 Deus
1071 1547 1321 1598 consignata
1344 1546 1440 1590 vult.
1473 1545 1563 1586 Huc
1585 1546 1694 1587 refer
1717 1545 1847 1587 verba
1869 1545 1976 1586 Au-

237 1618 443 1670 gustini
474 1617 498 1658 l.
532 1629 564 1658 c.
598 1630 631 1661 c,
659 1621 711 1662 13
733 1630 772 1658 n.
795 1621 872 1663 48:
912 1617 1272 1668 „Recordationes
1296 1629 1444 1658 eorum
1467 1615 1860 1673 (evangelistarum)
1885 1616 1975 1668 ejus

238 1701 390 1730 manus
410 1688 671 1741 gubernatae
695 1693 802 1737 sunt,
826 1689 898 1741 qui
920 1688 1128 1740 gubernat
1151 1700 1318 1741 aquam,
1342 1689 1450 1729 sicut
1472 1688 1673 1740 scriptum
1697 1693 1772 1736 est,
1797 1687 1977 1740 qualiter

237 1760 293 1800 illi
314 1759 553 1812 placuerit,“

358 1833 399 1874 ὃ.
424 1830 546 1882 Quod
568 1843 630 1872 vo
645 1843 666 1871 c
680 1831 843 1872 abula
867 1832 1027 1880 attinet,
1045 1836 1172 1900 patet³
1188 1831 1374 1901 fflictoris
1389 1842 1515 1906 sapsa
1531 1830 1708 1882 exprimi
1729 1841 1816 1870 non
1838 1841 1978 1882 posse,

238 1903 317 1943 nisi
340 1907 439 1955 apta
462 1903 693 1954 seligantur
715 1901 944 1943 vocabula:
977 1883 1260 1954 qffimobrem
1282 1902 1501 1954 inspiratio
1524 1913 1612 1942 non
1634 1900 1689 1941 ad
1711 1900 1825 1941 solas
1847 1900 1976 1952 perti-

237 1979 308 2014 net
330 1985 398 2015 res
421 1978 463 2014 et
484 1974 727 2023 sententias,
753 1985 901 2014 verum
924 1974 1052 2014 etiam
1075 1973 1310 2014 secundum
1333 1971 1432 2025 quid
1455 1971 1695 2013 extenditur
1717 1971 1771 2012 ad
1793 1971 1913 2023 signa
1935 1975 1978 2012 et

238 2044 458 2094 vocabula,
482 2045 539 2085 ita
563 2044 648 2087 scil.
672 2050 717 2085 ut
738 2045 832 2096 ipsa
847 2044 1095 2096 operatione
1120 2044 1261 2084 divina
1284 2044 1412 2084 homo
1437 2043 1666 2095 inspiratus
1689 2042 1744 2083 ab
1766 2053 1910 2083 errore
1933 2042 1976 2082 in

239 2115 462 2166 seligendis
478 2114 698 2156 vocabulis
713 2115 876 2156 idoneis
890 2120 1198 2168 praeservetur.
1222 2113 1329 2155 Cum
1352 2125 1452 2154 vero
1475 2114 1585 2154 haec
1609 2112 1775 2169 (saltem
1789 2113 1976 2165 plerum·

239 2187 336 2241 que)
361 2199 448 2227 non
469 2186 710 2238 pertineant
733 2186 787 2226 ad
809 2186 1066 2227 elementum
1088 2185 1266 2227 formale
1287 2185 1394 2234 libri,
1420 2185 1501 2225 nisi
1523 2190 1732 2237 quatenus
1755 2188 1855 2236 apta
1878 2188 1976 2223 sunt

239 2256 292 2297 ad
317 2257 503 2297 auctoris
526 2268 653 2298 sensa
676 2257 963 2309 exprimenda,
996 2256 1071 2298 sed
1094 2262 1258 2297 tantum
1282 2256 1336 2297 ad
1359 2255 1579 2296 materiale
1631 2255 1745 2296 nulla
1777 2259 1842 2295 est
1867 2255 1975 2295 ratio

239 2327 477 2368 affirmandi
496 2328 539 2368 in
559 2328 771 2381 plerisque
795 2328 899 2369 locis
913 2333 1083 2380 praeter
1096 2327 1211 2368 illam
1226 2327 1514 2368 assistentiam
1527 2326 1560 2367 D
1591 2339 1660 2367 um
1675 2327 1814 2379 ipsum
1827 2337 1976 2378 super-

238 2398 420 2438 naturali
444 2399 610 2439 actione
633 2399 752 2451 signa
776 2404 817 2440 et
838 2399 1013 2440 modum
1036 2398 1247 2439 scribendi
1271 2399 1313 2438 in
1336 2398 1551 2439 individuo
1575 2397 1880 2449 suppeditasse.
1923 2395 1978 2437 Ut

240 2480 338 2519 ergo
362 2469 505 2509 omnia
528 2470 676 2521 paucis
699 2469 1035 2522 complectamur

357 2540 400 2582 6.
425 2540 479 2580 ad
493 2540 816 2592 inspirationem
839 2553 902 2593 qu
915 2540 1048 2581 adru
1059 2541 1181 2592 plex
1204 2540 1430 2592 requiritur
1445 2539 1722 2580 elementum:
1745 2550 1788 2580 a,
1806 2537 1974 2581 mmo

239 2609 467 2651 voluntatis
499 2611 553 2651 ad
580 2611 852 2652 scribendum
876 2611 1043 2662 affigam
1077 2613 1121 2655 b.
1154 2611 1466 2659 illustratio
1498 2609 1746 2657 intellectus,
1782 2608 1822 2648 vi
1855 2607 1976 2660 cujus

239 2681 456 2733 scriptoris
480 2693 599 2722 mens
622 2694 673 2723 ea
697 2683 839 2723 omnia
863 2682 1085 2734 concipiat,
1111 2694 1220 2735 quae
1241 2681 1354 2723 Deus
1377 2680 1504 2722 scribi
1525 2680 1636 2729 vult3
1671 2691 1712 2723 c.
1736 2678 1975 2727 diracno

239 2750 392 2799 divina,
418 2762 472 2791 ne
495 2751 675 2803 scriptor
697 2752 925 2804 inspiratus
949 2752 1179 2805 quidquam
1211 2764 1260 2793 ex
1294 2752 1355 2793 iis.
1389 2763 1498 2804 quae
1519 2750 1632 2791 Deus
1653 2750 1783 2790 literis
1806 2749 1976 2800 consig-

238 2826 340 2862 nata
372 2821 469 2870 vult,
505 2823 683 2871 omittat,
719 2823 936 2876 multoque
967 2824 1107 2864 minus
1139 2835 1192 2864 ne
1225 2823 1324 2876 quid
1356 2822 1485 2863 addat
1511 2821 1716 2870 alienum3
1751 2822 1794 2864 (l.
1831 2821 1974 2877 w-

239 2892 467 2940 stentia,
499 2904 551 2933 ne
574 2893 754 2945 scriptor
777 2893 978 2935 adhibeat
998 2894 1129 2935 verba
1151 2894 1295 2946 inepta
1318 2894 1372 2934 ad
1394 2904 1521 2934 sensa
1543 2892 1741 2933 divinitus
1764 2896 1973 2943 concepta

240 2963 526 3015 exprimenda.
568 2963 729 3004 Horum
751 2976 852 3006 vero
877 2965 1186 3006 elementorum
1207 2965 1441 3005 necessitas
1464 2964 1572 3004 sicut
1594 2963 1783 3016 sequitur
1805 2974 1857 3004 ex
1880 2962 1974 3014 ipsa

239 3034 455 3087 analysi
486 3034 707 3087 dogmatis,
747 3047 829 3087 quo
862 3034 1109 3087 profitemur
1139 3034 1275 3076 Deum
1308 3039 1526 3075 auctorem
1558 3047 1588 3077 S.
1621 3032 1876 3086 Scripturae.
1914 3033 1976 3073 ita
