2175 3382
173 119 256 157 2454
589 113 705 146 'Fi-act.
729 113 786 147 lll.
805 112 857 147 De
876 113 1046 147 Ecclesia.
1069 113 1119 147 De
1137 114 1470 148 excommunicatis.

171 235 426 279 socialem,
461 235 681 283 cujusmodi
704 239 921 284 competere
944 237 1074 285 potest
1096 236 1237 284 cuique
1260 235 1356 272 bene
1379 235 1584 272 institutae
1616 235 1814 280 societati3
1845 236 1902 274 al-

171 300 291 331 teram
315 293 634 340 interiorem,
669 307 768 342 quae
791 295 948 344 singula
971 294 1143 332 membra
1163 293 1386 331 immediate
1408 293 1529 331 afficit
1559 294 1622 332 vel
1653 293 1805 332 afficere
1834 307 1904 344 po-

170 355 247 390 test
272 381 277 387 .
303 381 309 387 .
335 385 339 390 .
364 351 512 400 Duplex
535 364 625 401 ergo
648 352 884 402 principium
910 353 1070 390 formale
1094 351 1419 402 distinguendum
1441 355 1502 390 est
1525 353 1564 389 in
1587 353 1778 391 Ecclesia:
1804 354 1903 392 alte-

169 424 256 448 rum
278 410 515 460 principium
540 411 698 449 formale
729 412 936 456 societatis,
968 412 1134 449 alterum
1167 411 1406 460 principium
1439 411 1599 449 formale
1631 412 1735 450 vitae
1765 425 1903 462 super-

168 469 359 507 naturalis
381 470 421 506 in
443 470 640 508 membris.
682 470 786 508 Illud
810 471 1018 508 essentiale
1042 473 1101 508 est
1124 469 1328 515 Ecclesiae,
1361 474 1407 506 ut
1439 482 1482 507 ea
1504 470 1555 507 sit
1585 470 1749 509 societas
1780 472 1903 510 medi-

168 540 313 576 umque
337 528 518 566 idoneum
543 529 766 567 hominibus
800 542 868 578 pro
900 529 1170 577 consequenda
1185 528 1345 577 justitia
1375 530 1415 565 et
1446 529 1593 574 salute;
1625 529 1698 568 hoc
1727 542 1903 569 necessa-

167 587 270 624 rium
292 590 352 624 est
373 587 570 633 membris,
605 591 649 625 ut
682 588 780 625 illud
805 591 1067 637 assequantur
1098 590 1137 624 et-
1169 588 1260 633 sint,
1292 589 1453 636 propter
1484 588 1588 637 quod
1623 588 1670 626 ad
1692 589 1904 628 Ecclesiam

167 648 259 683 sunt
282 646 447 684 ‘vocati‘
490 646 610 684 Juxta
633 647 729 684 hanc
752 647 947 695 duplicem
981 646 1334 684 considerationem
1367 646 1503 684 licebit
1534 648 1746 686 sententias
1777 649 1904 698 specie

167 704 242 741 sibi
265 705 464 754 oppositas
488 706 702 743 conciliare.

286 764 478 813 Negative
502 777 582 801 esse
605 765 919 813 respondendum
943 767 1102 802 censent
1136 765 1214 809 alii,
1250 766 1295 801 ut
1318 765 1503 802 Suarez
1532 765 1579 803 de
1609 765 1685 803 fide
1717 767 1753 804 d.
1779 773 1801 807 9
1825 779 1855 805 S.
1879 768 1906 808 l.

171 829 206 869 2,
231 823 377 871 quibus
399 824 527 860 favere
558 823 715 860 videtur
737 824 859 860 Pius
882 823 945 860 IX.
977 823 1017 859 in
1048 823 1158 860 bulla
1190 823 1418 868 ,Ineffabilis
1441 824 1558 862 Deus‘
1590 826 1679 873 post
1711 825 1905 876 dogmatis

169 882 215 919 «le
238 882 486 919 immaculata
508 882 551 918 V.
574 883 715 920 Mariae
750 882 1000 930 conceptione
1033 881 1302 920 definitionem
1334 884 1512 921 statuens
1524 892 1543 920 τ’
1567 883 1843 934 ,Quapropter
1872 885 1905 923 si

169 941 237 988 qui
260 953 370 978 secus
401 954 422 977 a
444 941 565 978 Nobis
597 941 800 978 definitum
833 944 902 983 est..
938 941 1042 990 quod
1067 941 1169 978 Deus
1202 943 1364 987 avertat,
1400 944 1736 991 praesumpserint
1757 944 1904 983 corde

167 1000 322 1044 sentire,
346 999 374 1036 ii
398 999 577 1037 noverint
600 1012 643 1037 ac
663 1011 777 1049 porro
801 1000 925 1037 sciant
946 1013 985 1037 se
1007 1000 1165 1048 proprio
1182 1001 1333 1049 judicio
1356 1001 1632 1039 condemnatos
1653 1002 1905 1053 naufragium

166 1059 265 1095 circa
288 1058 403 1095 fidem
425 1069 559 1107 passos
583 1071 676 1103 esse,
701 1062 740 1096 et
762 1059 809 1096 ab
831 1059 1198 1110 miimtejjjcclesiae
1233 1055 1458 1097 defecisse«
1502 1059 1542 1097 Si
1575 1073 1667 1099 vero
1697 1074 1822 1101 sermo
1853 1062 1905 1101 sit

167 1117 213 1154 de
236 1117 440 1154 haereticis
462 1130 532 1165 per
554 1117 731 1155 accidens
755 1118 931 1163 occultis,
964 1118 1032 1166 qui
1065 1118 1147 1156 scil.
1172 1118 1363 1156 haeresim
1394 1119 1654 1157 exterioribus
1685 1120 1810 1170 signis
1839 1134 1904 1160 ex-

163 1177 341 1224 primunt
363 1176 518 1213 nemine
540 1178 672 1214 tamen
693 1179 897 1225 praesente
921 1178 982 1214 vel
1005 1177 1233 1215 advertente
1271 1175 1390 1228 (idem
1412 1178 1474 1216 dic
1496 1178 1544 1215 de
1575 1179 1747 1217 invalide
1776 1179 1905 1230 bapti·

163 1232 296 1287 zatis):
320 1235 529 1273 dicendum
551 1238 623 1281 est,
648 1248 712 1273 eos
736 1236 769 1273 si
793 1236 1009 1274 secundum
1043 1237 1098 1274 rei
1131 1237 1410 1274 veritatem
1438 1237 1675 1286 judicemus,
1706 1251 1785 1277 non
1816 1251 1905 1289 per-

162 1294 290 1331 tinere
313 1294 360 1331 ad
383 1306 522 1342 corpus
544 1294 750 1336 Ecclesiae.
775 1295 877 1333 sicut
899 1308 969 1333 nec
992 1295 1142 1345 digitus
1166 1305 1304 1333 cereus
1326 1296 1374 1333 ad
1396 1308 1549 1345 corpus,
1572 1309 1644 1335 nec
1664 1298 1750 1347 lupi
1765 1298 1806 1336 in
1819 1299 1903 1348 pel-

160 1353 266 1390 libus
289 1353 420 1390 ovium
441 1354 641 1401 pertinent
663 1354 710 1391 ad
724 1366 902 1404 gregem:
927 1356 1064 1392 sivero
1082 1354 1278 1400 iudicetur
1295 1356 1513 1393 secundum
1535 1357 1903 1405 apparentiam,

161 1423 226 1449 eos
248 1411 373 1449 videri
395 1424 477 1449 esse
501 1412 546 1449 de
569 1424 725 1461 corpore
747 1413 961 1457 Ecclesiae:
985 1416 1027 1450 et
1047 1414 1140 1462 quia
1161 1426 1231 1452 nos
1254 1426 1368 1463 saepe
1391 1415 1605 1453 secundum
1621 1416 1905 1465 speciemjudi-

162 1482 304 1515 camus,
329 1471 517 1518 quamdiu
539 1471 652 1509 nobis
673 1485 752 1509 non
776 1472 987 1510 innotescit
1009 1485 1146 1510 eorum
1178 1473 1356 1519 haeresis,
1390 1474 1479 1512 illos
1512 1487 1643 1512 errore
1673 1475 1906 1524 inculpabili

160 1541 229 1577 pro
252 1529 439 1566 membris
460 1530 703 1568 habebimus.

281 1594 374 1629 238.
409 1588 466 1626 De
488 1592 833 1628 excommunicatis.
859 1613 913 1617 —
936 1589 979 1631 2.
1006 1590 1216 1635 Quaeritur
1248 1592 1345 1640 quid
1377 1592 1425 1630 de
1457 1593 1806 1632 excommunicatis
1839 1606 1904 1631 ex-

159 1647 512 1685 communicatione
536 1649 674 1697 majori
708 1649 836 1698 iisque
869 1650 1041 1687 vitandis
1073 1651 1124 1688 sit
1156 1651 1383 1690 tenendum.
1426 1652 1731 1700 Respondemus,
1764 1665 1829 1691 eos
1860 1665 1904 1690 ex

159 1706 245 1754 ipsa
267 1706 486 1744 intentione
520 1720 667 1756 poenae
699 1708 1108 1755 medicinaliter,
1141 1722 1220 1747 non
1251 1711 1565 1757 mortaliter,
1597 1710 1622 1748 i.
1646 1723 1677 1748 e.
1708 1724 1786 1750 non
1816 1724 1905 1761 per-

160 1765 349 1813 emptorie
372 1779 393 1803 a
415 1766 602 1804 societate
624 1767 795 1805 visibilis
818 1768 1014 1806 Ecclesiae
1037 1769 1204 1806 excludi.

278 1822 320 1864 3.
367 1824 441 1869 Qui
475 1826 679 1863 occulte
714 1827 882 1864 incurrit
916 1828 1363 1866 excommunicationem
1396 1829 1497 1867 latae
1532 1829 1762 1875 sententiae,
1790 1831 1907 1878 juxta

161 1883 538 1922 Bellarminum
573 1886 599 1922 l.
622 1898 654 1923 c.
686 1885 822 1923 facto
855 1888 894 1923 et
925 1899 1133 1924 numero
1165 1889 1315 1936 spectat
1349 1888 1396 1925 ad
1417 1888 1644 1934 Ecclesiam,
1679 1901 1760 1926 non
1787 1889 1906 1938 jure

159 1942 283 1978 meri
299 1945 360 1980 to.
394 1943 782 1982 Excommunicatum
805 1946 1022 1983 toleratum
1045 1950 1204 1984 censent
1225 1959 1362 1996 graves
1375 1947 1549 1997 theologi
1563 1959 1647 1985 esse
1663 1948 1710 1985 de
1722 1948 1907 1994 Ecclesia,

161 2001 203 2036 in
226 2001 306 2049 ipso
325 2003 392 2050 jus
414 2002 461 2039 ad
485 2003 660 2051 ejusdem
682 2004 784 2041 bona
805 2004 933 2053 ligari,
957 2017 1038 2042 non
1060 2005 1216 2043 auferri.

279 2055 323 2100 4.
347 2061 457 2105 Quod
481 2062 514 2098 si
536 2063 627 2110 quis
650 2062 700 2099 in
709 2063 725 2111 j
739 2065 856 2100 uste
877 2064 999 2101 fuerit
1022 2064 1391 2111 excommunicatus,
1415 2066 1478 2103 vel
1501 2066 1534 2102 si
1555 2066 1662 2112 iuste
1684 2078 1907 2104 excommu-

161 2119 313 2156 nicatus
335 2123 424 2157 ante
448 2120 737 2159 absolutionem
760 2135 779 2159 a
804 2134 969 2160 censura
990 2123 1278 2172 poenitentiam
1301 2124 1437 2173 egerit,
1461 2124 1508 2162 ad
1530 2124 1725 2162 Ecclesiae
1738 2125 1908 2163 animam

160 2178 355 2226 pertinere
378 2181 520 2228 potest,
556 2192 635 2217 non
656 2192 748 2218 vero
772 2181 820 2218 ad
843 2182 926 2230 ejus
949 2194 1101 2231 corpus,
1135 2182 1391 2231 quoadusque
1424 2183 1580 2221 solutus
1611 2183 1734 2221 faerit
1764 2197 1787 2222 a
1817 2196 1907 2222 cen-

162 2249 274 2274 surae
298 2237 467 2276 vinculo.
513 2238 702 2282 Quocirca
724 2240 906 2277 damnata
932 2241 1011 2278 fuit
1033 2254 1141 2290 prop.
1167 2248 1232 2282 91.
1276 2241 1573 2286 Quesnelli:
1599 2243 1906 2287 „Excommuni-

162 2295 323 2333 cationis
357 2297 529 2345 injustae
564 2300 694 2336 metus
728 2312 934 2347 nunquam
968 2299 1085 2338 debet
1118 2313 1188 2338 nos
1224 2300 1414 2350 impedire
1458 2301 1506 2338 ab
1541 2301 1739 2350 implendo
1774 2302 1908 2341 debito

160 2355 314 2399 nostro,
338 2368 541 2403 nunquam
564 2357 716 2395 eximus
739 2358 786 2395 ab
808 2358 991 2402 Ecclesia,
1029 2359 1147 2397 etiam
1170 2360 1326 2408 quando
1355 2360 1560 2398 hominum
1590 2361 1770 2409 nequitia
1800 2361 1907 2399 vide-

163 2426 252 2450 mur
273 2414 320 2450 ab
343 2426 386 2451 ea
408 2416 571 2463 expulsi,
609 2417 764 2464 quando
787 2418 877 2462 Deo,
901 2417 926 2455 J
929 2430 997 2456 esu
1021 2418 1171 2456 Christo
1194 2420 1313 2468 atque
1343 2419 1419 2468 ipsi
1439 2419 1634 2457 Ecclesiae
1663 2431 1735 2469 per
1766 2420 1907 2458 carita·

161 2476 242 2509 tem
264 2471 370 2509 affixi
394 2485 542 2517 sumus,
556 2480 572 2497 «
617 2475 677 2511 Ad
711 2488 794 2513 rem
816 2479 910 2514 sunt
941 2478 1140 2525 praeclara
1162 2478 1455 2528 Augustini
1485 2479 1604 2516 verba
1635 2479 1682 2516 de
1714 2474 1816 2517 vera}
1837 2480 1908 2517 rel.

160 2543 196 2570 n.
229 2538 299 2570 ll:
334 2531 482 2580 ,Saepe
505 2533 623 2570 etiam
646 2534 741 2571 sinit
775 2535 907 2573 divina
937 2536 1190 2585 providentia
1220 2549 1290 2586 per
1320 2537 1534 2575 nonnullas
1565 2537 1734 2576 nimium
1764 2538 1908 2576 turbu-

161 2590 289 2627 lentas
312 2591 525 2628 carnalium
548 2591 753 2630 hominum
778 2594 991 2632 seditiones
1014 2595 1157 2644 expelli
1180 2596 1227 2633 de
1241 2596 1546 2646 congregatione
1560 2596 1775 2635 christiana.
1787 2597 1908 2635 etiam

162 2648 281 2686 bonos
314 2649 429 2687 viros.
474 2649 598 2694 Quam
632 2653 913 2690 contumeliam
947 2655 986 2691 et
1019 2654 1209 2703 injuriam
1243 2667 1353 2693 suam
1386 2668 1475 2693 cum
1508 2655 1796 2704 patientissime
1836 2668 1908 2705 pro

160 2707 354 2745 Ecclesiae
376 2720 469 2756 pace
491 2709 675 2755 tulerint,
700 2710 898 2749 docebunt
920 2712 1110 2759 homines,
1141 2726 1259 2762 quam
1289 2726 1380 2752 vero
1412 2715 1552 2752 affectu
1585 2716 1627 2752 et
1656 2717 1804 2763 quanta
1826 2715 1908 2753 sin-

161 2765 324 2803 ceritate
346 2766 426 2804 Deo
449 2768 698 2805 serviendum
722 2770 786 2808 sit,
809 2771 960 2808 Talium
984 2784 1075 2822 ergo
1099 2773 1275 2810 virorum
1297 2773 1546 2822 propositum
1573 2775 1643 2818 est,
1669 2775 1739 2811 aut
1762 2774 1908 2812 sedatis

161 2837 334 2862 remeare
355 2826 596 2871 turbinibus,
621 2830 690 2865 aut
712 2829 746 2865 si
768 2829 809 2866 id
830 2841 910 2867 non
931 2830 1127 2877 sinantur,
1150 2832 1214 2869 vel
1235 2831 1370 2869 eadem
1384 2834 1619 2881 tempestate
1633 2835 1909 2881 perseverante

161 2883 223 2921 vel
244 2896 292 2921 ne
316 2896 386 2922 suo
409 2885 542 2922 reditu
563 2886 653 2924 talis
676 2889 746 2924 aut
769 2888 919 2926 saevior
941 2890 1102 2936 oriatur,
1125 2893 1264 2928 tenent
1287 2891 1530 2929 voluntatem
1544 2891 1778 2929 consulendi
1791 2892 1910 2930 etiam

161 2943 216 2980 eis
252 2942 363 2991 ipsis,
399 2956 566 2992 quorum
601 2945 778 2983 motibus
800 2948 1247 2998 perturbationibusque
1279 2952 1489 2995 cesserunt,
1528 2949 1612 2987 sine
1632 2950 1718 2988 ulla
1740 2961 1908 2989 conven-

160 3001 376 3039 ticulorum
398 3003 702 3053 congregatione
724 3017 848 3053 usque
871 3006 918 3043 ad
940 3010 1107 3045 mortem
1130 3008 1385 3046 defendentes
1408 3011 1448 3046 et
1468 3009 1697 3047 testimonio
1723 3009 1909 3059 juvantes

160 3072 245 3098 eam
267 3060 395 3106 fidem,
420 3074 538 3110 quam
559 3062 600 3099 in
622 3063 795 3102 Ecclesia
810 3065 998 3103 catholica
1011 3067 1230 3115 praedicari
1244 3067 1385 3105 sciunt.
1407 3067 1487 3106 Hos
1507 3070 1665 3106 coronat
1686 3068 1729 3106 in
1753 3068 1908 3107 occulto
