2175 3382
834 122 1077 157 confirmandi
1095 123 1260 156 concilia.
1823 126 1909 170 425

176 258 358 284 romanae
379 246 573 283 Ecclesiae
597 246 691 282 sunt
712 245 907 290 instituta,
940 246 1050 293 cujus
1072 245 1304 282 auctoritate
1330 247 1447 293 atque
1471 246 1668 283 sanctione
1691 257 1823 283 omnes
1846 258 1910 295 sy-

177 305 270 343 nodi
292 306 331 341 et
354 306 488 342 sancta
509 304 674 342 concilia
694 304 931 341 roborantur
952 307 991 341 et
1013 303 1267 341 stabilitatem
1291 306 1463 349 sumunt,
1487 317 1556 342 cur
1577 317 1643 342 vos
1666 317 1745 343 non
1766 305 1910 342 habere

177 364 239 402 vel
260 363 465 401 observare
488 363 627 409 dicitis,
650 363 728 400 nisi
749 363 841 412 quia
862 364 1012 401 vestrae
1035 362 1271 400 ordinationi
1294 364 1619 400 cont1·adicunt‘?<

295 444 337 486 3.
360 442 707 494 Praerogativam
738 442 850 483 hanc
881 441 994 482 facta
1024 441 1237 482 luculenta
1259 442 1554 493 comprobant.
1596 442 1686 482 Huc
1717 447 1912 495 spectant

177 514 424 555 cassatio
448 513 614 554 concilii
637 512 995 554 ariminensis
1018 524 1094 564 per
1114 511 1327 553 Liberium
1350 514 1406 568 (n.
1431 516 1556 567 399);
1588 513 1670 553 huc
1703 513 1825 561 facta,
1857 513 1911 554 ad

179 596 288 638 quae
309 588 515 637 provocat
538 582 731 624 Gelasius
754 595 816 635 ep.
841 586 896 627 26
921 586 974 637 (n.
999 584 1122 638 375);
1154 582 1237 623 huc
1268 582 1488 623 instructio
1513 581 1820 624 Coelestini
1850 584 1910 625 10-

178 656 285 708 gatis
307 656 406 705 suis,
429 667 535 708 quos
559 654 612 695 ad
635 654 860 695 concilium
883 654 1206 707 ephesinum
1229 654 1365 704 mittit,
1389 654 1490 695 data
1513 654 1594 709 (ep.
1622 655 1713 710 17):
1750 654 1826 704 „Ut
1847 655 1911 694 in-

1982 596 2175 710 msa?

180 731 340 768 teresse
362 727 590 768 conventui
612 725 814 775 debeatis,
845 726 904 766 ita
936 725 1023 773 ille;
1056 725 1109 766 ad
1142 725 1494 777 disceptationem
1526 726 1560 766 si
1583 724 1705 766 fuerit
1727 688 2156 810 ventumajffw'

178 810 256 839 vos
278 798 329 839 de
352 810 500 839 eorum
523 798 741 838 sententiis
759 797 951 850 judicare
974 797 1177 847 debeatis,
1198 809 1286 838 non
1308 796 1450 838 subire
1475 801 1726 840 certamen.“
1794 782 1897 837 υἱ*

293 884 338 921 111
359 876 496 932 primis
518 896 609 920 vero
626 883 693 932 jus
716 883 958 931 pontificium
981 883 1102 933 gestis
1134 882 1289 920 concilii
1322 881 1751 920 chalcedonensis
1774 881 1911 918 confir-

176 944 317 980 matur.
340 942 550 979 Unanimes
573 944 779 979 sanxerant
800 944 930 991 patres
953 954 1034 980 can.
1061 948 1125 987 28,
1159 954 1236 990 quo
1260 942 1342 979 sedi
1364 941 1808 989 constantinopolitanae
1830 940 1911 988 pri-

175 1014 263 1039 mus
293 1003 384 1050 post
415 1001 543 1038 sedem
575 1001 826 1050 apostolicam
857 1001 1000 1051 gradus
1032 1001 1237 1038 tribuitur.
1280 1001 1424 1038 Verum
1446 1013 1524 1037 non
1547 1000 1726 1037 obstante
1748 1001 1809 1036 tot
1831 999 1912 1047 epi-

175 1072 378 1110 scoporum
401 1060 447 1110 (c.
474 1057 573 1113 600)
596 1060 771 1098 universi
794 1060 964 1098 Orientis
986 1060 1250 1104 consensione,
1275 1060 1553 1097 existimarunt
1574 1059 1648 1107 ipsi
1670 1058 1750 1096 vim
1773 1057 1912 1095 canoni

175 1132 253 1157 non
274 1119 413 1164 inesse,
446 1119 521 1156 nisi
548 1133 568 1156 a
588 1119 716 1156 Leone
738 1119 1042 1157 confirmaretur.
1087 1119 1212 1164 Quare
1235 1119 1442 1157 concilium
1465 1118 1575 1156 enixe
1596 1117 1715 1167 petiit
1739 1114 1814 1169 (ep.
1839 1113 1910 1169 98)

174 1178 523 1216 confirmationem:
565 1179 788 1228 »Rogamus
820 1179 954 1228 igitur,
987 1178 1165 1216 scribunt
1195 1178 1349 1215 concilii
1379 1179 1521 1226 patres,
1556 1178 1595 1214 et
1625 1177 1704 1214 tuis
1746 1176 1912 1213 decretis

175 1239 355 1275 nostrum
377 1238 522 1275 honora
539 1237 744 1286 judicium,
769 1239 808 1274 et
830 1238 931 1275 310111
952 1251 1021 1275 1103
1043 1237 1160 1286 capiti
1183 1237 1222 1274 in
1239 1237 1352 1274 bonis
1368 1237 1578 1285 adjecimus
1593 1235 1911 1279 consonantiam;

176 1297 230 1334 sic
252 1298 292 1333 et
314 1296 519 1334 summitas
542 1300 610 1333 tua
632 1296 735 1342 filiis,
768 1297 872 1345 quod
895 1297 1015 1342 decet,
1038 1296 1262 1345 adimpleat.
1274 1302 1290 1319 «
1324 1297 1374 1333 Et
1395 1296 1560 1333 iterum:
1585 1322 1601 1339 »
1614 1295 1777 1332 Omnem
1798 1294 1912 1331 vobis

176 1357 377 1405 gestorum
398 1355 479 1392 vim
500 1355 786 1393 insinuavimus
810 1356 858 1393 ad
881 1369 1026 1401 eorum,
1060 1368 1158 1404 quae
1181 1369 1202 1392 a
1224 1355 1337 1393 nobis
1360 1357 1473 1405 gesta
1495 1356 1600 1400 sunt,
1624 1354 1851 1391 firmitatem
1873 1355 1913 1390 et

176 1415 510 1452 consonantiam.«
554 1414 675 1451 Petiit
705 1416 745 1451 et
766 1415 987 1453 Marcianus
1019 1415 1231 1464 imperator
1242 1411 1294 1467 1);
1328 1414 1446 1463 petiit
1475 1416 1514 1451 et
1534 1413 1757 1458 Anatolius,
1783 1412 1850 1460 qui
1874 1425 1912 1450 se

178 1474 225 1511 ab
258 1473 483 1511 ambitionis
516 1473 612 1510 vitio
644 1474 754 1522 quasi
786 1487 959 1524 purgans
992 1474 1152 1511 canonis
1187 1474 1378 1511 condendi
1409 1486 1564 1510 causam
1587 1474 1627 1510 in
1651 1473 1799 1509 clerum
1821 1484 1911 1509 con-

177 1532 574 1582 stantinopolitanum
596 1533 732 1581 rejecit
753 1533 898 1571 addens
921 1547 958 1570 n.
979 1542 993 1573 1
1013 1547 1020 1570 :
1046 1560 1062 1577 »
1075 1534 1289 1581 Oportebat
1310 1533 1439 1570 omnia
1460 1545 1484 1568 n
1497 1545 1516 1569 e
1529 1544 1577 1569 00
1590 1544 1607 1569 3
1620 1531 1755 1568 33110
1778 1531 1824 1567 ad
1840 1543 1908 1568 no-

174 1592 303 1629 titiam
324 1594 415 1629 tuae
438 1591 664 1629 Sanctitatis
685 1593 831 1637 referri,
859 1606 957 1640 quae
980 1594 1186 1630 consecuta
1209 1595 1351 1638 sunt3«
1377 1594 1416 1628 et
1437 1604 1473 1630 n.
1501 1598 1544 1631 2:
1578 1618 1595 1635 »
1608 1590 1796 1634 Quoniam
1821 1602 1909 1627 vero

175 1653 262 1699 post
292 1651 399 1700 ipsos
432 1648 598 1703 (legatos
630 1649 739 1703 tuos)
774 1665 844 1700 par
866 1654 960 1698 erat,
984 1654 1030 1688 ut
1052 1652 1226 1699 reliquae
1249 1652 1414 1695 chartae,
1449 1663 1547 1698 quae
1570 1650 1713 1687 debent
1743 1661 1909 1686 neces-

176 1710 310 1747 sarie
341 1710 389 1746 ad
418 1712 592 1747 vestram
623 1711 884 1759 cognitionem
907 1711 1050 1757 venire,
1083 1723 1152 1759 per
1181 1712 1333 1747 nostros
1364 1710 1538 1747 homines
1569 1709 1832 1753 mitterentur,
1866 1720 1909 1745 eo

175 1769 279 1817 quod
301 1769 521 1817 specialiter
551 1769 743 1816 quaedam
765 1783 787 1806 a
808 1769 922 1806 nobis
946 1772 1031 1807 3013
1054 1772 1147 1806 311111
1170 1800 1177 1807 .
1201 1802 1208 1810 ,
1233 1799 1240 1805 .
1274 1772 1321 1806 111
1343 1782 1431 1806 cum
1453 1769 1528 1805 alia
1549 1768 1707 1816 quidem
1729 1780 1799 1816 per
1820 1767 1908 1804 lite-

174 1840 246 1874 ras,
279 1828 354 1864 alia
375 1840 465 1865 vero
496 1839 566 1876 per
597 1828 745 1877 seipsos
773 1829 979 1866 manifesta
1009 1828 1184 1871 fecerint,
1218 1828 1467 1866 convenienti
1497 1827 1684 1876 vobisque
1707 1827 1825 1875 digno
1847 1838 1908 1863 re-

175 1899 315 1935 sponso
338 1886 385 1923 ad
408 1899 477 1924 nos
499 1899 587 1923 cum
609 1887 752 1936 gaudio
774 1890 1024 1925 revertantur
1046 1890 1145 1925 etc«
1192 1888 1266 1925 Sed
1288 1900 1367 1924 non
1388 1887 1568 1924 obstante
1589 1888 1700 1923 tanta
1721 1886 1908 1922 interces-

176 1946 284 1983 sione
299 1946 390 1983 Leo
412 1946 608 1983 recusavit
629 1946 972 1991 confirmationem,
997 1947 1177 1996 quocirca
1204 1949 1370 1991 >>01111013
1392 1948 1477 1983 3013
1498 1945 1608 1982 1111113
1630 1944 1769 1994 synodi
1792 1942 1910 1997 (circa

174 2005 278 2042 hunc
299 2003 501 2057 canonem)
527 2005 616 2042 sede
639 2006 926 2043 contradicente
949 2006 1158 2055 apostolica
1179 2007 1308 2044 soluta
1331 2007 1435 2052 sunt,
1449 2010 1465 2028 ⁴<
1488 2005 1620 2053 inquit
1643 2003 1908 2053 Gregorius

174 2064 223 2101 M.
246 2064 290 2102 V.
313 2076 370 2112 ep.
397 2069 462 2103 21.
504 2064 561 2100 lta
589 2064 706 2101 etiam
739 2065 979 2102 Gelasius
1012 2078 1047 2113 p.
1072 2071 1153 2106 410
1197 2069 1236 2102 et
1266 2065 1558 2102 Feri-andus
1590 2077 1627 2100 n.
1662 2070 1756 2103 270-
1799 2062 1909 2099 Unde

173 2122 321 2160 factum
343 2125 411 2167 est,
436 2124 481 2160 ut
503 2123 729 2172 eutychiani
751 2124 949 2161 tumultus
981 2124 1193 2162 excitarent
1224 2124 1539 2171 occasionemque
1573 2124 1773 2160 sumerent
1795 2122 1908 2159 dubi-

173 2181 334 2219 tationis
355 2181 591 2231 ingerendae
614 2182 660 2219 de
682 2182 767 2231 ipsa
789 2183 1084 2220 chalcedonensi
1107 2183 1333 2221 definitione
1354 2183 1465 2220 fidei:
1511 2208 1527 2226 »
1538 2182 1602 2219 1111
1633 2182 1748 2225 enim,
1781 2183 1827 2218 ut
1848 2193 1908 2218 re-

173 2240 250 2278 fert
270 2253 297 2278 s.
319 2240 395 2278 Leo
417 2253 475 2289 ep.
505 2248 595 2287 117,
620 2242 817 2279 occasione
839 2243 1023 2279 velandae
1057 2243 1244 2291 perfidiae
1268 2255 1359 2280 suae
1382 2242 1536 2279 infirma
1558 2241 1620 2278 vel
1642 2240 1763 2277 dubia
1785 2239 1910 2276 videri

173 2299 314 2337 volunt
345 2301 496 2336 statuta
526 2300 692 2345 concilii,
726 2313 824 2348 quae
855 2302 968 2338 nulla
999 2302 1082 2338 sint
1112 2314 1322 2339 consensus
1353 2301 1429 2338 mei
1461 2300 1655 2338 sententia
1688 2300 1907 2337 roborata«

175 2358 300 2402 Quare
322 2358 613 2396 Marcianus
644 2359 691 2396 ad
722 2360 889 2397 eundem
922 2353 1091 2398 scribens
1115 2374 1172 2409 ep.
1202 2368 1279 2401 110
1304 2361 1414 2397 enixe
1436 2362 1567 2409 rogat:
1614 2358 1699 2403 >>Ob
1722 2372 1806 2396 eam
1827 2371 1909 2395 rem

174 2419 244 2454 tua
264 2417 389 2466 pietas
423 2417 556 2454 literas
588 2418 745 2455 mittere
777 2419 1015 2467 dignabitur,
1050 2432 1117 2467 per
1148 2432 1243 2468 quas
1276 2419 1457 2456 omnibus
1489 2418 1661 2456 ecclesiis
1693 2420 1732 2455 et
1752 2418 1909 2466 populis

174 2476 427 2514 manifestum
449 2476 526 2522 fiat,
551 2476 592 2513 in
616 2479 748 2514 sancta
770 2478 919 2526 synodo
940 2481 1095 2526 peracta
1117 2492 1138 2515 a
1159 2482 1230 2515 tua
1252 2478 1498 2515 beatitudine
1520 2480 1604 2515 rata
1625 2477 1799 2514 haberi«
1823 2477 1910 2514 Huc

173 2535 311 2572 deinde
334 2537 511 2584 spectant
533 2548 631 2583 quae
654 2536 821 2585 legimus
850 2536 890 2573 in
913 2537 1050 2585 synodi
1071 2537 1144 2574 VII
1166 2539 1237 2574 act.
1264 2544 1298 2581 6,
1322 2537 1363 2574 111
1385 2550 1462 2585 qua
1484 2537 1718 2585 rejiciuntur
1739 2535 1909 2573 concilia

173 2595 302 2631 coacta
332 2595 379 2631 ab
410 2594 716 2642 imperatoribus
739 2595 864 2632 Leone
892 2597 930 2632 et
953 2596 1207 2633 Constantino
1229 2595 1502 2644 iconomachis,
1534 2596 1639 2644 quod
1663 2595 1745 2632 scil.
1769 2595 1907 2643 ,adju-

172 2654 297 2690 torem
319 2665 397 2690 non
419 2653 630 2691 habuerint
652 2654 759 2690 illius
781 2655 969 2702 temporis
991 2667 1194 2692 romanum
1217 2668 1354 2703 papam
1378 2655 1440 2692 vel
1462 2667 1535 2701 eos,
1566 2655 1635 2703 qui
1655 2655 1755 2692 circa
1777 2655 1908 2702 ipsum

174 2713 268 2748 sunt
298 2711 528 2757 sacerdotes,
561 2725 630 2749 nec
663 2713 781 2749 etiam
812 2725 881 2761 per
903 2713 1064 2751 vicarios
1095 2714 1191 2762 ejus,
1224 2727 1294 2751 nec
1324 2726 1393 2762 per
1424 2714 1654 2763 encyclicam
1689 2714 1906 2762 epistolam,

174 2770 501 2818 quemadmodum
534 2771 656 2809 dictat
686 2772 747 2808 lex
779 2772 1069 2809 conciliorum«
1113 2773 1248 2822 Magni
1282 2785 1437 2821 quoque
1459 2773 1649 2810 momenti
1670 2775 1774 2817 sunt,
1808 2783 1907 2819 quae

319 2872 342 2912 1)
361 2871 426 2916 Ep.
445 2872 541 2906 inter
559 2885 585 2909 3,
600 2872 730 2906 Leonis
749 2876 825 2907 110.
854 2872 990 2913 Quanti
1008 2873 1137 2908 fecerit
1151 2874 1359 2908 Marcianus
1378 2886 1404 2908 s.
1429 2874 1560 2908 Leonis
1582 2874 1907 2913 confirmationem,

174 2923 363 2968 colligitur
381 2925 494 2958 etiam
512 2935 554 2959 ex
573 2935 629 2970 ep.
648 2926 820 2960 Leonis
841 2928 907 2960 116
926 2926 970 2959 ad
990 2927 1220 2961 Pulcheriam
1241 2940 1276 2961 n.
1296 2931 1334 2961 2:
1373 2926 1500 2968 „Quod
1528 2937 1612 2961 vero
1638 2927 1824 2971 piissimus
1843 2927 1906 2960 im-

172 2978 319 3022 perator
337 2978 382 3011 ad
400 2988 526 3012 omnes
545 2980 747 3023 episcopos,
766 2980 829 3023 qui
849 2979 1126 3014 chalcedonensi
1154 2981 1294 3025 synodo
1323 2981 1535 3021 interfuere,
1553 2981 1672 3014 voluit
1690 2991 1746 3014 me
1773 2980 1908 3023 scripta

174 3030 343 3075 dirigere,
362 3030 495 3074 quibus
516 3042 610 3075 quae
627 3032 706 3066 illic
725 3034 811 3066 sunt
829 3032 992 3074 definita,
1011 3032 1206 3074 firmarem,
1225 3034 1385 3068 libenter
1402 3034 1566 3079 implevi,
1594 3044 1638 3067 ne
1657 3032 1768 3066 fallax
1789 3033 1905 3077 eujus-

172 3083 272 3127 piam
292 3082 479 3118 simulatio
497 3085 720 3119 sententiam
740 3097 859 3119 meam
877 3086 1030 3119 haberet
1047 3088 1258 3121 incertam.‘
