2175 3382
930 148 966 180 et
983 156 1151 190 suprema
1169 147 1233 180 est.
1859 148 1945 191 419

215 267 469 310 auctoritate
492 266 629 316 major
650 278 738 306 non
770 270 845 314 est,
871 265 1076 318 judicium
1100 277 1125 305 a
1147 265 1317 305 nemine
1339 264 1428 305 fore
1450 265 1778 314 retractandum,
1809 275 1946 317 neque

216 341 414 391 cuiquam
438 337 489 378 de
512 337 601 390 ejus
624 337 750 378 licere
767 336 960 389 judicare
977 335 1147 388 judicio.
1190 334 1330 386 Quare
1363 346 1388 375 a
1420 339 1535 375 recto
1568 336 1756 376 veritatis
1778 337 1946 376 tramite

216 409 429 456 aberrant,
454 409 523 461 qui
546 407 770 457 affirmant,
791 407 918 448 licere
942 418 967 446 a
983 406 1150 458 judiciis
1172 418 1449 446 romanorum
1473 405 1715 457 pontificum
1740 405 1793 446 ad
1816 418 1946 447 oecu-

217 481 429 522 menicum
446 479 670 520 concilium
693 483 912 531 tamquam
935 477 989 518 ad
1011 477 1309 518 auctoritatem
1332 489 1510 517 romano
1534 476 1733 528 pontifice
1756 477 1946 529 superio-

215 564 306 593 rem
330 551 576 604 appellare.“

337 655 430 688 399.
453 648 592 685 Paucis
615 647 677 684 hic
699 646 929 695 attingenda
950 647 1009 683 est
1029 645 1193 683 celebris
1215 645 1284 682 diu
1301 657 1344 682 ac
1359 644 1521 681 subinde
1538 644 1677 681 acriter
1692 644 1842 693 agitata
1856 657 1945 681 con-

214 707 404 746 troversia
425 708 469 744 de
491 707 758 755 superioritate
788 707 944 742 romani
968 706 1162 753 pontificis
1191 717 1306 753 super
1335 704 1545 753 concilium,
1579 703 1777 751 quaejam
1797 703 1947 751 pridem

215 767 409 815 dirempta
439 765 515 803 dici
542 765 685 814 potuit,
725 764 793 802 sed
823 765 970 801 iterum
1000 764 1129 801 decisa
1160 765 1218 800 est
1248 763 1403 800 concilii
1435 762 1667 800 vaticani
1700 762 1946 799 auctoritate.

215 826 345 863 Prima
366 824 512 862 semina
535 823 737 873 oppositae
768 823 984 861 sententiae
1014 823 1060 860 de
1091 822 1367 871 superioritate
1398 821 1655 859 conciliorum
1690 833 1734 857 ex
1766 820 1948 858 universa

213 884 384 922 Ecclesia
405 885 730 933 congregatorum
742 879 772 935 1)
805 895 924 931 supra
953 894 1158 920 romanum
1192 880 1415 930 pontificem
1438 881 1661 929 comparent
1682 891 1752 916 sec.
1775 880 1877 918 XIII.
1900 880 1947 916 ad

214 943 330 980 finem
362 944 549 992 vergente
581 945 757 990 tempore
789 944 827 978 et
857 942 1054 979 occasione
1086 939 1238 977 dissidii
1268 940 1372 977 inter
1396 938 1637 976 Bonifatium
1660 938 1762 976 VIII.
1797 940 1836 976 et
1857 938 1947 975 Phi-

213 1002 367 1051 lippum
390 1002 536 1039 Galliae
559 1013 691 1050 regem
713 1000 875 1038 celebris
897 1012 989 1038 vero
1011 999 1134 1037 evasit
1155 999 1269 1036 initio
1292 998 1415 1036 seculi
1437 997 1516 1035 XV.
1539 997 1736 1034 occasione
1760 997 1947 1034 schisma-

212 1061 266 1099 tis
289 1061 548 1098 occidentalis.
571 1060 718 1097 Idcirco
739 1072 830 1097 vero
852 1060 946 1097 tunc
966 1057 1156 1107 temporis
1178 1058 1311 1106 plures
1333 1058 1374 1094 in
1397 1070 1480 1094 eam
1503 1057 1685 1094 abierunt
1699 1056 1947 1103 sententiam,

214 1120 320 1168 quod
341 1120 516 1157 medium
538 1118 644 1156 aliud
667 1119 714 1156 ad
735 1118 955 1155 tollendum
976 1116 1251 1155 tristissimum
1265 1116 1430 1154 schisma
1442 1128 1519 1153 non
1533 1116 1761 1164 reperirent,
1785 1115 1949 1164 ideoque

214 1179 313 1216 hanc
335 1179 652 1227 superioritatem
674 1177 893 1215 defendisse
915 1189 992 1214 non
1014 1177 1200 1214 videntur
1220 1176 1299 1214 nisi
1320 1188 1389 1224 pro
1411 1187 1503 1212 casu
1524 1175 1741 1212 schismatis
1758 1174 1839 1212 sive
1853 1187 1949 1223 pon-

212 1238 328 1275 tificis
363 1238 515 1275 incerti.
566 1237 679 1274 Illam
714 1236 854 1274 deinde
895 1236 1092 1273 illimitate
1134 1236 1241 1273 ultro
1292 1234 1462 1283 amplexi
1512 1235 1606 1271 sunt
1646 1234 1947 1280 richeriani,

214 1297 259 1334 fe
272 1297 296 1334 b
308 1310 328 1334 r
339 1309 360 1334 0
372 1296 419 1334 ni
430 1310 451 1334 a
461 1297 525 1342 ni,
559 1309 578 1333 r
589 1309 609 1333 e
620 1309 646 1345 g
657 1296 726 1333 ali
740 1298 818 1332 sta
829 1308 848 1332 e
880 1297 962 1341 etc.,
996 1296 1211 1332 secundum
1242 1307 1338 1343 quos
1370 1295 1540 1343 potestas
1563 1292 1819 1330 ecclesiastica
1839 1293 1948 1342 prin-

214 1356 379 1405 cipalius
402 1358 441 1393 et
461 1355 716 1399 immobilius,
739 1357 786 1391 ut
807 1355 929 1403 ajunt,
952 1354 1096 1391 residet
1117 1354 1159 1391 in
1180 1353 1362 1398 Ecclesia,
1386 1365 1430 1390 ex
1454 1365 1533 1400 qua
1546 1352 1587 1389 in
1599 1351 1825 1401 pontificem
1839 1352 1949 1389 velut

214 1415 257 1452 in
279 1416 397 1464 caput
417 1414 684 1459 ministeriale,
719 1414 886 1461 ideoque
917 1413 994 1462 ipsi
1014 1413 1207 1450 Ecclesiae
1229 1412 1453 1458 obnoxium,
1485 1411 1690 1448 redundet.
1732 1411 1949 1448 Fatendum

214 1476 346 1511 tamen
369 1476 439 1519 est,
462 1475 616 1522 praeter
638 1473 705 1510 hos
729 1473 844 1510 etiam
868 1473 962 1510 alios
985 1473 1197 1522 theologos,
1221 1471 1454 1520 praesertim
1476 1470 1699 1520 gallicanos,
1734 1470 1886 1507 innixos
1907 1470 1949 1507 in

213 1533 352 1582 primis
375 1532 528 1570 concilii
550 1532 848 1570 constantiensis
871 1531 1036 1569 decretis
1057 1531 1173 1576 tueri,
1196 1531 1251 1568 ita
1271 1543 1475 1568 romanum
1488 1529 1710 1578 pontificem
1726 1541 1808 1566 esse
1831 1541 1950 1577 super

214 1592 377 1629 concilia
397 1591 661 1640 particularia,
684 1593 731 1628 ut
751 1593 881 1628 tamen
905 1591 957 1628 sit
979 1591 1180 1638 subjectus
1204 1590 1350 1639 synodo
1383 1588 1617 1632 universali3
1653 1601 1770 1636 quam
1805 1588 1947 1626 doctri-

214 1664 304 1688 nam
324 1651 505 1700 probavit
527 1651 654 1687 clerus
676 1650 972 1699 gallicanus
994 1650 1036 1686 in
1057 1649 1200 1687 famosa
1223 1648 1482 1686 declaratione
1504 1661 1536 1685 a.
1564 1653 1671 1688 1682
1696 1649 1766 1684 art.
1792 1653 1826 1686 2.

333 1732 479 1770 Verum
500 1734 591 1781 post
613 1733 912 1770 declarationem
935 1732 1089 1770 concilii
1111 1732 1339 1769 vaticani
1362 1731 1523 1768 dubium
1548 1743 1627 1768 non
1650 1732 1719 1776 est,
1742 1742 1947 1768 romanum

214 1792 450 1840 pontificem,
484 1804 575 1829 sane
607 1794 768 1836 certum,
804 1792 977 1841 legitime
1008 1792 1187 1837 electum,
1222 1791 1422 1828 viventem
1457 1788 1510 1842 (si
1543 1790 1647 1827 enim
1680 1789 1854 1838 pontifex
1890 1791 1949 1827 est

215 1853 398 1888 mortuus
420 1851 483 1887 vel
506 1850 661 1896 dubius,
697 1851 772 1887 alia
802 1850 903 1887 foret
934 1847 1139 1903 quaestio),
1172 1863 1254 1887 esse
1286 1862 1403 1898 super
1433 1849 1693 1898 quodcunque
1726 1849 1945 1894 concilium,

214 1910 308 1946 licet
329 1921 604 1955 numerosum3
640 1910 707 1946 sed
728 1922 854 1958 neque
877 1910 1043 1946 dubium
1066 1922 1150 1947 esse
1171 1910 1324 1958 poterat
1345 1910 1436 1958 post
1458 1908 1726 1945 definitionem
1757 1907 1946 1945 floren-

215 1969 385 2014 tinam,
410 1981 510 2017 quae
533 1969 568 2005 ei
590 1969 730 2005 asserit
752 1969 952 2017 plenam
975 1970 1209 2019 potestatem
1230 1968 1425 2017 pascendi,
1453 1967 1615 2017 regendi
1636 1979 1679 2004 ac
1700 1966 1948 2016 gubernandi

215 2028 567 2065 universalem
589 2028 820 2065 Ecclesiam:
853 2041 941 2064 nam
964 2028 1115 2077 plena
1144 2040 1219 2065 non
1242 2030 1302 2064 est
1322 2028 1511 2075 potestas.
1544 2039 1642 2074 quae
1666 2026 1860 2074 superiori
1891 2027 1949 2063 est

216 2087 392 2132 obnoxia,
415 2087 476 2123 vel
500 2099 599 2134 quae
623 2099 662 2123 se
685 2099 762 2124 non
785 2087 960 2124 extendit
982 2087 1023 2123 in
1045 2086 1342 2124 universam
1363 2085 1577 2123 Ecclesiam
1593 2082 1687 2137 (quo
1701 2085 1856 2128 nomine
1871 2097 1948 2122 non

214 2145 471 2195 designantur
492 2146 682 2183 Ecclesiae
704 2146 957 2194 particulares
980 2146 1328 2182 distributive
1350 2148 1539 2194 acceptae,
1576 2144 1643 2181 sed
1666 2143 1948 2181 collective

216 2206 394 2253 sumptae
417 2206 456 2241 et
477 2207 672 2252 quatenus
694 2205 735 2241 in
757 2218 880 2242 unum
904 2205 1122 2242 coalescunt
1136 2205 1277 2242 Christi
1291 2202 1422 2257 ovile),
1447 2204 1513 2241 sed
1528 2203 1738 2252 subjicitur
1751 2205 1948 2252 tamquam

216 2263 410 2312 superiori
432 2264 624 2300 tribunali
646 2264 916 2313 episcoporum
939 2264 1077 2304 coetui.
1119 2265 1255 2312 Neque
1279 2263 1446 2300 dubium
1468 2275 1549 2300 esse
1571 2264 1725 2311 poterat
1746 2265 1835 2310 post
1856 2262 1945 2299 bul-

215 2323 291 2359 lam
315 2322 499 2360 Leonis
522 2322 566 2362 X.
597 2323 638 2359 in
660 2335 763 2360 conc.
787 2323 1113 2360 lateranensi
1136 2323 1178 2361 V.
1213 2323 1368 2368 editam,
1402 2335 1478 2370 qua
1499 2322 1658 2358 statuit:
1691 2347 1708 2365 »
1722 2322 1855 2358 Solum
1886 2333 1947 2358 ro-

216 2394 375 2418 manum
397 2381 622 2430 pontificem
644 2394 713 2430 pro
736 2384 913 2431 tempore
935 2382 1189 2419 exsistentem
1211 2384 1411 2429 tamquam
1435 2380 1711 2417 auctoritatem
1734 2392 1852 2430 super
1865 2392 1947 2417 om-

215 2440 280 2477 nia
303 2440 467 2477 concilia
489 2440 693 2478 habentem
717 2443 799 2477 tam
823 2441 1072 2478 conciliorum
1094 2440 1401 2484 indicendorum,
1425 2439 1784 2476 transferendorum
1807 2452 1850 2477 ac
1870 2439 1947 2476 dis-

217 2499 493 2536 solvendorum
516 2499 674 2547 plenum
694 2500 761 2548 jus
785 2512 828 2536 ac
848 2502 1084 2548 potestatem
1108 2500 1263 2545 habere,
1298 2499 1444 2535 nedum
1476 2511 1495 2535 e
1529 2511 1558 2535 s.
1582 2498 1808 2546 Scripturae
1838 2498 1947 2535 testi-

215 2558 356 2603 monio,
389 2558 503 2595 dictis
537 2570 584 2595 ss.
617 2560 772 2606 patrum
805 2570 847 2595 ac
870 2558 1035 2595 aliorum
1058 2570 1151 2595 rom.
1185 2557 1426 2606 pontificum,
1462 2557 1577 2594 etiam
1611 2557 1945 2606 praedecessorum

216 2619 440 2654 nostrorum
462 2629 736 2665 sacrorumque
759 2630 948 2654 canonum
971 2617 1147 2662 decretis,
1172 2617 1239 2654 sed
1261 2617 1417 2665 propria
1438 2616 1554 2654 etiam
1577 2616 1789 2654 eorundem
1820 2615 1945 2654 conci-

215 2675 357 2713 liorum
383 2676 624 2713 confessione
646 2676 850 2713 manifeste
865 2678 1027 2713 constat.
1039 2681 1054 2699 «
1085 2676 1109 2713 J
1113 2688 1181 2713 ure
1195 2688 1286 2725 ergo
1301 2676 1551 2712 damnaverat
1564 2675 1678 2712 Alex
1689 2676 1830 2712 ander
1845 2674 1945 2712 VIII.

215 2747 322 2783 prop.
349 2740 422 2774 29:
448 2735 618 2779 »Futilis
641 2736 679 2772 et
701 2735 818 2772 toties
842 2735 1028 2772 convulsa
1049 2736 1110 2771 est
1130 2734 1293 2772 assertio
1323 2734 1518 2783 pontificis
1539 2735 1688 2771 romani
1720 2747 1835 2783 super
1857 2746 1945 2771 con-

217 2793 347 2830 cilium
373 2794 664 2831 oecumenicum
687 2794 920 2830 auctoritate
952 2796 1068 2841 atque
1100 2793 1142 2830 in
1172 2793 1272 2830 fidei
1291 2793 1588 2842 quaestionibus
1620 2793 1942 2831 infallibilitate«

364 2947 386 2991 ¹)
406 2946 489 2980 Non
516 2947 670 2981 dicimus
689 2947 927 2981 conciliorum
946 2949 1270 2989 oecumenicorum,
1289 2948 1377 2992 quia
1395 2948 1588 2982 concilium
1620 2948 1764 2992 proprie
1783 2958 1946 2981 oecume-

219 3001 343 3033 nicum
361 3000 522 3034 includit
538 3011 730 3034 romanum
748 3000 972 3044 pontificem,
990 3010 1109 3043 neque
1127 3001 1226 3034 enim
1243 3004 1297 3035 est
1314 3012 1397 3035 vere
1425 3003 1706 3041 oecumenicum,
1735 3001 1764 3034 si
1792 3001 1846 3034 est
1873 3013 1945 3034 ace-

212 3053 386 3096 plzaltm2;
404 3063 516 3096 quare
535 3054 703 3096 quaestio
721 3054 843 3087 minus
861 3054 946 3097 apte
964 3054 1196 3097 proponitur,
1216 3054 1244 3087 si
1264 3055 1466 3098 quaeritur,
1484 3066 1572 3087 num
1593 3053 1788 3087 concilium
1815 3065 1834 3087 Ο
1847 3064 1865 3086 e
1878 3065 1895 3087 e
1907 3066 1946 3087 u-

217 3117 252 3139 m
266 3116 284 3139 e
296 3117 319 3138 n
331 3105 343 3139 i
355 3116 406 3139 cu
420 3118 457 3139 m
475 3106 522 3140 sit
541 3117 650 3150 supra
667 3116 859 3140 romanum
877 3106 1100 3150 pontificem.

1662 3167 1721 3200 27·
