2175 3382
236 181 292 219 354
555 173 672 207 Tracf.
695 174 717 208 I.
737 172 918 217 Apologia
938 173 1040 215 relig.
1061 173 1186 207 christ.
1206 173 1333 206 'l'hesis
1353 173 1483 207 XVIII.
1503 173 1641 208 Invicta

238 294 320 333 tior
353 297 416 333 est
451 292 662 333 Ecclesiae
694 297 830 333 status
862 304 988 345 quam
1022 304 1207 344 unquam
1232 292 1347 334 alias,
1392 291 1514 333 Ratio
1548 294 1659 333 enim
1691 293 1900 335 habeatur
1930 308 1970 338 a.

237 364 471 405 unitatis
507 362 719 404 Ecclesiae
754 368 914 416 quanta
949 363 1208 415 conspiratio
1246 362 1428 403 fidelium
1464 375 1559 403 cum
1595 364 1682 404 suis
1717 364 1970 416 pastoribus,

237 434 509 475 sacerdotum
532 447 628 475 cum
653 435 873 487 episcopis,
907 434 1203 486 episcoporum
1236 446 1330 473 cum
1355 445 1534 474 romano
1559 434 1775 486 pontifice;
1808 436 1852 479 b.
1876 448 1970 476 au-

236 505 526 545 ctoritatis
563 505 790 557 spiritualis
826 505 991 545 romani
1028 503 1236 557 pontificis
1271 516 1401 556 penes
1437 504 1591 553 fideles,
1636 518 1676 549 c.
1715 506 1971 559 exempli,

243 576 353 628 quod
378 575 533 629 ubique
556 576 762 628 praebent
784 576 1000 628 praesules
1023 576 1268 628 peroptimi;
1301 577 1344 619 (l.
1377 575 1662 617 florentissimi
1685 580 1820 617 status
1843 577 1971 617 mis-

235 648 357 687 sion
373 660 398 687 u
412 660 473 694 m,
519 648 560 687 in
604 648 753 700 quovis
790 647 904 687 orbis
939 647 1105 698 angulo,
1149 661 1189 690 c.
1226 647 1474 687 ordinum
1511 647 1972 700 congregationumque

131 719 157 767 j,
189 707 420 766 subortas
452 731 528 770 pro
560 718 708 770 quavis
740 718 994 758 necessitate
1027 718 1198 768 sociali,
1235 719 1268 761 f.
1300 717 1620 759 liberalissimae
1652 718 1972 760 beneficen-

234 789 353 829 tiae
385 789 541 842 ubique
574 790 614 829 in
648 801 804 840 egenos
837 794 914 829 etc.
959 788 1045 829 Nisi
1077 801 1176 841 ergo
1209 788 1402 830 effectum
1436 789 1658 830 admittere
1682 789 1859 830 velimus
1881 790 1972 831 sine

238 872 371 900 causa
395 860 647 913 adaequata,
671 872 766 900 cum
790 860 900 900 vires
924 864 1073 900 contra
1097 860 1340 912 religionem
1359 860 1631 901 christianam
1657 865 1851 901 exsertae
1876 861 1972 901 viri-

243 930 320 971 bus
343 931 539 971 humanis
563 935 603 971 et
625 931 890 972 naturalibus
913 943 1016 972 sane
1040 931 1226 983 majores
1250 931 1422 972 fuerint:
1446 931 1664 972 dexteram
1690 943 1975 983 agnoscamus

241 998 558 1054 Omnipotcntis
580 1014 701 1043 suam
726 1002 902 1043 coelitus
924 1002 1182 1054 protegentis
1204 1001 1446 1042 Ecclesiam.

356 1106 421 1139 84.
447 1100 707 1137 Confirmatur
730 1101 952 1149 argumenti
974 1101 1031 1138 vis
1055 1101 1202 1149 triplici
1224 1100 1543 1138 consideratione.
1567 1102 1747 1138 Iueamus
1770 1101 1851 1140 scil.

358 1168 395 1211 l.
421 1172 751 1220 comparationem
772 1171 877 1208 inter
901 1171 1156 1209 christianam
1187 1172 1417 1221 religionem
1450 1174 1489 1208 et
1509 1173 1571 1209 tot
1597 1171 1747 1208 scholas
1769 1172 1831 1209 vel
1854 1171 1976 1220 philo-

237 1230 397 1278 sophica
430 1233 644 1279 systemata
673 1231 826 1278 aliaque
857 1231 1044 1268 instituta
1076 1231 1265 1275 humana3
1299 1229 1509 1268 Ecclesiam
1542 1230 1773 1268 catholicam
1804 1231 1908 1268 inter
1939 1233 1978 1268 et

234 1292 295 1326 tot
317 1289 483 1337 imperia
505 1290 598 1327 olim
620 1290 898 1327 florentissima
921 1293 1038 1339 atque
1062 1290 1350 1338 potentissima,
1375 1303 1473 1338 quae
1495 1303 1565 1338 pro
1589 1290 1711 1326 insita
1733 1289 1840 1327 omni
1860 1290 1975 1327 insti-

232 1349 324 1384 tuto
348 1348 517 1385 humano
535 1349 812 1395 mutabilitate,
828 1353 875 1386 ut
890 1350 1016 1398 liquet
1031 1350 1258 1387 inductione
1273 1349 1473 1398 completa,
1498 1349 1609 1386 nullo
1624 1349 1702 1386 fere
1718 1349 1977 1399 impugnante

236 1407 347 1444 hoste
371 1411 588 1445 senuerunt
610 1408 845 1457 demumque
869 1409 1040 1457 collapsa
1062 1410 1175 1446 sunt:
1200 1409 1291 1445 dum
1316 1408 1489 1445 Ecclesia
1511 1408 1648 1445 vlresit
1675 1420 1827 1456 semper
1849 1411 1888 1445 et
1911 1408 1977 1457 ju-

238 1466 423 1511 venescit,
449 1468 566 1514 atque
582 1468 796 1505 secundum
814 1468 1077 1505 substantiam
1093 1481 1246 1516 semper
1260 1471 1389 1505 manet
1401 1467 1673 1504 immutabilis.
1697 1467 1823 1511 Quare
1837 1467 1976 1516 religio

234 1525 461 1568 christiana,
486 1526 519 1563 si
542 1526 685 1564 fuisset
707 1528 808 1564 sicut
829 1528 898 1564 illa
920 1528 1152 1564 institutum
1176 1527 1401 1570 humanum,
1427 1529 1465 1563 et
1487 1527 1583 1575 ipsa,
1614 1526 1844 1576 impugnata
1865 1538 1976 1575 prae-

237 1584 383 1629 sertim,
407 1585 602 1634 gradatim
626 1585 818 1631 deficeret,
842 1587 1124 1636 languesceret,
1149 1588 1328 1636 vergeret
1350 1586 1391 1623 in
1413 1586 1632 1623 interitum.

353 1653 396 1695 ⁶3.
430 1656 671 1694 Advertatur
701 1658 931 1707 religionem
963 1658 1237 1702 christianam,
1272 1657 1474 1706 speciatim
1506 1657 1716 1694 Ecclesiam
1748 1656 1977 1693 catholicam

235 1727 314 1752 non
337 1715 505 1752 diffundi
526 1729 595 1764 per
617 1729 736 1753 unam
758 1719 912 1754 tantum
937 1717 1189 1766 provinciam,
1213 1717 1426 1765 regionem,
1447 1716 1668 1753 nationem:
1693 1715 1760 1752 sed
1784 1715 1976 1752 latissime

236 1785 328 1810 suos
352 1775 559 1812 extendere
581 1776 677 1813 fines
692 1779 910 1825 gentesque
925 1776 1067 1820 indole,
1085 1777 1208 1824 cultu,
1232 1776 1407 1813 moribus
1422 1775 1589 1812 maxime
1604 1774 1840 1820 differentes,
1865 1786 1978 1823 saepe

237 1832 341 1870 inter
364 1846 404 1870 se
426 1834 616 1879 inimicas,
642 1835 732 1872 sinu
755 1847 824 1872 suo
849 1835 1063 1884 complecti.
1108 1835 1191 1879 Quo
1222 1835 1346 1885 magis
1377 1847 1469 1872 vero
1502 1834 1760 1883 heterogenea
1782 1835 1877 1870 sunt
1899 1833 1976 1870 ele-

237 1895 379 1933 menta,
406 1906 424 1930 e
448 1893 592 1941 quibus
616 1894 748 1942 aliqua
770 1895 950 1932 coalescit
972 1894 1146 1940 societas,
1179 1907 1222 1932 eo
1246 1893 1406 1943 pronior
1427 1896 1487 1931 est
1509 1893 1556 1930 ad
1579 1893 1890 1933 dissolutionem.
1931 1892 1978 1929 In

237 1951 409 1988 Ecclesia
439 1954 571 1989 autem
602 1955 712 1990 tanta
744 1954 1026 1990 elementorum
1059 1954 1228 1991 varietas
1261 1953 1548 2001 diversitasque
1581 1951 1869 1990 conservationi
1891 1951 1976 2000 ejus

235 2023 316 2047 non
339 2011 580 2050 adversatur.

355 2080 397 2121 3.
423 2083 699 2120 Consideretur
721 2083 813 2120 haec
834 2083 1081 2133 impugnatio
1098 2096 1168 2121 seu
1182 2083 1315 2132 potius
1339 2083 1529 2127 odium,
1554 2083 1594 2119 in
1618 2095 1694 2130 quo
1709 2095 1752 2119 ea
1766 2081 1975 2127 radicatur,

236 2140 484 2188 aliquantum
507 2143 713 2187 attentius,
746 2144 806 2179 est
837 2143 940 2180 enim
963 2143 1257 2191 phaenomenon
1287 2142 1492 2179 unicum
1525 2141 1619 2178 adeo
1643 2143 1683 2178 et
1705 2141 1976 2190 singulare

234 2199 275 2236 in
299 2212 369 2237 suo
391 2213 544 2249 genere,
568 2203 614 2238 ut
636 2203 806 2250 nequeat
826 2202 1062 2239 naturaliter
1083 2201 1277 2250 explicari.
1320 2201 1391 2238 Est
1421 2201 1526 2238 enim
1557 2200 1690 2237 odium
1713 2210 1753 2240 a.
1776 2200 1976 2236 univer-

238 2260 343 2295 sale
366 2260 580 2308 subjective
603 2262 642 2298 et
664 2261 854 2310 objective
877 2261 900 2297 i.
925 2274 954 2298 e.
978 2261 1152 2298 omnium
1166 2273 1313 2306 eorum,
1338 2260 1407 2309 qui
1429 2272 1506 2297 non
1530 2262 1625 2296 sunt
1647 2258 1861 2303 christiani,
1886 2270 1978 2295 con-

234 2320 296 2354 tra
319 2331 443 2364 omne,
467 2320 571 2368 quod
594 2322 654 2357 est
676 2320 880 2369 proprium
902 2320 1020 2369 hujus
1042 2320 1265 2370 religionis;
1299 2322 1358 2356 est
1388 2317 1433 2359 b.
1455 2331 1700 2368 perenne,
1734 2330 1861 2355 comes
1883 2317 1975 2354 reli-

236 2377 362 2426 gionis
385 2378 618 2416 christianae
640 2379 937 2428 inseparabilis;
969 2381 1029 2416 est
1061 2389 1100 2420 (3.
1132 2379 1334 2416 intensum
1365 2382 1405 2416 et
1435 2391 1553 2427 quam
1584 2378 1749 2414 maxime
1776 2377 1976 2422 efficax,

234 2449 313 2473 non
335 2437 604 2483 theoreticum‚
639 2439 794 2483 sterile,
828 2438 932 2487 quod
955 2440 1105 2476 constet
1126 2441 1283 2476 tantum
1314 2438 1446 2486 aliqua
1473 2437 1732 2485 displicentia,
1756 2436 1976 2473 aversione:

238 2495 305 2531 sed
328 2498 389 2532 est
410 2497 525 2544 plane
547 2497 907 2545 implacabile,
932 2510 972 2534 se
994 2498 1164 2546 prodens
1186 2499 1308 2543 omni,
1344 2509 1420 2545 quo
1453 2509 1492 2533 se
1515 2496 1650 2533 odium
1672 2497 1712 2532 et
1733 2495 1887 2532 animus
1910 2495 1976 2532 ho-

237 2554 341 2591 stilis
365 2556 608 2593 manifestari
630 2559 771 2605 potest,
796 2556 931 2602 modo,
954 2559 1012 2593 est
1034 2554 1076 2597 (l.
1099 2557 1170 2594 hoc
1192 2557 1308 2594 etiam
1333 2568 1452 2593 sensu
1475 2555 1552 2592 sin
1566 2555 1716 2603 gulai
1726 2567 1766 2599 e,
1797 2554 1901 2602 quod
1924 2553 1977 2590 si-

236 2613 330 2650 mile
353 2614 485 2651 odium
508 2628 587 2652 non
608 2616 804 2664 r·epeiitur
826 2587 1011 2653 adveisus
1026 2616 1121 2653 alias
1137 2618 1260 2653 sectas
1282 2615 1357 2653 etsi
1373 2615 1504 2658 malas,
1529 2614 1627 2651 etsi
1618 2614 1769 2662 impias,
1793 2613 1888 2650 etsi
1879 2625 1976 2649 irra—

190 2672 212 2695 Γ*
234 2672 414 2717 tionales,
438 2686 515 2711 non
539 2675 725 2712 adversus
741 2675 997 2723 judaismum,
1022 2675 1472 2720 mohammedanismum,
1498 2673 1763 2718 budhismum,
1797 2671 1976 2721 paganis-

109 2697 201 2766 i
235 2744 342 2768 mum
366 2734 436 2769 etc.
480 2733 591 2770 Caret
612 2746 703 2771 vero
727 2744 768 2774 θ.
793 2735 945 2771 ratione
969 2733 1191 2778 sufficienti,
1224 2746 1351 2782 neque
1381 2732 1487 2770 enim
1509 2731 1646 2781 religio
1669 2730 1884 2769 christiana
1904 2730 1977 2767 ulli

155 2781 190 2811 χ
236 2790 355 2827 infert
377 2791 574 2836 damnum,
597 2793 810 2841 pertransit
831 2792 1107 2830 benefaciendo
1131 2792 1194 2843 (cf.
1217 2805 1254 2829 11.
1282 2798 1333 2834 68
1359 2789 1460 2843 ete).
1483 2791 1507 2828 J
1512 2804 1572 2828 am
1595 2802 1685 2828 vero
1707 2790 1858 2827 bellum
1880 2789 1976 2826 irre-

139 2818 164 2900 1
232 2850 511 2887 concilialibile
542 2851 693 2888 exsistit
725 2852 853 2889 solum
876 2852 979 2888 inter
999 2852 1205 2889 veritatem
1228 2854 1267 2889 et
1290 2851 1544 2895 mendacium,
1577 2849 1762 2887 virtutem
1786 2850 1825 2885 et
1846 2860 1977 2897 pecca-

161 2902 170 2936 3
234 2910 331 2944 tum.
356 2908 481 2953 Quare
504 2910 620 2946 aliter
642 2910 825 2959 explicari
848 2910 985 2958 nequit
1006 2911 1077 2948 hoc
1100 2911 1296 2962 odium,du
1329 2911 1384 2946 ita
1398 2910 1532 2954 dicam,
1555 2908 1799 2957 phaenom
1814 2921 1832 2945 e
1846 2920 1871 2944 n
1885 2907 1976 2953 ale,

235 2979 303 3004 seu
319 2968 397 3004 odii
421 2969 745 3018 mysterium,
769 2969 843 3006 nisi
868 2969 1036 3007 admisso
1058 2962 1258 3018 principi&
1269 2969 1372 3006 malo
1394 2971 1433 3005 et
1446 2967 1596 3012 rebelli,
1620 2967 1735 3015 quale
1748 2966 1849 3004 illud
1866 2966 1979 3004 docet

235 3026 323 3075 ipsa
345 3028 484 3077 religio
507 3027 730 3071 christiana,
755 3028 996 3065 contrarium
1019 3031 1058 3065 et
1080 3028 1283 3065 inimicum
1307 3028 1397 3072 Deo,
1421 3027 1462 3064 in
1484 3039 1561 3075 quo
1583 3026 1829 3063 mendacium
1850 3025 1975 3062 veluti

233 3085 474 3132 incarnatur,
510 3087 615 3135 quod
651 3086 843 3135 quidquid
878 3089 938 3124 est
965 3087 1035 3124 Dei
1070 3087 1309 3132 adversatur,
1342 3086 1435 3131 odit,
1459 3085 1720 3135 persequitur,
1744 3086 1783 3122 et
1805 3084 1851 3121 ad
1874 3084 1976 3121 idem

231 3145 367 3181 odium
391 3146 566 3183 homines
589 3146 663 3184 sibi
677 3146 936 3194 obsequentes
952 3146 1107 3183 excitat.
1130 3146 1213 3184 Hoc
1226 3145 1395 3182 admisso
1410 3144 1541 3182 omnia
1563 3157 1588 3181 n
1602 3143 1890 3181 atui-aliter
1912 3155 1976 3179 ex-
