2175 3382
779 86 1002 132 agnoscendi
1018 86 1153 121 librum
1170 86 1399 131 inspiratum.
1866 92 1947 133 13?

338 224 432 265 169.
457 218 818 263 Demonstratio
841 231 888 272 p.
913 217 1009 260 ΙΙΙ.
1052 216 1377 266 Demonstratio‚
1410 229 1491 269 qua
1515 222 1798 269 protestantes
1822 220 1941 261 testi-

216 291 404 332 monium
427 290 615 331 divinum
637 288 688 330 de
710 288 986 340 inspiratione
1008 287 1269 339 singulorum
1290 286 1494 328 librorum
1518 300 1597 340 ope
1622 289 1859 330 traditionis
1882 290 1943 331 hi-

216 362 398 403 storicae
420 359 702 412 comprobare
724 359 923 407 nituntur,
947 357 1097 410 triplici
1119 356 1284 398 defectu
1308 369 1443 410 eoque
1467 360 1582 410 gravi
1606 358 1793 400 laborat:
1817 366 1858 401 et

337 433 378 475 1.
411 431 579 484 quidem
610 433 896 482 protestantes
928 428 1007 469 sibi
1038 427 1344 477 contradicunt,
1385 433 1431 468 ut
1462 429 1723 470 ostendimus
1755 443 1792 470 n.
1829 435 1908 475 144
1920 435 1948 473 ·”.

217 502 487 544 Contendunt
500 501 613 542 enim
626 500 930 541 revelationem
945 510 1117 539 omnem
1139 499 1289 539 divinis
1311 499 1441 539 literis
1464 501 1681 556 contineri,
1705 501 1947 553 nullamque

216 573 306 626 ejus
319 572 570 625 particulam
585 570 822 612 traditionis
838 581 917 622 ope
933 568 1059 610 fuisse
1075 570 1381 610 transmissam.
1405 569 1493 610 Hac
1507 581 1608 610 vero
1632 570 1674 610 in
1697 572 1946 623 quaestione

214 655 268 684 ne
299 644 427 684 totius
457 641 700 694 Scripturae
731 640 1052 693 inspirationem
1083 640 1212 691 gratis
1235 639 1473 689 admittant,
1507 651 1747 692 supponere
1780 641 1945 683 debent.

216 719 336 756 extra
366 719 409 755 et
429 717 598 766 praeter
619 711 882 764 Scripturam
905 711 1016 752 hanc
1038 711 1189 751 saltem
1212 710 1431 751 doctrinae
1454 711 1669 751 revelatae
1694 712 1944 763 particulam

216 790 395 834 exstare.
427 796 536 837 quae
567 784 734 833 indicet,
767 783 940 836 quinam
962 794 1110 823 omnes
1141 782 1185 822 in
1216 786 1414 823 concreto
1438 783 1520 823 sint
1542 781 1636 822 libri
1658 782 1856 822 divinitus
1879 783 1942 822 in-

214 856 372 909 spirati,
395 867 575 908 eamque
598 855 749 896 saltem
774 865 854 906 ope
876 853 1112 894 traditionis
1136 853 1364 894 historicae
1387 865 1512 905 posse
1536 853 1747 904 cognosci.

333 928 374 970 2.
404 926 720 967 Demonstratio
743 925 851 966 haec
873 928 1095 977 praeterea
1126 929 1190 965 est
1220 923 1490 972 insufficiens,
1522 936 1622 964 nam
1653 936 1739 964 non
1772 929 1948 975 possunt

215 1001 500 1050 protestantes
533 997 613 1037 hac
644 998 713 1037 via
745 1000 917 1045 certo,
949 999 1066 1036 tuto
1099 1000 1140 1036 et
1166 995 1326 1048 absque
1349 995 1641 1036 controversia
1663 994 1948 1036 determinare

215 1079 399 1109 omnes
419 1067 550 1108 libros
573 1067 813 1119 inspiratos,
835 1070 881 1107 ut
903 1070 1019 1118 patet
1041 1077 1091 1106 ex
1114 1065 1247 1113 facto;
1270 1078 1353 1118 quo
1376 1065 1510 1117 magis
1525 1066 1636 1106 enim
1651 1066 1882 1117 gloriantur
1898 1078 1944 1107 se

214 1139 283 1179 via
297 1138 494 1180 incedere
508 1138 710 1179 historica
720 1142 774 1179 'et
794 1138 951 1186 critica,
972 1149 1023 1178 eo
1045 1137 1183 1177 minus
1199 1137 1250 1177 de
1266 1148 1431 1177 canone
1446 1137 1557 1177 inter
1571 1148 1617 1177 se
1632 1137 1888 1177 conveniunt
1904 1141 1949 1190 1).

333 1210 375 1252 3.
399 1208 507 1250 Dato
531 1210 658 1250 etiam
681 1221 806 1262 posse
830 1212 1114 1261 protestantes
1145 1208 1227 1248 hac
1258 1207 1327 1248 via
1361 1219 1509 1248 omnes
1542 1212 1583 1248 et
1608 1206 1793 1258 singulos
1815 1207 1946 1247 libros

214 1279 443 1331 inspiratos
458 1279 752 1329 determinare,
775 1291 862 1320 non
884 1283 996 1320 esset
1017 1283 1162 1319 tamen
1183 1279 1292 1319 haec
1314 1278 1539 1319 methodus
1559 1278 1756 1319 omnibus
1779 1290 1949 1318 accom-

214 1350 389 1391 modata
411 1355 454 1391 et
474 1363 499 1392 a
522 1350 688 1392 Christo
713 1363 788 1404 pro
813 1350 1010 1392 omnibus
1032 1350 1243 1392 instituta:
1277 1354 1340 1390 est
1368 1353 1480 1390 enim
1503 1350 1628 1390 nimis
1651 1348 1837 1397 difficilis,
1869 1349 1948 1388 im-

213 1420 350 1473 plexa,
375 1426 416 1462 et
437 1433 568 1474 sagax
590 1422 714 1474 plane
738 1422 863 1473 exigit
881 1421 1086 1473 judicium
1109 1421 1300 1461 criticum
1324 1420 1388 1475 (cf.
1412 1434 1449 1460 n.
1479 1424 1558 1465 116
1582 1433 1641 1474 s).
1683 1418 1823 1470 Quare
1846 1430 1950 1459 con-

215 1491 468 1533 cludendum
491 1497 554 1533 est
575 1493 667 1533 sola
689 1492 916 1533 traditione
941 1491 1128 1532 divina
1150 1503 1278 1532 sensu
1299 1490 1508 1531 catholico
1524 1490 1736 1531 intellecta
1751 1494 1949 1530 constare

213 1562 336 1604 nobis
358 1575 495 1615 posse,
520 1564 694 1616 quinam
716 1563 800 1604 sint
821 1563 915 1603 libri
939 1562 1137 1603 divinitus
1159 1562 1361 1614 inspirati.

183 1704 186 1708 .
337 1650 428 1691 170·
452 1646 620 1690 ThOSiS
652 1646 851 1689 XXXV·
897 1660 1056 1694 Canon
1085 1659 1438 1700 Scriptum-arum
1475 1668 1503 1692 a
1543 1659 1735 1692 concilio
1774 1658 1949 1692 triden-

188 1721 311 1753 ,ιῖηο
336 1729 442 1754 sess.
478 1720 522 1756 4.
556 1722 775 1761 sancitus,
813 1721 854 1754 si
889 1720 1143 1754 secundum
1175 1719 1416 1760 principia
1442 1718 1665 1752 catholica
1699 1719 1752 1752 cle
1788 1717 1946 1751 divina

215 1774 466 1808 traditione
501 1777 752 1816 spectatur,
782 1774 927 1816 plane
955 1774 1249 1808 authenticus
1285 1773 1460 1806 censeri
1495 1772 1650 1813 (lebet,·
1681 1772 1721 1805 si
1753 1780 1859 1805 vero
1886 1772 1952 1805 aa

214 1835 420 1867 rationes
454 1835 675 1868 scientiae
711 1834 990 1875 tleeoloyicae
1027 1834 1246 1875 exigatur,
1283 1833 1467 1866 sincera
1503 1834 1544 1865 et
1578 1831 1731 1872 fidelis
1767 1833 1832 1865 est
1869 1841 1947 1864 eas-

208 1893 389 1935 pressio
423 1893 555 1926 illius
586 1893 711 1934 fidei,
746 1902 862 1935 quae
891 1902 1074 1935 semper
1108 1894 1158 1926 in
1198 1892 1403 1926 Ecclesia
1434 1891 1543 1932 plus
1576 1891 1784 1924 minusve
1821 1891 1949 1923 clm-e

212 1953 423 1993 obtinuit,
448 1953 700 1995 sopitisque
726 1953 832 1986 hine
858 1953 966 1986 inde
993 1953 1164 1986 obortis
1190 1952 1344 1986 dubiis
1371 1952 1559 1985 demum
1582 1950 1865 1991 praee-aluit.

328 2020 689 2063 Demonstratio
719 2033 764 2075 p.
789 2021 829 2063 Ι.
874 2019 1222 2061 Demonstratum
1244 2024 1317 2069 est,
1349 2019 1587 2059 doctrinam
1610 2019 1852 2059 universam
1874 2029 1941 2058 re-

209 2090 393 2132 velatam
416 2091 660 2131 conservari
683 2102 757 2143 per
779 2091 1094 2132 successionem
1117 2090 1397 2143 apostolicam
1420 2090 1546 2146 (thesi
1567 2089 1725 2144 XXIII).
1750 2089 1876 2141 Atqui
1898 2089 1941 2128 in

211 2161 403 2214 deposito
426 2161 521 2203 fidei
544 2162 783 2203 continetur
805 2167 1023 2214 tamquam
1056 2174 1154 2214 pars
1186 2162 1229 2202 in
1260 2166 1349 2202 toto
1372 2161 1661 2202 testimonium
1684 2159 1869 2200 divinum
1893 2159 1946 2199 de

360 2302 384 2346 ¹)
404 2301 455 2336 Cf.
474 2302 685 2336 Perrone
702 2304 728 2338 t.
749 2306 770 2338 3
788 2303 871 2336 sect.
891 2302 1022 2347 prioris
1041 2313 1068 2336 c.
1091 2306 1107 2337 1
1127 2313 1232 2347 prop.
1249 2306 1280 2336 2.
1300 2302 1344 2336 Et
1365 2311 1490 2336 revera
1508 2302 1545 2335 in
1570 2300 1806 2344 antiquitat-is
1821 2310 1949 2333 monu-

213 2355 346 2389 ment-is
363 2355 573 2389 invenimus
591 2357 688 2390 eirca
708 2358 772 2390 131
794 2365 949 2389 canones
968 2356 1140 2390 diversos.
1177 2354 1263 2396 Quis
1291 2365 1376 2389 vero
1404 2355 1628 2399 gloriabitur
1657 2364 1692 2387 se
1711 2354 1789 2388 sola
1806 2354 1863 2387 via
1884 2352 1953 2386 cri-

213 2408 286 2442 tica
304 2408 596 2453 independenter
613 2421 634 2443 a
653 2409 866 2454 magisterio
884 2409 1069 2444 Ecclesiae
1089 2421 1131 2443 ex
1158 2411 1216 2443 tot
1243 2409 1397 2443 diversis
1426 2408 1626 2442 canonibus
1653 2408 1760 2441 tuto
1790 2409 1826 2441 et
1854 2420 1876 2451 p
1889 2416 1949 2440 er-

212 2473 231 2496 e
243 2473 313 2506 mp
325 2464 341 2496 t
352 2472 372 2495 0
383 2462 454 2496 rie
472 2472 554 2496 eum
574 2473 769 2507 agnoscere
785 2472 975 2504 canonem,
995 2463 1058 2506 qui
1072 2464 1198 2496 exacte
1217 2462 1353 2496 referat
1367 2461 1677 2507 praedicationem
1697 2460 1949 2505 apostolorum

213 2515 256 2549 de
273 2516 343 2549 hoc
361 2513 534 2560 dogma-te
551 2514 850 2549 fundament-ali?
877 2515 970 2549 Vere
997 2515 1094 2548 enim
1123 2514 1195 2548 dici
1215 2516 1339 2559 pot-est
1367 2515 1479 2548 dubia
1500 2515 1543 2548 de
1563 2524 1711 2549 canone.
1731 2513 1761 2547 si
1779 2515 1952 2557 magiste-

212 2568 311 2602 rium
338 2568 523 2602 Ecclesiae
552 2569 807 2602 authenticum
834 2568 1056 2614 negligatur,
1085 2578 1242 2602 crescere
1269 2568 1309 2601 in
1334 2568 1476 2602 rationo
1504 2566 1644 2601 directa
1671 2566 1784 2600 studii
1813 2565 1952 2599 critici:

212 2621 309 2664 quod
328 2622 509 2654 assertum
528 2621 648 2655 audax
663 2622 857 2655 confirmat
885 2621 931 2654 ad
955 2621 1179 2654 evidentiam
1208 2631 1323 2664 usque
1353 2620 1570 2664 quotidiana
1600 2619 1835 2663 experientia.
1868 2628 1945 2650 cun.

211 2675 273 2708 vix
288 2674 365 2719 jam
383 2675 543 2719 supersit
561 2674 662 2715 liber,
679 2674 766 2709 libri
784 2686 869 2720 pars
888 2675 952 2708 aut
969 2675 1091 2718 caput,
1110 2674 1317 2719 capitisque
1337 2685 1469 2710 versus.
1499 2674 1562 2717 qui
1582 2683 1654 2707 non
1682 2674 1720 2706 in
1752 2671 1948 2705 discrimen

211 2729 376 2761 vocetur.
410 2727 504 2761 Sane
523 2728 634 2762 etiam
654 2728 753 2772 quod
771 2728 952 2772 originem
968 2727 1147 2760 librorum
1165 2738 1191 2763 s,
1212 2727 1421 2771 Scripturae
1450 2728 1591 2772 spectat
1609 2725 1655 2759 ad
1674 2737 1704 2759 a.
1725 2735 1839 2768 usquc
1859 2726 1949 2758 1896

211 2781 423 2824 propositae
440 2780 541 2815 fuere
560 2782 783 2826 hypotheses
803 2782 870 2814 747
889 2782 970 2820 1539
989 2791 1056 2825 pro
1074 2779 1180 2814 libris
1202 2780 1242 2813 V.
1261 2780 1300 2814 T.
1319 2782 1356 2814 et
1375 2782 1443 2816 208
1462 2789 1525 2824 pro
1544 2779 1650 2813 libris
1668 2778 1712 2811 N.
1727 2778 1793 2817 T.),
1813 2789 1855 2811 ex
1870 2776 1946 2819 qui-

212 2834 280 2867 bus
293 2833 373 2877 jam
389 2836 458 2868 603
476 2835 652 2879 antiquae
671 2835 767 2869 sunt.
802 2833 857 2867 En
886 2844 998 2877 quam
1024 2844 1154 2878 parum
1183 2844 1308 2867 secura
1326 2833 1385 2867 via
1402 2843 1499 2867 mere
1517 2832 1656 2866 critica.
1693 2831 1745 2866 Cf.
1767 2830 1945 2864 Katholik

216 2888 316 2922 1896.
334 2885 361 2926 Ι,
381 2889 465 2925 304;
495 2888 643 2921 Franz
656 2887 757 2922 elin
774 2886 868 2921 thes.
889 2892 907 2921 5
927 2897 991 2921 ss:
1021 2885 1280 2931 Beleuchtung
1300 2886 1363 2920 der
1381 2885 1618 2920 Vorurtheile
1639 2885 1750 2918 wider
1770 2884 1827 2917 die
1846 2882 1948 2915 kath.

215 2938 347 2973 Kirche
374 2939 560 2973 Lucernae
590 2942 678 2974 1843
702 2942 729 2974 t.
752 2944 767 2974 1
789 2952 822 2984 p.
843 2943 862 2973 2
880 2950 966 2984 pag.
989 2942 1051 2974 125
1072 2950 1136 2977 ss.;
1164 2940 1196 2972 t...
1218 2942 1239 2973 2
1259 2952 1292 2984 p.
1325 2944 1341 2974 1
1369 2950 1453 2983 pag.
1486 2941 1550 2972 190
1570 2950 1627 2971 ss..
1655 2937 1719 2970 ubi
1748 2935 1950 2969 afferuntur

213 2991 429 3027 testimonia
446 2992 743 3027 doctissimorum
758 2993 922 3027 virorum
951 2992 1235 3037 protestantium
1265 2993 1525 3027 necessitatem
1543 2990 1755 3025 traditionis
1776 2988 1951 3022 confiten-

213 3046 308 3080 tium
327 3056 392 3091 pro
411 3047 645 3090 agnoscenda
658 3046 902 3091 inspiratione
920 3058 947 3080 s.
967 3045 1187 3090 Scripturae.
1227 3044 1279 3079 Cf.
1300 3046 1333 3079 H
1345 3046 1386 3080 ei
1399 3046 1472 3079 nri
1486 3056 1501 3078 c
1514 3045 1535 3078 h
1557 3046 1575 3089 ξ
1594 3046 1650 3078 70.
