2175 3382
0 346 152 439 3:2⁸3„

178 156 260 195 25⁸³
596 147 651 180 Tr.
676 147 732 180 ιιι.
753 147 803 180 De
825 145 996 181 Ecclesia.
1017 144 1146 178 'rhesis
1167 144 1254 179 ι,ιι’,
1278 149 1326 176 ie
1345 143 1488 186 objecto

177 269 343 308 divinae
366 266 560 307 tontibus.
604 263 751 306 Omnis
774 266 887 306 enim
910 265 1022 305 circa
1051 263 1321 304 revelationis
1344 261 1512 301 divinae
1545 260 1683 301 sontes
1715 260 1802 300 sive
1835 271 1909 299 ca-

177 339 292 380 nale·
317 350 339 379 e
387 351 436 379 or
459 338 565 411 Ἧι
587 337 916 408 (ἢρίἱειιιξῦιιᾙᾶ
939 337 949 377 i
983 350 1002 377 s
1036 333 1370 403 mffleQnis
1394 332 1645 406 depqs'iffl.

296 408 422 462 Sequi
444 422 492 450 ur
523 411 564 452 2.
630 408 828 449 cclesiam
861 419 953 448 esse
987 420 1027 447 in
1047 405 1242 448 allibilem
1287 406 1326 445 in
1365 401 1672 456 componendis
1704 413 1910 442 enarran-

177 480 324 532 disque
346 478 550 533 symbolis
572 483 613 519 et
636 477 874 519 canonibus
897 477 1168 529 dogmaticis:
1204 476 1319 516 hisce
1343 475 1454 514 enim
1478 473 1603 514 docet
1625 471 1780 522 fideles,
1811 471 1909 525 quid

177 550 410 591 revelatum
434 550 614 602 ideoque
637 548 735 602 quid
759 548 1017 589 credendum
1041 548 1106 595 sit,
1130 547 1263 599 iisque
1286 545 1469 586 consulit
1490 544 1640 585 unitati
1665 542 1771 584 fidei.

296 620 494 674 Sequitur
528 621 569 663 3.
606 619 967 696 Ecclesiffisse
1003 617 1261 687 mfflfflleffi
1304 617 1345 656 in
1380 615 1640 667 explicandis
1675 614 1912 667 praeceptis

178 693 409 733 moralibus
432 697 471 733 et
494 692 679 733 consiliis
703 690 895 742 evangeli
924 703 969 737 is,
1002 701 1098 730 cum
1126 689 1232 729 haec
1257 698 1425 740 quoque
1448 686 1590 726 divina
1613 686 1911 727 contineantur

177 762 448 803 revelatione.

297 848 393 889 275.
416 843 779 887 Demonstratio
802 856 850 897 p.
870 843 934 885 II.
958 841 1191 882 Erroneum
1215 841 1340 893 plane
1363 845 1427 881 est
1449 839 1675 888 affirmare,
1698 838 1912 880 Ecclesiae

179 915 514 957 infallibilitatem
536 925 581 954 se
603 913 656 954 ad
671 924 721 954 ea
737 918 903 953 tantum
917 914 1146 964 porrigere,
1169 923 1278 964 quae
1301 911 1420 950 imm
1434 909 1616 951 ediate
1640 914 1682 950 et
1703 909 1917 951 directe

180 987 321 1028 divina
335 986 605 1026 continentur
618 983 879 1025 revelatione
900 985 941 1038 ¹).
965 982 1214 1023 Tenendum
1230 982 1341 1023 enim
1366 981 1540 1022 omnino
1564 986 1639 1029 est,
1662 992 1757 1022 eam
1781 980 1916 1033 primo

180 1057 349 1111 quidem
373 1062 414 1098 et
435 1055 680 1096 immediate
704 1054 850 1095 referri
882 1054 937 1095 ad
967 1053 1240 1094 revelationis
1263 1052 1515 1104 depositum,
1547 1051 1787 1093 seeundo
1813 1063 1915 1093 vero

179 1128 313 1180 gradu
344 1132 386 1168 et
416 1127 652 1168 mediate
675 1125 729 1166 ad
753 1137 804 1167 ea
827 1125 983 1174 omnia,
1006 1125 1097 1165 sine
1120 1123 1272 1177 quibus
1295 1123 1568 1164 revelationis
1591 1123 1830 1176 depositum
1851 1123 1917 1164 in-

180 1200 346 1240 colume
370 1204 411 1239 et
432 1198 536 1238 fides
558 1198 723 1249 integra
745 1196 908 1237 servari
929 1196 1087 1249 nequit,
1111 1206 1306 1248 quaeque
1322 1198 1548 1247 propterea
1571 1193 1786 1246 obiectum
1808 1192 1916 1234 indi-

179 1275 342 1311 rectum
374 1268 679 1310 infallibilitatis
711 1268 985 1310 constituunt.
1037 1266 1147 1308 Nam
1185 1265 1267 1315 ,ad
1302 1265 1542 1306 doctrinam
1576 1264 1683 1314 fidei,
1718 1265 1852 1318 inquit
1884 1277 1915 1305 s.

181 1340 412 1381 Thomas
446 1340 469 1380 l.
492 1344 531 1383 4.
553 1340 595 1380 in
623 1344 657 1383 1.
680 1339 774 1380 Cor.
802 1342 866 1388 11,
898 1338 1055 1391 aliquid
1086 1338 1270 1391 pertinet
1302 1337 1541 1389 dupliciter:
1575 1347 1660 1376 uno
1693 1335 1823 1376 modo
1855 1334 1919 1375 di-

181 1416 307 1460 recte,
329 1411 436 1452 sicut
459 1411 624 1452 articuli
645 1409 754 1459 fidei,
777 1412 848 1462 qui
869 1421 945 1462 per
966 1421 1011 1450 se
1035 1408 1234 1450 credendi
1248 1412 1565 1461 proponuntur;
1588 1406 1802 1459 quaedam
1816 1417 1917 1447 vero

181 1482 396 1531 indirectee
427 1483 469 1522 in
502 1485 707 1534 quantum
740 1493 792 1522 ex
823 1480 1050 1532 negatione
1082 1492 1230 1521 eorum
1262 1479 1452 1532 sequitur
1478 1477 1635 1530 aliquid
1657 1477 1918 1518 eontrarium

181 1553 309 1596 fidet-¹
360 1553 450 1594 Hoc
472 1552 734 1605 postulatum
757 1551 923 1592 videtur
945 1551 1131 1599 evidens,
1165 1562 1287 1590 secus
1314 1549 1470 1590 frustra
1492 1549 1600 1590 haec
1622 1548 1921 1601 praerogativa

180 1624 394 1666 Ecclesiae
417 1624 564 1665 fuisset
587 1623 753 1666 collata.

298 1707 473 1748 Accedit
509 1709 549 1751 1.
585 1707 806 1760 persuasio
842 1707 1094 1759 practica
1125 1706 1350 1753 Ecclesiae,
1383 1716 1493 1757 quae
1525 1703 1605 1744 sibi
1631 1704 1700 1756 jus
1731 1709 1921 1756 potesta-

180 1785 351 1832 temque
374 1779 603 1820 vindicavit
617 1777 875 1819 decernendi
897 1778 1027 1818 etiam
1050 1776 1102 1817 de
1124 1777 1186 1826 iis,
1209 1787 1318 1828 quae
1341 1774 1587 1816 immediate
1611 1781 1651 1816 et
1673 1774 1831 1816 directe
1853 1785 1922 1815 re-

180 1850 392 1891 velatione
414 1862 502 1891 non
524 1850 805 1898 continentur,
829 1854 871 1889 et
890 1848 1061 1901 quidem
1071 1847 1232 1900 jndicio
1247 1846 1547 1899 peremptorio,
1571 1845 1746 1887 dubium
1760 1845 1921 1887 nullum

182 1920 462 1961 deliberatum
494 1920 776 1972 permittente
814 1919 974 1971 judicio
1010 1918 1152 1971 quoad
1187 1917 1486 1958 auctoritatem
1523 1917 1691 1970 aequali
1724 1917 1793 1965 illi,
1838 1928 1921 1969 quo

176 1990 339 2042 judicat
361 1995 402 2031 et
424 1990 604 2031 damnat
626 1991 828 2031 haereses
852 1991 954 2045 (suno
978 1990 1091 2030 enim
1114 1995 1263 2030 tenore
1295 1988 1347 2030 de
1378 1989 1445 2029 his
1477 1993 1519 2029 et
1551 1988 1643 2029 aliis
1669 1989 1924 2030 sententiam

183 2061 372 2118 profert),
394 2061 574 2114 ideoque
593 2061 750 2114 judicio
775 2060 1089 2101 infallibili:
1113 2065 1159 2101 ut
1181 2065 1298 2112 patet
1320 2071 1371 2100 ex
1389 2059 1559 2112 judiciis
1580 2063 1731 2100 contra
1747 2059 1924 2112 jansen-

182 2133 327 2173 sianos
351 2131 486 2181 editis,
510 2144 560 2172 ex
584 2144 766 2172 censura
788 2131 875 2172 lata
897 2131 1103 2172 adversus
1126 2131 1337 2184 synodum
1360 2130 1658 2183 pistoriensem
1682 2135 1724 2171 et
1746 2142 1798 2171 ex
1821 2142 1926 2171 con-

183 2204 264 2244 cilii
287 2204 734 2246 constantiensis
753 2203 911 2256 judicio
935 2202 987 2243 de
1003 2202 1224 2243 doctrinae
1243 2200 1687 2243 articulisWicleffi
1710 2200 1923 2249 etHuss‚

184 2274 236 2316 de
259 2275 410 2327 quibus
435 2286 487 2315 ex
508 2274 677 2315 Martini
691 2273 738 2317 V.
755 2274 1019 2327 praescripto
1042 2273 1332 2325 interrogandi
1354 2277 1452 2313 sunt
1474 2273 1512 2322 ii,
1535 2273 1606 2325 qui
1626 2272 1782 2313 horum
1804 2282 1923 2312 erro-

185 2358 278 2386 rum
301 2351 402 2386 sunt
423 2345 620 2398 suspecti.
644 2343 701 2386 Cf.
725 2358 761 2387 a.
786 2349 811 2389 6
834 2349 876 2385 et
905 2347 957 2388 11
983 2343 1307 2400 (Denzinger
1328 2343 1510 2418 Eanhm.
1527 2346 1623 2388 552.
1639 2344 1756 2397 555).
1779 2340 1921 2393 Quare

302 2417 345 2459 2.
371 2416 574 2457 damnata
598 2421 662 2457 est
683 2428 708 2456 a
731 2415 806 2456 Pio
829 2415 898 2458 IX.
922 2427 1041 2468 prop.
1064 2418 1121 2459 22
1144 2414 1314 2468 svllabi:
1354 2413 1597 2465 „Obligatio,
1619 2425 1704 2466 qua
1727 2412 1924 2454 catholici

184 2487 373 2539 magistri
404 2494 445 2528 et
478 2487 706 2539 scriptores
740 2487 914 2547 omnino
942 2486 1272 2537 adstringuntur.
1308 2490 1552 2526 coarctatur
1587 2485 1630 2525 in
1663 2484 1713 2525 iis
1747 2487 1925 2533 tantum,

332 2638 355 2673 ¹)
376 2633 428 2666 Ita
449 2644 526 2666 can.
546 2636 566 2669 9
587 2634 783 2667 schematis
804 2633 884 2667 cit.:
921 2633 980 2672 „Si
1007 2633 1089 2677 quis
1118 2633 1262 2674 dixerit,
1282 2605 1465 2667 Ecclesia-'e‘
1490 2631 1584 2666 infal
1603 2630 1802 2665 ibilita-t-em
1820 2630 1867 2664 ad
1884 2640 1928 2664 ea

183 2690 333 2721 tantum
350 2686 538 2730 restringi,
558 2696 651 2730 quae
671 2686 797 2720 divina
815 2686 1038 2720 revelatione
1056 2687 1305 2726 continentur,
1334 2696 1401 2720 nec
1428 2685 1474 2719 ad
1502 2684 1594 2718 alias
1623 2683 1735 2717 etiam
1753 2682 1927 2717 veritates

185 2739 344 2780 extendi,
358 2749 452 2782 quae
467 2740 675 2773 necessario
690 2739 939 2782 requiruntur‚
954 2746 996 2773 ut
1010 2738 1246 2774 revelationis
1260 2739 1470 2784 depositum
1484 2737 1672 2782 integrum
1687 2735 1928 2776 custodiatur,

185 2795 229 2827 A.
243 2792 299 2826 S.‘
319 2792 367 2827 Et
384 2792 423 2826 in
441 2802 518 2836 cap.
538 2793 558 2826 9
578 2792 774 2826 schematis
792 2793 853 2827 cit.
873 2792 1052 2836 leg-imus:
1091 2793 1307 2838 ,Objectum
1333 2791 1618 2825 infallibilitatis
1635 2791 1782 2824 tantum
1800 2791 1928 2834 patere

186 2847 368 2887 docemuS‚
387 2849 568 2889 quantum
586 2844 673 2879 fidei
691 2848 794 2889 patet
813 2845 1024 2889 depositum
1044 2849 1080 2880 et
1104 2846 1181 2891 ejus
1199 2846 1432 2880 custodiendi
1450 2844 1612 2878 officium
1629 2843 1804 2889 postulat,
1823 2843 1928 2877 adeo-

186 2911 257 2945 que
275 2898 574 2944 praerogativam
593 2898 887 2933 infallibilitatis.
906 2910 977 2942 qua
998 2899 1135 2933 Christi
1154 2899 1315 2933 Ecclesia
1332 2897 1459 2943 pollet,
1487 2897 1632 2932 ambitu
1650 2907 1714 2931 suo
1734 2895 1928 2941 complecti

185 2956 266 2988 tum
285 2952 497 2986 um‘versum
515 2952 583 2986 Dei
601 2953 751 2986 verbum
768 2951 985 2992 revelatum,
1013 2954 1093 2986 tum
1112 2952 1150 2986 id
1172 2963 1279 2986 omne
1297 2952 1398 2996 quod
1415 2951 1503 2985 licet
1519 2951 1559 2984 in
1577 2961 1614 2984 se
1632 2949 1837 2985 revelatum
1855 2960 1928 2984 non

186 3007 244 3047 sit,
263 3007 318 3041 est
336 3010 463 3039 tamen
481 3005 674 3050 ejusmodi,
692 3006 770 3039 sine
790 3015 862 3048 quo
880 3005 976 3039 illud
992 3007 1075 3040 tuto
1094 3005 1310 3045 conservari,
1331 3007 1432 3039 certo
1451 3014 1493 3038 ac
1511 3003 1700 3037 definitive
1719 3003 1766 3036 ad
1780 3003 1928 3037 creden-⁷

187 3060 274 3093 dum
290 3059 447 3104 proponi
465 3061 503 3092 et
519 3057 695 3103 explicari
715 3059 779 3091 aut
797 3060 925 3092 contra
943 3068 1080 3092 errores
1098 3058 1291 3092 hominum
1310 3068 1352 3091 ac
1369 3056 1453 3091 falsi
1482 3056 1643 3091 nominis
1667 3056 1840 3090 scientiae
1867 3066 1928 3100 op-

186 3113 386 3157 positiones
404 3111 526 3146 valide
544 3111 657 3146 asseri
678 3111 901 3155 defendique
920 3121 994 3145 non
1013 3111 1165 3156 possit.‘
