2175 3382
163 2118 271 2661 <malfia

289 145 367 185 114
548 139 663 172 'si-art.
689 139 710 173 l.
731 137 912 182 Apologia
931 137 1035 182 relig.
1056 137 1182 171 christ.
1205 136 1242 169 ln
1262 136 1357 170 Ecel.
1377 137 1472 172 cath.
1494 147 1577 170 vera
1596 136 1738 180 religio.

286 259 412 311 periri
444 259 485 299 in
517 258 586 298 illo
622 262 759 306 coetu,
791 257 857 297 cui
881 268 982 309 prae
1005 256 1155 297 ceteris
1180 256 1437 296 conveniunt
1469 255 1653 308 quinque
1676 256 1733 296 illi
1755 256 1860 297 radii
1883 258 2018 298 mani-

285 330 486 370 festantes
509 328 695 369 divinam
718 327 842 379 hujus
874 326 1086 378 religionis
1109 326 1315 378 originem
1339 326 1395 381 (n.
1421 327 1504 381 78).
1547 325 1674 379 Atqui
1696 326 1738 366 hi
1763 327 2020 368 comitantur

286 400 400 441 illum
424 404 592 440 coetum
616 403 792 445 tantum,
826 398 896 450 qui
918 397 982 438 vel
1014 397 1104 438 solo
1137 397 1332 448 apposito
1357 396 1634 438 catholico
1657 397 1807 449 quovis
1828 397 1971 438 seculo
1995 409 2020 438 a

286 470 456 523 reliquis
488 469 791 511 secernebatur
823 474 862 510 et
895 481 920 509 a
943 480 1026 520 quo
1051 479 1199 508 omnes
1222 466 1292 507 alii
1314 472 1462 508 coetus
1485 467 1606 520 lapsu
1630 469 1831 520 temporis
1853 467 2020 509 defece-

285 546 393 584 runt.
416 541 486 582 Ille
511 542 622 582 enim
647 546 721 588 est,
745 541 815 593 qui
838 545 925 579 tam
949 538 1095 591 rapide
1118 538 1249 579 crevit
1271 543 1312 578 et
1327 538 1495 591 quidem
1512 539 1790 580 conversione
1805 539 2021 592 gentilium

287 613 340 654 ad
371 612 496 654 fidem
529 610 694 655 Christi,
736 622 822 651 non
855 614 997 650 autern
1030 609 1266 650 defectione
1299 608 1352 649 ab
1376 608 1563 650 Ecclesia
1595 609 1942 661 praeexsistente‚
1977 614 2023 650 ut

285 689 428 725 sectae
461 683 647 735 reliquae
682 693 851 727 omnes;
884 680 951 721 ille
974 685 1049 728 est,
1081 680 1151 733 qui
1175 680 1376 720 immotus
1399 684 1544 720 manet
1565 685 1607 720 et
1628 680 1807 721 invictus
1829 679 1938 721 inter
1958 684 2024 721 tot

284 754 492 808 procellas
514 765 589 806 per
611 751 895 803 duodeviginti
913 751 1004 803 J'am
1026 749 1190 798 secula3
1214 750 1280 791 ille
1303 751 1452 803 quovis
1475 751 1618 792 seculo
1643 751 1748 792 alias
1768 756 1895 804 atque
1915 752 2023 794 alias

285 832 429 879 gentes
454 837 504 867 ex
526 824 725 866 barbarie
749 823 803 864 ad
826 834 968 864 mores
990 822 1202 863 humanos
1225 827 1266 863 et
1288 834 1418 874 saepe
1432 834 1532 863 vere
1554 822 1769 875 angelicos
1791 823 2024 875 promovit3

285 897 352 938 ille
375 908 544 949 semper
566 895 709 936 rutilat
731 899 965 947 martyrum
989 894 1193 945 sanguine
1216 898 1257 934 et
1278 891 1457 945 Spiritus
1479 893 1615 934 sancti
1637 893 1839 946 gloriatur
1860 894 2022 935 charis-

287 968 472 1010 matibus
495 972 536 1008 et
557 967 781 1009 miraculis.
805 965 954 1006 Merito
979 965 1076 1006 inde
1091 964 1216 1006 docet
1238 976 1355 1005 conc,
1370 965 1686 1005 vaticanum
1709 976 1810 1006 sess.
1825 968 1851 1009 3
1866 976 1959 1017 cap.
1975 968 2023 1009 3:

293 1039 381 1090 ,Ad
403 1038 541 1080 solam
563 1037 819 1078 catholicam
833 1035 1066 1077 Ecclesiam
1090 1047 1141 1076 ea
1164 1036 1376 1088 pertinent
1399 1036 1554 1083 omnia,
1577 1047 1686 1088 quae
1709 1035 1763 1076 ad
1786 1035 2024 1077 evidentem

287 1110 383 1151 fidei
414 1109 671 1151 christianae
694 1107 1014 1149 credibilitatem
1037 1112 1125 1147 tam
1148 1106 1280 1147 multa
1303 1111 1344 1147 et
1365 1111 1453 1147 tam
1476 1107 1583 1147 mira
1605 1106 1802 1147 divinitus
1824 1111 1922 1148 sunt
1943 1106 2024 1148 dis-

289 1182 438 1234 posita.
481 1179 591 1232 Quin
622 1180 749 1221 etiam
781 1178 967 1219 Ecclesia
998 1190 1073 1231 per
1104 1189 1149 1219 se
1172 1178 1274 1230 ipsa,
1307 1177 1361 1218 ob
1394 1189 1516 1218 suam
1547 1189 1700 1230 nempe
1731 1177 2023 1219 admirabilem

290 1251 653 1305 propagationem,
687 1250 886 1291 eximiam
917 1249 1186 1289 sanctitatem
1219 1253 1259 1289 et
1289 1247 1587 1289 inexhaustam
1618 1248 1662 1288 in
1685 1247 1880 1289 omnibus
1902 1247 2026 1289 bonis

289 1322 600 1364 fecunditatem.
624 1320 678 1362 ob
703 1320 958 1361 catholicam
980 1320 1187 1360 unitatem
1207 1319 1492 1372 invictamque
1515 1319 1800 1369 stabilitatem,
1823 1331 2025 1371 magnum

287 1393 503 1447 quoddam
536 1404 587 1433 ac
618 1396 870 1444 perpetuum
907 1396 969 1432 est
992 1391 1198 1431 motivum
1221 1389 1509 1431 credibilitatis
1533 1395 1574 1431 et
1596 1390 1764 1432 divinae
1786 1401 1889 1431 suae
1910 1389 2025 1442 lega-

287 1465 413 1505 tionis
436 1464 726 1504 testimonium
749 1461 1049 1514 irrefragabile.
1063 1470 1077 1486 ‘⁴

407 1538 489 1583 Qua
511 1538 688 1575 illatione
711 1539 827 1574 utens
850 1537 906 1574 ita
928 1536 974 1573 ad
996 1549 1079 1573 rem
1103 1536 1238 1574 scribit
1261 1536 1591 1585 Augustinus
1619 1548 1648 1574 c.
1671 1535 1786 1585 epist.
1809 1535 2026 1577 Manichaei

288 1611 405 1646 quam
428 1598 566 1635 dicunt
586 1596 851 1634 Fundamenti
872 1608 902 1633 c.
927 1603 973 1636 4:
1008 1595 1163 1639 »Multa-
1185 1597 1288 1641 sunt,
1324 1607 1422 1643 quae
1444 1595 1485 1632 in
1507 1596 1591 1644 ejus
1614 1595 1761 1645 gremio
1792 1607 1853 1632 me
1882 1594 2025 1643 justis-

287 1657 384 1695 sime
405 1660 564 1694 tenent:
586 1658 697 1694 tenet
719 1655 919 1693 consensio
941 1655 1177 1704 populorum
1201 1657 1318 1702 atque
1332 1654 1512 1703 gentium
1529 1669 1536 1693 :
1557 1656 1667 1691 tenet
1681 1653 1894 1691 auctoritas
1908 1653 2025 1690 mira-

286 1716 384 1754 culis
408 1716 598 1754 inchoata.
623 1727 689 1763 spe
711 1715 875 1757 nutrita,
901 1714 1062 1751 caritate
1085 1716 1209 1758 aucta,
1233 1715 1431 1750 vetustate
1453 1713 1626 1758 firmata3
1649 1715 1760 1750 tenet
1773 1713 1820 1750 ab
1834 1713 1922 1762 ipsa
1935 1713 2026 1750 sede

288 1775 399 1813 Petri
431 1775 659 1824 apostoli..
685 1804 691 1810 .
714 1786 840 1822 usque
874 1774 921 1810 ad
955 1776 1203 1822 praesentem
1238 1772 1506 1821 episcopatum
1540 1772 1729 1810 successio
1763 1771 2026 1817 sacerdotum3

285 1836 395 1872 tenet
416 1838 612 1883 postremo
636 1833 769 1882 ipsum
802 1833 1011 1870 catholicae
1043 1845 1195 1877 nomen,
1229 1831 1335 1880 quod
1356 1844 1434 1869 non
1457 1832 1540 1869 sine
1562 1843 1675 1869 causa
1696 1831 1801 1868 inter
1821 1833 1903 1868 tam
1924 1831 2028 1869 mul-

285 1897 345 1931 tas
376 1894 556 1931 haereses
589 1893 644 1930 sic
676 1893 750 1929 ist-a
783 1892 954 1929 Ecclesia
987 1892 1069 1929 sola
1100 1891 1287 1935 obtinuit,
1319 1892 1365 1927 ut
1397 1903 1486 1928 cum
1517 1903 1648 1928 omnes
1678 1889 1863 1928 haeretici
1893 1902 1932 1927 se
1963 1902 2026 1928 ca-

285 1953 452 1990 tholicos
473 1952 550 1989 dici
572 1952 708 1996 velint,
742 1951 947 1999 quaerenti
979 1953 1112 1988 tamen
1142 1950 1351 2000 peregrino
1384 1950 1515 1997 alicui,
1548 1950 1618 1987 ubi
1648 1949 1697 1987 ad
1718 1949 2029 1987 Catholicam

285 2012 552 2057 conveniatur,
584 2011 720 2047 nullus
754 2010 1040 2047 haereticorum
1074 2009 1134 2047 vel
1164 2009 1367 2046 basilicam
1398 2021 1509 2046 suam
1541 2009 1699 2046 domum
1731 2008 1872 2046 audeat
1894 2011 2026 2046 osten-

291 2071 393 2109 dere.
417 2071 496 2108 Ista
517 2082 609 2119 ergo
631 2071 692 2107 tot
713 2072 751 2106 et
775 2071 886 2107 tanta
907 2069 1077 2106 nominis
1100 2068 1308 2105 christiani
1330 2068 1530 2105 carissima
1542 2068 1699 2105 vincula
1713 2071 1817 2105 recte
1831 2067 2029 2105 hominem

286 2132 425 2168 tenent
457 2129 678 2166 credentem
709 2129 751 2165 in
772 2128 942 2166 Ecclesia
975 2127 1175 2171 catholica,
1209 2127 1363 2164 etiamsi
1385 2129 1546 2175 propter
1566 2129 1721 2164 nostrae
1743 2126 2029 2176 intelligentiae

286 2189 517 2227 tarditatem
548 2189 611 2225 vel
644 2188 748 2225 vitae
782 2188 967 2225 meritum
988 2187 1134 2224 veritas
1166 2186 1342 2223 nondum
1372 2198 1412 2223 se
1443 2186 1686 2234 apertissime
1717 2185 1936 2223 ostendat.<¹
1978 2185 2030 2223 Et

288 2250 436 2286 iterum
458 2248 505 2285 de
527 2247 649 2285 utilit.
673 2247 772 2284 cred.
797 2259 827 2283 c.
855 2254 903 2287 17
919 2259 927 2283 :
964 2247 1088 2291 „Cum
1111 2245 1238 2295 igitur
1259 2247 1417 2282 tantum
1439 2244 1633 2282 auxilium
1654 2245 1735 2289 Dei,
1758 2247 1915 2282 tantum
1936 2256 2028 2293 pro-

287 2308 434 2345 fectum
456 2307 710 2355 fructumque
730 2306 931 2343 videamus
947 2304 1008 2358 (in
1022 2304 1192 2342 Ecclesia
1215 2302 1432 2355 catholica),
1457 2304 1724 2341 dubitabimus
1746 2316 1815 2341 nos
1837 2304 1934 2352 ejus,
1956 2303 2028 2341 Ec-

289 2367 428 2404 clesiae
460 2366 624 2404 condere
655 2365 815 2415 gremio,
848 2377 949 2413 quae
986 2376 1111 2413 usque
1133 2363 1181 2400 ad
1205 2363 1487 2400 confessionem
1509 2363 1663 2413 generis
1686 2363 1848 2400 humani
1867 2362 1916 2400 ab
1937 2375 2028 2411 apo-

289 2426 425 2463 stolica
447 2425 535 2462 sede
556 2438 625 2474 per
647 2424 912 2462 successiones
934 2424 1214 2472 episcoporum,
1238 2422 1384 2459 frustra
1406 2422 1611 2460 haereticis
1633 2422 2028 2467 circumlatrantibus»,

291 2487 329 2521 et
361 2484 506 2533 partim
536 2483 663 2532 plebis
694 2484 821 2532 ipsius
847 2483 1008 2532 judicio,
1040 2482 1185 2531 partim
1218 2481 1472 2519 conciliorum
1502 2481 1705 2531 gravitate,
1737 2481 1880 2529 partim
1912 2480 2030 2518 etiam

291 2544 570 2580 miraculorum
592 2543 794 2590 majestate
817 2542 1022 2587 damnatis,
1046 2542 1202 2579 culmen
1224 2540 1471 2578 auctoritatis
1494 2540 1697 2578 obtinuit?
1729 2539 1802 2577 Cui
1821 2540 1928 2577 nolle
1948 2539 2030 2588 pri-

292 2615 373 2639 mas
395 2602 486 2639 dare
508 2603 571 2639 vel
595 2614 769 2639 summae
792 2601 964 2650 profecto
987 2600 1202 2649 impietatis
1225 2602 1294 2645 est,
1320 2600 1384 2637 vel
1403 2600 1628 2648 praecipitis
1651 2599 1907 2648 arrogantiae.
1930 2598 2030 2636 Nam

292 2661 324 2697 si
356 2661 465 2698 nulla
499 2663 603 2698 certa
635 2661 682 2697 ad
709 2660 938 2710 sapientiam
962 2660 1209 2707 salutemque
1243 2659 1382 2696 animis
1414 2658 1475 2695 via
1497 2660 1566 2704 est,
1589 2658 1667 2695 nisi
1689 2670 1775 2695 cum
1799 2668 1864 2694 eos
1885 2657 2030 2695 rationi

292 2720 481 2768 praecolit
511 2720 624 2758 fides:
660 2720 755 2768 quid
786 2722 843 2757 est
875 2719 984 2756 aliud
1013 2719 1213 2768 ingratum
1235 2730 1318 2755 esse
1340 2717 1404 2766 opi
1427 2720 1544 2766 atque
1567 2717 1709 2754 auxilio
1733 2716 1880 2762 divino,
1913 2729 2031 2766 quam

292 2781 402 2816 tanto
434 2778 564 2816 labore
598 2775 638 2831 (f.
662 2776 816 2830 robore)
849 2778 1047 2827 praeditae
1082 2777 1309 2815 auctoritati
1329 2777 1431 2813 velle
1449 2777 1688 2814 resistere‘?«
1732 2775 1786 2814 Cf.
1810 2775 1929 2812 etiam
1951 2787 1981 2813 c.
2006 2782 2027 2815 7

292 2838 525 2886 praesertim
555 2851 592 2874 n.
621 2844 682 2877 19.
725 2838 829 2875 Bene
851 2839 963 2875 notat
987 2838 1031 2874 cl.
1054 2838 1300 2881 Perrone,
1334 2835 1492 2872 nullum
1513 2835 1592 2872 fere
1625 2847 1708 2872 esse
1739 2836 2029 2884 argumentum,

294 2896 399 2946 quod
420 2896 649 2934 heterodoxi
670 2909 810 2945 urgere
825 2897 979 2933 valeant
1002 2896 1050 2933 ad
1073 2894 1350 2933 christianismi
1371 2894 1647 2938 defensionem,
1672 2894 1774 2942 quod
1789 2906 1868 2931 non
1880 2895 2031 2942 pugnet

294 2955 480 2993 adversus
501 2955 588 2992 illos
610 2967 679 3003 pro
700 2955 894 2992 Ecclesiae
926 2955 1137 2993 catholicae
1159 2953 1337 2990 veritate.
1362 2953 1413 2991 Cf.
1435 2952 1529 2990 Did
1544 2953 1620 2990 iot
1641 2953 1814 3002 Logique
1846 2954 2030 2989 sui-natu-

295 3015 403 3060 relle,
427 3015 539 3052 Paris
568 3020 689 3055 1891-

419 3080 511 3114 102.
535 3069 765 3114 Scholion
788 3070 828 3113 I.
858 3073 1049 3121 Expedita
1080 3071 1285 3121 religionis
1317 3071 1551 3108 christianae
1574 3071 1906 3108 demonstratione
1927 3069 2032 3107 haud

296 3133 440 3170 inutile
463 3133 549 3177 erit,
573 3132 763 3181 quaedam
786 3132 982 3169 monuisse
1006 3133 1050 3169 de
1075 3132 1195 3179 modo,
1219 3142 1290 3180 quo
1312 3143 1396 3169 cum
1421 3131 1626 3168 incredulis
1647 3130 1831 3179 ayendum
1855 3129 1914 3166 sit.
