2175 3382
299 171 354 210 42
471 166 526 197 Τι’.
552 165 572 199 Ι,
594 163 776 208 Apologia
795 162 898 205 relig.
920 162 1045 196 christ.
1065 162 1128 196 Th.
1153 162 1247 195 Vlll.
1269 161 1318 195 De
1331 160 1551 205 judaeorum
1574 161 1857 205 exspectatione.

299 300 385 324 cum
410 287 447 323 id
471 286 592 323 nullis
615 286 654 322 in
677 289 757 322 tam
779 285 925 322 recenti
958 285 1143 322 memoria
1173 284 1416 321 exstantibus
1449 284 1735 332 exemplaribus
1766 284 1920 333 possint
1941 295 2031 321 con-

298 347 487 383 vincere«
535 345 610 382 Cur
632 347 763 382 autem
786 344 981 392 corrumpi
1004 355 1081 380 non
1104 344 1318 391 potuerint,
1343 343 1439 380 hanc
1461 345 1596 380 contra
1609 343 1797 380 Faustum
1811 342 1964 388 XXXII,
1982 350 2030 383 16

297 404 595 453 peremptoriam
619 403 809 441 rationem
833 404 981 440 reddit:
1009 402 1221 450 „Quisquis
1244 403 1346 439 enim
1369 403 1439 439 hoc
1460 401 1645 450 primitus
1659 413 1779 439 ausus
1793 403 1908 447 esset,
1931 402 2032 439 mul-

296 471 426 500 torum
449 463 626 500 codicum
648 463 905 500 vetustiorum
931 462 1136 499 collatione
1159 461 1441 505 confutaretur,
1465 461 1629 498 maxime
1652 461 1743 509 quia
1765 471 1843 497 non
1865 473 1944 497 una
1958 460 2033 497 lin-

296 536 384 572 gua,
408 523 475 559 sed
497 522 635 559 multis
658 523 791 559 eadem
814 521 1015 569 Scriptum
1036 521 1343 557 contium-etun«
1368 521 1417 557 Et
1438 521 1580 565 iterum
1605 517 1673 572 (ib.
1698 519 1810 565 XXX,
1828 517 1887 572 6):
1913 519 2034 564 „Quis

296 582 465 626 tandem,
499 581 646 629 inquit,
683 584 793 618 tanto
825 580 956 617 furore
987 582 1167 617 caecatur
1189 610 1196 617 .
1221 609 1227 615 .
1253 609 1259 615 .
1283 580 1352 628 qui
1374 579 1480 617 dicat
1501 579 1571 616 hoc
1593 579 1732 616 mereri
1758 591 1836 616 non
1857 578 2033 627 potuisse

296 641 565 689 apostolorum
594 640 823 683 Ecclesiam,
858 642 935 675 tam
960 638 1096 680 fidam,
1128 641 1207 675 tam
1230 651 1478 676 numerosam
1509 639 1672 676 fratrum
1696 637 1956 682 concordiam,
1988 639 2034 674 ut

296 712 429 737 eorum
454 700 600 748 scripta
622 699 792 737 fideliter
813 698 861 735 ad
883 699 1060 746 posteros
1083 698 1322 746 trajicerent,
1345 709 1433 734 cum
1456 710 1591 735 eorum
1614 697 1815 735 cathedras
1838 707 1965 744 usque
1986 696 2032 733 ad

295 761 522 807 praesentes
545 759 746 807 episcopos
768 757 984 795 certissima
1007 757 1252 794 successione
1275 757 1529 801 servaverint,
1553 769 1640 794 cum
1663 757 1734 793 hoc
1755 755 2033 804 qualiumcun—

296 830 372 866 que
395 817 599 855 hominum
621 817 778 865 scriptis
802 816 883 853 sive
906 818 1014 853 extra
1030 815 1238 853 Ecclesiam
1263 816 1344 853 sive
1367 816 1407 852 in
1430 816 1512 864 ipsa
1526 816 1695 853 Ecclesia
1715 817 1826 852 tanta
1847 814 2033 852 facilitate

295 878 523 925 proveniat?
536 882 552 900 «

415 955 576 1007 Quibus
607 955 852 1008 praemissis
869 955 959 1007 J'am
983 954 1037 995 ad
1059 955 1253 1006 primum,
1285 966 1368 1007 quo
1392 954 1536 994 missio
1560 953 1713 995 Christi
1742 953 1884 994 divina
1914 965 2032 995 corn-

294 1027 510 1079 probatur,
542 1027 832 1067 testimonium
857 1025 1124 1074 accedamus,
1156 1025 1241 1066 scil.
1265 1025 1319 1065 ad
1341 1025 1629 1066 testimonium
1652 1024 1912 1077 praecedens
1934 1036 2033 1077 pro-

293 1098 528 1150 phetarum.

973 1227 1293 1270 Articulus
1326 1227 1364 1270 Ι,

803 1322 872 1363 De
904 1322 1193 1363 vaticiniis
1226 1322 1535 1365 messianis.

412 1408 478 1449 35-
502 1405 669 1449 Thesis
692 1405 826 1448 VIII·
861 1420 1058 1453 Factum
1085 1421 1150 1453 est
1175 1420 1440 1461 indubium,
1461 1419 1661 1462 ⁸‘iudaeos
1680 1418 1786 1461 Jam
1815 1419 1898 1454 diu
1925 1421 2032 1453 ante

293 1480 462 1514 Christi
487 1481 780 1513 nativitatem
806 1479 1095 1513 Salvator-em
1122 1480 1358 1521 quendam
1383 1488 1464 1513 seu
1484 1479 1709 1513 Messiam·
1733 1481 2031 1520 exspectasse.

412 1561 790 1604 Demonstratio.
821 1559 1009 1600 Judaeos
1040 1559 1240 1600 Messiam
1273 1559 1486 1612 quendam
1518 1559 1542 1602 i.
1566 1571 1599 1601 e.
1632 1571 1835 1612 magnum
1864 1559 1940 1601 Dei
1971 1559 2033 1601 le-

293 1636 438 1683 gatum
469 1637 742 1684 exspectasse
774 1635 816 1672 et
845 1631 1112 1684 prophetam,
1143 1632 1215 1685 qui
1247 1644 1321 1673 eos
1353 1632 1407 1672 ad
1442 1631 1695 1673 nobiliorem
1716 1631 2031 1685 felicioremque

292 1703 548 1755 proveheret
571 1702 860 1743 conditionem
884 1707 925 1743 et
947 1707 1118 1752 statum,
1141 1703 1270 1744 dubio
1294 1708 1423 1744 caret.
1466 1702 1580 1744 Haec
1604 1703 1716 1744 enim

415 1774 456 1816 1.
481 1773 742 1826 exspectatio
775 1778 815 1814 et
847 1785 943 1826 spes
971 1778 1035 1814 est
1056 1778 1160 1814 nota
1181 1774 1306 1826 hujus
1328 1773 1470 1826 populi
1493 1774 1677 1826 propria,
1709 1774 1829 1827 cujus
1851 1774 2032 1827 plurima

291 1845 560 1896 reperiuntur
593 1844 768 1895 vestigia
800 1849 841 1885 et
872 1848 1123 1896 argumenta
1154 1845 1195 1885 in
1227 1845 1467 1897 evangeliis,
1499 1849 1542 1886 ut
1573 1845 1705 1898 liquet
1726 1857 1777 1886 ex
1798 1844 2032 1887 Zachariae

292 1915 460 1955 cantico
483 1914 579 1955 Luc.
608 1920 641 1963 1,
676 1918 730 1958 76
763 1928 829 1963 ss,
851 1919 941 1956 tum
973 1927 1023 1956 ex
1055 1927 1262 1968 responso
1294 1916 1394 1957 dato
1427 1917 1561 1968 magis
1593 1916 1915 1970 quaerentibus:
1956 1917 2033 1958 Ubi

291 1994 347 2026 est
369 1987 440 2041 qui
463 1991 586 2026 natus
609 1990 664 2026 est
687 2000 759 2026 reae
775 1987 1024 2039 judaeorum
1041 1987 1062 2026 ἑ)
1087 1986 1278 2028 Herodes
1302 1987 1413 2028 enim
1437 1999 1463 2028 a
1486 1988 1751 2039 congregatis
1773 1987 2031 2041 principibus

290 2057 563 2098 sacerdotum
595 2063 636 2098 et
667 2057 815 2097 scribis
846 2057 991 2109 populi
1012 2057 1257 2098 immediate
1281 2058 1448 2099 omissis
1471 2058 1563 2099 aliis
1585 2058 1905 2111 quaestionibus
1928 2059 2032 2100 scis-

291 2128 512 2177 citabatur,
537 2128 606 2168 ubi
623 2128 811 2169 Christus
835 2134 1071 2169 nasceretur
1088 2129 1109 2169 .2
1126 2128 1344 2170 Adventus
1368 2141 1467 2182 ergo
1490 2129 1712 2182 cujusdam
1728 2129 1909 2171 Messiae
1930 2134 2030 2171 tunc

290 2199 494 2251 temporis
516 2199 675 2240 nemini
698 2204 791 2240 erat
813 2198 986 2248 dubius3
1019 2212 1102 2252 quo
1125 2199 1284 2241 factum
1317 2205 1391 2249 est,
1419 2204 1466 2241 ut
1488 2201 1701 2241 doctiores
1723 2200 1766 2241 in
1788 2200 1943 2253 populo
1966 2200 2045 2241 lo-.

291 2283 387 2311 cum
410 2270 656 2319 nativitatis,
688 2270 799 2311 unde
824 2275 1154 2323 exspectaretur,
1185 2271 1294 2312 illico
1318 2272 1628 2324 assignaverint
1650 2271 1812 2328 (Matth.
1835 2275 1873 2321 2,
1897 2275 1923 2315 2
1945 2272 2030 2327 ss).

289 2341 477 2382 Eandem
500 2342 863 2394 exspectationem
886 2347 1130 2394 supponunt
1152 2344 1366 2384 canticum
1388 2341 1599 2384 Simeonis
1622 2342 1719 2385 Luc,
1740 2345 1777 2392 2,
1802 2344 1859 2386 25
1881 2342 2029 2397 ss.„}e-

291 2413 482 2464 gationes
499 2412 756 2464 judaeorum
779 2412 834 2453 ad
854 2412 1066 2454 ,Ioannem
1090 2414 1227 2467 (Joan.
1254 2418 1287 2462 1,
1315 2417 1366 2457 19
1382 2414 1452 2468 ss.)
1477 2419 1519 2455 et
1540 2414 1717 2455 Joannis
1739 2413 1793 2454 ad
1817 2412 2030 2454 Christum

290 2483 532 2535 quaerentis
563 2495 638 2535 per
671 2483 901 2536 discipulos
933 2483 1095 2540 (Matth.
1121 2487 1186 2534 11,
1220 2489 1245 2529 2
1270 2485 1364 2540 ss.):
1403 2484 1464 2526 Tu
1496 2498 1536 2525 es
1568 2486 1638 2539 qui
1667 2489 1864 2525 venturus
1885 2498 1938 2538 ⁶³3,
1973 2499 2030 2526 an

290 2554 418 2594 alium
454 2559 735 2607 eoespectamzcs
751 2555 771 2594 ἓ
808 2553 900 2605 Qua
932 2555 983 2595 de
1016 2567 1146 2596 causa
1169 2555 1314 2608 judaei
1335 2556 1526 2597 videntes
1552 2556 1700 2608 ingens
1723 2555 1878 2596 Christi
1899 2555 2028 2596 mira-

290 2625 431 2666 culum
462 2625 823 2677 multiplicationis
854 2638 1013 2678 panum
1046 2626 1284 2668 inferebant
1304 2628 1425 2669 Joan.
1448 2631 1488 2677 6,
1513 2630 1588 2670 14:
1626 2627 1735 2678 Quia
1765 2626 1828 2667 hic
1859 2630 1916 2667 est
1936 2640 2026 2667 vere

284 2696 491 2750 propheta
514 2696 552 2751 (ὁ
575 2697 813 2754 προφήτης),
836 2699 907 2751 qui
928 2702 1122 2737 venturus
1145 2702 1201 2738 est
1225 2700 1267 2738 in
1289 2699 1489 2738 mundum
1500 2713 1513 2737 .·
1537 2702 1578 2739 et
1600 2697 1684 2738 alia
1706 2697 1933 2738 occasione
1955 2696 2027 2752 (ih.

292 2770 327 2815 7,
343 2766 416 2823 31)
432 2766 715 2819 quaerebant:
733 2767 919 2809 Christus
942 2781 1033 2808 cum
1055 2770 1223 2823 venerit,
1246 2769 1447 2824 numquid
1459 2770 1589 2823 plura
1605 2769 1724 2822 siyna
1737 2767 1880 2821 faciet,
1903 2780 2026 2822 quam

288 2850 392 2891 quae
415 2837 478 2877 hic
500 2836 636 2889 facit?
656 2836 747 2877 Huc
769 2842 932 2889 spectat
955 2838 1189 2879 eorundem
1211 2850 1464 2891 responsum
1488 2838 1559 2895 (ib.
1587 2840 1651 2888 12,
1674 2838 1769 2893 34):
1793 2838 1881 2879 Nos
1902 2839 2024 2879 audi-

291 2909 420 2949 rimus
441 2922 490 2949 er
512 2908 606 2962 leffe,
639 2909 737 2963 qaia
769 2908 957 2950 Christus
984 2915 1123 2951 manet
1147 2912 1186 2951 in
1222 2915 1433 2952 aeternum
1446 2927 1462 2963 ,·
1498 2916 1540 2952 et
1570 2911 1684 2964 quod
1707 2909 1874 2951 Christo
1896 2909 2026 2950 inter-

288 2979 472 3031 roganti:
497 2979 607 3030 Quid
628 2979 737 3020 vobis
750 2980 914 3020 videtur
928 2981 977 3021 cle
993 2981 1154 3021 Christo
1171 2982 1192 3022 ἑ)
1202 2983 1320 3035 cnjus
1335 2982 1472 3023 Filius
1485 2986 1542 3023 est
1554 2981 1574 3021 [2
1594 2981 1704 3022 illico
1719 2980 2026 3033 responderint,

287 3049 432 3090 David
452 3048 597 3090 Matth.
620 3052 688 3098 22,
711 3053 790 3099 42;
815 3048 863 3093 cfi
885 3049 981 3091 Luc.
1006 3055 1043 3100 2,
1068 3054 1122 3096 38
1136 3067 1148 3100 ‚-
1170 3051 1296 3092 Marc.
1323 3054 1388 3101 15,
1411 3055 1488 3100 433
1511 3051 1601 3092 Act.
1625 3054 1692 3101 26,
1716 3055 1741 3096 6
1764 3064 1795 3095 s,
1819 3056 1895 3093 etc.
1938 3051 2027 3092 Me·
2056 3094 2059 3099 ι

288 3120 368 3160 rito
392 3131 491 3171 ergo
514 3133 545 3160 s.
568 3119 724 3160 Paulus
747 3118 960 3161 Christum
984 3122 1007 3161 i.
1031 3132 1065 3162 e.
1089 3121 1288 3163 Messiam
1311 3126 1436 3163 vocat
1449 3121 1540 3163 Act.
1565 3126 1631 3172 28,
1656 3126 1723 3172 20,
1746 3136 1857 3176 spem
1881 3121 2025 3164 Israel.
