2175 3382
202 161 285 200 272
516 156 636 188 'Fun-t.
659 155 716 189 III.
739 155 789 189 Dc
812 155 983 190 lice-lesia.
1002 155 1131 189 'rhesis
1149 155 1306 190 XLVIII.
1326 160 1370 190 de
1389 156 1623 191 institutione

2159 237 2175 274 ιζ

318 273 677 317 limnonstratio
709 288 754 328 p.
779 275 818 317 l.
852 274 1056 325 Quamvis
1088 275 1196 316 inter
1224 274 1436 317 Ecclesiae
1469 276 1664 317 membra
1695 277 1854 319 nullum
1885 280 1938 320 sit

198 345 423 385 discrimen
446 345 578 386 relate
601 345 654 385 ad
677 345 932 394 salutem,
954 358 1049 386 cum
1074 357 1200 386 nemo
1224 345 1278 386 ab
1302 358 1353 386 ea
1368 346 1642 398 adipiscenda
1662 348 1716 388 sit
1729 348 1937 398 exclusus,

198 426 248 455 ac
271 414 413 456 lideles
435 427 586 456 omnes
609 415 697 456 sive
721 416 872 468 graeci,
896 416 985 456 sive
1008 415 1193 464 barbari,
1217 416 1295 456 viri
1317 420 1359 456 et
1382 415 1591 465 mulieres,
1615 428 1740 458 senes
1762 422 1804 459 et
1819 420 1937 471 pueri

197 486 279 525 sint
310 486 489 538 populus
524 486 693 534 electus,
726 487 866 539 regale
889 486 1189 534 sacerdotium,
1221 486 1290 527 tilii
1313 486 1387 527 Dei
1411 487 1462 542 (si
1485 488 1621 539 gratia
1643 488 1936 531 sanctificante

196 568 281 596 non
314 561 490 607 carent),
521 556 700 598 heredes
722 557 808 605 Dei,
841 557 1074 598 coheredes
1108 562 1251 598 autem
1274 556 1448 598 Christi:
1481 557 1563 598 hoc
1598 562 1740 600 tamen
1765 561 1938 602 minime

196 628 382 681 impedit,
405 629 633 681 quominus
648 628 797 670 eadem
813 628 894 668 dici
911 629 1045 681 possit
1059 629 1242 669 societas
1265 629 1314 669 in
1327 641 1352 669 a
1365 640 1386 669 e
1399 641 1424 681 q
1437 642 1463 669 u
1476 628 1602 678 aliS,
1626 634 1836 682 quatenus
1851 643 1936 673 non

196 699 340 740 omnia
361 699 550 751 ejusdem
574 699 768 740 membra
791 699 939 740 iisdem
958 699 1136 752 juribus,
1160 699 1418 748 muneribus,
1451 701 1758 752 praerogativis
1780 702 1823 742 in
1845 703 1937 754 ipsa

196 770 399 811 fruuntur.
442 769 579 822 Quam
612 770 825 812 Ecclesiae
858 770 1206 824 inaequalitatem
1235 771 1394 811 infinite
1416 771 1730 824 universimque
1752 771 1937 825 probant

194 840 510 893 appellationes,
533 841 685 894 quibus
709 841 859 882 eadem
882 841 1034 882 dicitur
1058 855 1243 895 requam,
1266 842 1421 895 civitas,
1444 841 1557 896 ovile,
1579 856 1758 897 corpus‚·
1781 847 1823 884 et
1843 845 1936 896 ipsa

193 911 369 952 historia
391 912 604 953 Ecclesiae
627 913 895 962 christianae,
933 925 1043 966 quae
1067 924 1161 954 eam
1186 912 1300 954 nullo
1324 924 1409 953 non
1435 913 1579 954 seculo
1602 913 1711 954 sistit
1734 918 1779 954 ut
1799 914 1934 956 socie-

192 986 323 1023 tatem
347 983 628 1036 inaequalem,
652 984 693 1024 in
717 996 801 1037 qua
824 984 931 1025 alios
955 984 1168 1025 cernimus
1191 983 1420 1036 praesides,
1445 983 1550 1024 alios
1572 983 1778 1027 subditos,

2155 576 2175 591 ‚⁸
2160 528 2175 566 ,ι
2151 477 2175 521 αἰ
2160 436 2175 470 ην
2158 281 2175 428 vas—xva

313 1075 407 1109 249.
432 1066 704 1110 Declaratio
726 1080 771 1122 p.
794 1067 862 1110 II.
886 1070 1032 1108 Verum
1055 1070 1102 1107 de
1124 1070 1261 1107 facto
1285 1069 1396 1106 nulla
1418 1071 1477 1106 est
1498 1070 1789 1117 controversia3
1812 1083 1933 1119 quae-

192 1128 265 1165 stio
288 1130 348 1165 est
370 1128 417 1165 de
433 1129 448 1177 j
463 1142 562 1166 ure.
607 1130 708 1166 Sunt
729 1130 834 1167 enim
857 1129 926 1177 qui
948 1129 1197 1175 contendant,
1221 1128 1512 1178 plenitudinem
1533 1129 1739 1178 potestatis
1762 1129 1932 1167 residere

190 1199 309 1235 penes
330 1187 506 1225 fidelium
529 1192 697 1234 coetum,
730 1189 908 1237 quicum
931 1201 1000 1237 per
1031 1201 1070 1225 se
1092 1201 1171 1225 non
1204 1187 1327 1236 possit
1358 1187 1521 1236 implere
1551 1188 1687 1225 munia-
1718 1188 1933 1227 sacerdotio

191 1247 230 1283 et
251 1247 475 1296 magisterio
497 1248 654 1293 adnexa,
687 1248 841 1297 deleget
871 1248 918 1284 ad
941 1247 1035 1285 haec
1055 1247 1233 1285 obeunda
1264 1246 1483 1295 peculiares
1513 1247 1730 1292 ministros,
1761 1247 1804 1285 in
1834 1260 1932 1294 quos

190 1305 280 1353 plus
301 1305 482 1343 minusve
504 1307 656 1344 derivat
678 1320 770 1344 suae
793 1307 1040 1344 auctoritatis
1063 1319 1134 1355 pro
1149 1306 1287 1355 majori
1301 1306 1504 1351 minorive,
1528 1306 1570 1343 in
1584 1317 1662 1355 quo
1677 1319 1742 1344 eos
1756 1307 1930 1354 collocat,

189 1363 335 1412 gradu;
359 1378 381 1401 a
403 1378 480 1414 quo
503 1366 535 1403 si
556 1369 822 1411 amoveantur,
847 1378 1001 1403 omnem
1023 1366 1209 1403 amittant
1231 1365 1519 1410 auctoritatem,
1545 1365 1649 1403 sicut
1670 1365 1754 1403 fieri
1777 1366 1932 1404 soletin

189 1423 319 1470 aliqua
340 1425 551 1472 republica.
595 1426 736 1463 Contra
759 1438 857 1473 quos
879 1425 1095 1462 tenendum
1117 1428 1186 1471 est,
1212 1425 1343 1474 ipsum
1359 1424 1558 1462 Christum
1579 1425 1848 1462 ministerium
1868 1425 1929 1463 in-

189 1482 366 1520 stituisse
388 1484 704 1529 ecclesiasticum,
735 1497 812 1522 non
843 1484 899 1521 ita
928 1487 1072 1529 tamen,
1108 1486 1155 1522 ut
1185 1495 1318 1521 omnes
1349 1483 1493 1527 fideles,
1527 1496 1571 1521 eo
1602 1483 1686 1533 ipso
1717 1484 1819 1532 quod
1853 1484 1931 1522 sint

189 1540 334 1586 fideles,
361 1542 521 1590 juribus
543 1543 727 1580 fruantur
758 1543 928 1592 propriis
959 1544 1077 1591 hujus
1107 1543 1332 1588 ministerii,
1366 1542 1431 1580 sed
1465 1542 1696 1580 distinctum
1728 1557 1750 1580 a
1779 1543 1931 1593 reliquo

188 1599 360 1637 fidelium
384 1603 517 1639 coetu:
541 1605 580 1639 et
602 1603 693 1640 huic
714 1602 937 1639 ministerio
960 1602 1146 1640 tribuisse
1169 1602 1480 1651 independenter
1501 1615 1523 1639 a
1545 1601 1737 1651 fidelibus,
1766 1603 1930 1651 proinde

187 1659 482 1698 immediate
505 1662 780 1699 auctoritatem
801 1661 975 1711 regendi,
1008 1662 1170 1699 docendi
1203 1660 1469 1699 sanctificandi
1492 1660 1668 1698 fidelium
1691 1665 1856 1708 coetum,
1887 1662 1929 1699 in

187 1718 281 1755 alios
313 1718 406 1756 dein
437 1724 540 1758 certo
572 1721 655 1758 ritu
678 1721 945 1762 derivandum,
990 1721 1039 1758 Et
1071 1733 1164 1758 sane
1194 1734 1303 1758 error
1332 1721 1399 1758 ille
1431 1733 1452 1756 a
1474 1720 1712 1758 Marsilio
1743 1720 1929 1770 patavino

185 1777 371 1825 prolatus,
395 1791 416 1815 a
437 1780 746 1828 protestantibus
780 1781 887 1817 ultra
907 1783 1193 1830 propugnatus,
1225 1793 1247 1817 a
1268 1779 1520 1825 Richerio,
1544 1779 1798 1817 Febronio
1820 1780 1928 1818 aliis-

187 1848 263 1883 que
286 1837 574 1884 quadamtenus
596 1840 818 1888 adoptatus,
843 1841 881 1876 et
903 1853 925 1876 a
940 1839 1088 1888 synodo
1113 1838 1427 1888 pistoriensi
1450 1838 1704 1886 approbatus,
1729 1852 1749 1876 a
1763 1851 1929 1888 neopro-

184 1896 425 1933 testantibus
449 1900 605 1935 nostrae
627 1899 766 1935 aetatis
790 1900 966 1936 recoctus
989 1898 1198 1936 damnatus
1222 1899 1299 1936 fuit
1321 1911 1343 1935 a
1364 1897 1454 1935 Pio
1480 1897 1551 1935 VI:
1574 1883 1837 1947 §Propositio
1853 1895 1928 1952 (2),

185 1966 283 2001 quae
307 1956 460 2001 statuit,
483 1959 717 2005 potestatem
740 1971 761 1994 a
783 1958 862 1994 Deo
885 1957 1017 1994 datam
1031 1958 1236 2003 Ecclesiae,
1261 1960 1308 1995 ut
1321 1956 1677 1995 communicaretur
1691 1957 1929 2006 pastoribus,

185 2012 254 2060 qui
277 2016 371 2051 sunt
393 2015 478 2063 ejus
500 2016 669 2053 ministri
692 2029 762 2064 pro
786 2016 914 2053 salute
938 2017 1182 2054 animarum:
1217 2017 1272 2055 sic
1293 2017 1507 2061 intellecta,
1539 2018 1586 2053 ut
1606 2029 1628 2053 a
1648 2017 1930 2070 communitate
1932 2047 1971 2094 ω

184 2070 359 2109 fidelium
383 2072 425 2110 in
446 2075 673 2122 pastoribus
697 2075 898 2112 derivetur
920 2076 1172 2113 ecclesiastici
1196 2075 1408 2113 ministerii
1431 2087 1474 2111 ac
1505 2075 1709 2124 regiminis
1743 2079 1938 2163 potessas}²
1957 2079 2073 2159 W

183 2130 540 2185 haeretica1);«
565 2147 585 2170 a
609 2135 870 2172 Clemente
892 2134 955 2171 XI.
979 2135 1019 2171 in
1040 2146 1151 2184 prop.
1177 2142 1243 2175 90.
1268 2133 1557 2179 Quesnelli:
1582 2117 1865 2178 „Ecclesiaauc
1886 2148 1907 2173 o

182 2188 341 2227 ritatem
362 2193 676 2230 communicandi
698 2193 828 2238 habet,
863 2196 909 2230 ut
941 2207 981 2231 ea
1060 2198 1236 2231 exerceat
1266 2207 1336 2243 per
1365 2193 1513 2242 primos
1547 2195 1721 2241 pastores
1756 2193 1802 2230 de
1837 2206 1927 2232 con-

183 2260 299 2286 sensu
320 2250 457 2287 saltem
481 2255 732 2301 praesumpto
766 2252 892 2290 totius
925 2207 1147 2302 ὣιρᾃἳίεςα
1181 2266 1202 2290 a
1224 2253 1396 2290 Concilio
1418 2254 1468 2289 tr
1484 2251 1544 2288 id.
1577 2263 1669 2290 sess,
1695 2258 1716 2292 7
1741 2264 1823 2290 can.
1851 2260 1922 2294 10:

0 2303 86 2343 *οὐ
182 2307 250 2351 ‚Si
273 2308 361 2356 quis
385 2309 537 2359 dixerit,
575 2311 805 2349 christianos
829 2324 963 2349 omnes
985 2312 1026 2349 in
1056 2312 1176 2349 verbo
1208 2315 1248 2349 et
1279 2312 1322 2349 in
1353 2310 1536 2348 omnibus
1569 2311 1823 2349 sacramentis
1856 2312 1926 2350 ad·

0 2349 80 2402 μ
180 2366 451 2405 ministrandis
484 2369 623 2407 habere
655 2372 903 2419 potestatem,
927 2372 970 2411 A.
995 2371 1081 2416 S.;<³
1115 2371 1161 2409 cf.
1194 2383 1286 2409 sess.
1313 2377 1364 2412 23
1401 2382 1482 2408 can.
1509 2376 1529 2409 6
1555 2372 1595 2407 et
1621 2377 1640 2410 7
1666 2372 1706 2408 et
1728 2382 1809 2419 cap.
1835 2377 1859 2410 4
1882 2373 1924 2408 et

0 2398 256 2503 ffljam
287 2428 401 2464 antea
430 2441 452 2464 a
482 2428 633 2465 Joanne
655 2430 772 2468 XXII.
807 2430 965 2470 constit.
1009 2430 1205 2475 ³>Licetqt
1243 2436 1307 2471 23.
1331 2430 1413 2468 Oct.
1444 2434 1564 2469 1327.
1607 2429 1760 2466 Summi
1791 2432 1923 2467 autem

0 2508 69 2558 ῥυ,
179 2485 368 2522 momenti
390 2490 450 2523 est
471 2487 564 2525 haec
585 2489 760 2526 assertio.
805 2489 844 2526 Si
880 2489 982 2527 enim
1014 2489 1280 2527 ministerium
1313 2487 1620 2527 ecclesiasticum
1650 2500 1729 2525 non
1759 2488 1917 2526 nomine

178 2542 260 2586 Dei,
296 2544 361 2581 seil
384 2545 540 2583 nomine
562 2548 698 2596 populi
720 2547 846 2585 fidelis
868 2561 957 2586 suas
979 2552 1131 2586 exercet
1163 2549 1397 2594 functiones,
1432 2548 1562 2585 actum
1595 2549 1654 2584 est
1684 2547 1730 2584 de
1763 2559 1918 2585 summa

177 2601 260 2649 ejus
282 2604 514 2641 auctoritate
536 2608 577 2642 et
603 2607 920 2655 independentia.

322 2702 346 2740 ¹)
364 2699 407 2732 In
424 2701 608 2736 schemate
620 2703 789 2746 patribus
813 2714 910 2739 conc.
935 2705 1098 2739 vaticani
1120 2707 1310 2750 proposito
1336 2718 1364 2741 c.
1385 2711 1437 2743 10.
1463 2711 1660 2746 statuitur:
1682 2712 1841 2752 „Chi-isti
1859 2725 1920 2748 au—

175 2754 250 2785 tem
270 2752 433 2787 Ecclesia
450 2764 523 2788 non
543 2758 597 2788 est
617 2755 771 2790 societas
794 2758 1017 2800 aequalium,
1038 2769 1079 2791 ac
1097 2758 1127 2792 si
1147 2770 1272 2793 omnes
1299 2759 1338 2793 in
1356 2770 1399 2794 ea·
1417 2760 1544 2797 fideles
1562 2763 1689 2799 eadem
1702 2765 1790 2810 jura
1806 2766 1919 2801 habe—

174 2806 274 2843 rent:
294 2815 419 2839 verum
439 2807 495 2840 est
513 2807 669 2841 societas
687 2808 903 2852 inaequalis,
922 2813 959 2844 et
975 2811 1045 2845 hoc
1063 2823 1138 2846 non
1156 2812 1238 2846 ideo
1253 2814 1409 2853 tantum,
1425 2817 1512 2858 quia
1528 2817 1692 2851 fidelium
1716 2818 1781 2852 alii
1797 2819 1918 2854 clerici

177 2859 272 2899 sunt,
291 2858 354 2892 alii
372 2858 458 2893 laici
471 2872 478 2897 ;
499 2860 559 2893 sed
572 2865 767 2905 propterea
785 2863 883 2906 quod
898 2865 1057 2898 maxime
1068 2865 1107 2898 in
1121 2865 1280 2900 Ecclesia
1295 2867 1351 2900 est
1363 2869 1526 2911 potestas
1540 2869 1718 2905 divinitus
1730 2872 1919 2915 instituta,

174 2922 247 2954 qua
265 2911 330 2945 alii
349 2911 393 2945 ad
413 2913 733 2956 sanctificandum,
753 2915 958 2950 docendum
976 2918 1014 2951 et
1029 2919 1230 2959 regendum
1251 2919 1411 2963 praedit-i
1429 2922 1525 2962 sunt,
1544 2923 1605 2957 alii
1627 2924 1916 2960 destituuntur.‘

172 2963 219 2997 Et
237 2974 315 2999 can.
341 2969 376 2999 1]
391 2979 399 3000 :
420 2965 480 3004 „Si
498 2966 580 3010 quis
594 2966 737 3007 dixerit,
760 2968 957 3003 Ecclesiam
976 2970 1189 3005 institutam
1207 2971 1385 3006 «livinitus
1400 2983 1476 3008 esse
1490 2976 1682 3019 tamquam
1701 2977 1915 3012 societatem

173 3016 403 3060 aequalium:
436 3019 483 3052 ab
502 3019 682 3063 episcopis
707 3031 792 3054 vero
819 3021 946 3055 haberi
972 3024 1121 3066 quidem
1149 3024 1310 3058 officium
1339 3027 1377 3059 et
1403 3026 1660 3068 ministerium,
1688 3038 1762 3062 non
1791 3030 1916 3063 autem

172 3070 361 3114 propriam
377 3071 569 3115 regiminis
587 3074 821 3117 potestatem,
839 3086 933 3118 quae
951 3075 1042 3119 ipsis
1061 3076 1190 3110 divina
1207 3077 1441 3112 ordinatione
1460 3082 1660 3124 competat,
1679 3091 1849 3125 quaeque
1866 3081 1915 3116 ab

171 3122 302 3157 iisdem
320 3124 368 3158 sit
387 3124 500 3158 libere
519 3124 730 3165 exercenda,
750 3127 792 3159 A.
810 3126 844 3162 S.
856 3134 867 3147 G
905 3126 956 3161 Cf.
977 3131 1007 3161 A
1019 3129 1098 3163 tzb
1111 3140 1130 3164 e
1143 3141 1255 3174 rger
1272 3132 1291 3176 ξ
1310 3132 1390 3166 339.
