2175 3382
584 124 690 158 Thes.
708 123 864 158 LXXIX.
883 123 927 157 de
946 123 1158 157 definitione
1176 133 1217 157 ex
1237 123 1418 157 cathedra.
1773 129 1858 170 427

132 246 187 300 (4,
215 245 284 300 2⁶2)
308 247 508 289 salutavit,
533 246 600 283 sed
622 258 871 294 nequaquam
894 245 982 282 illos
1001 244 1241 293 judiciorum
1264 250 1458 282 consortes
1483 245 1702 284 adhibuit«
1737 246 1862 290 Quare

130 304 176 347 b.
198 319 242 343 ex
274 306 563 344 confirmatione
596 317 770 342 caesarea
800 304 1014 342 auctoritas
1037 306 1190 340 tantum
1214 305 1372 340 externa
1393 306 1655 352 externusque
1679 304 1865 353 splendor

130 365 294 403 decretis
325 364 483 409 accedit,
517 366 711 412 quatenus
737 363 926 400 nimirum
947 363 1201 410 imperatores
1224 362 1483 400 confirmando
1506 364 1758 400 conciliorum
1782 367 1861 400 sta-

129 426 228 469 tuta,
260 424 302 461 in
333 436 443 461 suam
475 435 517 460 ea
546 423 741 471 recipiunt
762 422 940 466 tutelam,
974 421 1217 458 interdicunt
1238 421 1535 469 magistratibus
1558 422 1861 470 provinciarum,

129 495 178 520 ne
208 483 276 519 illa
298 483 456 527 violent,
489 482 529 518 in
561 493 720 519 censum
751 493 906 529 quoque
927 480 1060 529 legum
1083 480 1259 516 civilium
1281 480 1458 517 referunt
1481 493 1523 517 ac
1545 481 1778 528 quandoque
1802 481 1862 517 in-

128 542 292 579 tentatis
322 541 460 590 poenis
493 553 624 578 eorum
654 542 885 589 promovent
917 538 1141 576 custodiam.
1187 539 1287 582 »Res
1320 539 1420 575 enim
1443 539 1644 584 humanae,
1680 543 1812 576 censet
1835 552 1863 576 s.

129 601 224 638 Leo
246 613 307 649 ep.
331 608 397 644 60,
419 600 533 637 aliter
553 602 663 636 tutae
686 611 768 636 esse
790 610 869 635 non
889 600 1065 646 possunt,
1094 597 1171 634 nisi
1194 610 1293 645 quae
1316 597 1364 634 ad
1386 597 1559 634 divinam
1582 599 1864 635 consessionem

130 659 341 708 pertinent,
375 661 414 696 et
443 659 551 708 regia
585 661 623 695 et
647 657 898 694 sacerdotalis
921 656 1103 694 defendat
1125 657 1348 693 auctoritas.
1361 661 1377 678 «
1422 656 1473 694 Cf.
1498 656 1641 693 Thom
1656 657 1862 694 assinus

131 718 282 755 dissert.
308 724 343 758 3.
369 724 403 757 6.
432 726 493 758 10.
517 718 561 754 In
584 717 765 761 eoncilia3
795 715 974 753 Hefele
998 715 1417 765 Conciliengeschichte
1439 715 1603 760 introd.;
1635 716 1779 752 Archiv
1801 716 1865 752 fiir

129 777 236 814 kath.
258 777 538 814 Kirchenrecht
559 777 608 821 ΙΙ,
635 783 714 816 555
741 788 789 812 ss.

248 860 346 900 407.
379 854 462 896 Sed
488 855 578 907 jam
614 854 769 906 10.4ad
801 854 967 895 romani
989 852 1197 906 pontificis
1220 852 1694 894 infallibilitatem
1717 854 1863 894 venia-

130 940 240 976 mus,
264 939 391 979 quam
416 926 554 967 eidem
575 926 684 966 thesi
706 925 897 978 sequenti
919 924 1196 967 vindicamus.
1309 936 1423 983 W

1211 980 1303 1030 >ff

249 1022 417 1065 ThssSiS
451 1020 677 1064 LXXIX·
735 1036 1007 1075 „Romanus
1021 1034 1250 1074 pontifex.
1278 1042 1377 1066 oum
1401 1043 1459 1067 ea·
1477 1033 1699 1066 cathedra
1716 1032 1866 1074 loqui-

131 1100 225 1139 tur,
242 1098 292 1131 icl
310 1099 388 1137 est,
406 1105 507 1128 cum
529 1096 737 1129 omnium
758 1095 1117 1128 christianorum
1145 1094 1353 1135 pastoris
1379 1096 1420 1127 et
1448 1093 1645 1127 doctoris
1672 1101 1867 1126 munere

125 1157 329 1198 funyens
350 1164 439 1197 pro
465 1164 688 1195 suprema
715 1164 803 1187 sua
830 1154 1083 1196 apostolica
1110 1155 1388 1187 auctoritate
1407 1154 1666 1187 doctrinam
1696 1153 1751 1185 (Ie
1774 1152 1866 1191 ficle

130 1215 200 1248 vel
218 1215 426 1248 moribus
444 1214 502 1247 ab
520 1214 743 1246 ‘canit-ersa
761 1213 966 1246 Ecclesia
985 1215 1235 1247 tenendam
1262 1214 1435 1255 definit,
1447 1222 1534 1255 per
1547 1213 1866 1246 assistentiam

132 1275 342 1310 divinam
368 1275 458 1315 ipsi
484 1274 535 1306 in
561 1274 600 1306 b.
628 1274 765 1306 Petro
796 1274 1096 1314 promissam,
1133 1282 1186 1307 ea
1223 1274 1562 1315 infallibilitate
1594 1272 1749 1314 pollet,
1775 1280 1866 1314 qua

132 1335 318 1369 divinus
344 1333 627 1373 Redemptor
645 1332 897 1366 Ecclesiam
923 1341 1055 1366 suam
1085 1334 1136 1366 in
1163 1333 1428 1374 definienda
1454 1334 1668 1367 doctrina
1697 1333 1751 1365 (le
1773 1332 1867 1372 fide

132 1394 202 1428 vel
226 1393 433 1427 moribus
458 1393 734 1426 instructam
761 1401 853 1426 esse
878 1392 1038 1431 voluit,
1064 1393 1255 1435 ideoque
1283 1392 1511 1434 eiusmodi
1540 1392 1726 1425 romani
1748 1400 1867 1433 pon-

131 1454 267 1495 tificis
293 1451 583 1492 definitiones
617 1460 811 1496 ease-se,
838 1461 932 1486 non
959 1455 1113 1486 autem
1148 1462 1205 1485 ea:
1230 1461 1453 1486 consensa
1472 1452 1720 1492 Ecclesiae,
1747 1452 1866 1484 'Irre-

127 1512 402 1556 formabiles
426 1508 577 1544 sant.“

252 1580 540 1624 Declal'atio.
564 1582 751 1627 Quamvis
774 1583 906 1628 thesis,
931 1595 1007 1630 qua
1030 1583 1254 1620 continetur
1278 1583 1363 1631 ipsa
1386 1583 1560 1620 vaticana
1583 1583 1756 1620 definitio
1773 1594 1867 1619 sess.

134 1651 171 1684 4.
193 1656 222 1681 ο.
247 1651 295 1689 4.,
319 1655 387 1692 per
409 1655 447 1680 se
471 1643 523 1679 sit
545 1642 662 1689 clara7
684 1642 958 1679 illustrationis
981 1643 1109 1691 gratia
1131 1642 1320 1690 quaedam
1341 1642 1583 1679 notabimus:

252 1711 292 1755 1.
316 1714 356 1750 in
388 1713 491 1749 thesi
522 1712 713 1749 asseritur
743 1725 903 1749 romano
934 1712 1110 1761 pontifici
1131 1713 1296 1761 ideoque
1320 1713 1549 1761 singulis
1571 1712 1867 1750 infallibilitatis

132 1773 410 1822 praerogativa,
443 1784 520 1808 non
551 1773 707 1808 tantum
730 1772 974 1819 pontificium
996 1772 1118 1817 seriei,
1150 1784 1228 1808 non
1251 1772 1376 1809 solun]
1406 1771 1488 1809 sedi
1518 1772 1774 1820 permanenti,
1800 1771 1867 1808 sed

135 1834 175 1869 et
197 1844 382 1881 personae
403 1831 635 1875 transeunti,
659 1835 793 1867 contra
815 1841 891 1873 eos,
916 1831 983 1879 qui
1006 1828 1067 1882 (ut
1090 1831 1190 1868 card.
1206 1831 1251 1868 de
1266 1831 1512 1875 Luzerne,
1537 1831 1565 1867 Β
1579 1843 1598 1867 o
1613 1843 1628 1867 s
1642 1835 1753 1867 suet
1778 1828 1867 1883 etc.)

135 1891 387 1928 distinctione
408 1890 509 1926 facta
530 1889 634 1926 inter
665 1890 843 1926 sedent
857 1903 876 1926 e
891 1902 907 1926 s
939 1894 977 1926 et
1008 1890 1192 1935 sedem,
1226 1890 1480 1934 contendunt,
1513 1890 1686 1939 singulos
1709 1889 1868 1937 quidem

134 1949 335 1998 pontifices
365 1961 475 1998 posse
498 1960 636 1993 errare,
670 1949 735 1985 sed
759 1961 837 1985 non
860 1949 989 1986 sedem
1011 1961 1209 1986 romanam
1232 1961 1301 1986 seu
1323 1948 1553 1996 pontificum
1576 1948 1732 1986 seriem:
1767 1960 1867 1993 cum,

136 2009 169 2046 si
198 2021 302 2046 unus
332 2012 446 2053 errat,
479 2008 541 2044 vel
572 2007 655 2055 ipse
681 2008 740 2044 vel
772 2008 855 2056 ejus
886 2019 1084 2045 successor
1106 2020 1274 2045 errorem
1298 2008 1488 2053 emendet,
1521 2009 1577 2044 ita
1598 2009 1644 2044 ut
1665 2020 1867 2055 nunquam

134 2068 220 2117 ipsa
242 2068 351 2105 sedes
373 2066 537 2111 deficiat,
569 2069 614 2103 ut
647 2066 786 2104 defecit
813 2079 867 2103 ex.
891 2080 947 2115 gr.
971 2067 1081 2104 sedes
1104 2066 1354 2104 alexandrina
1376 2067 1438 2104 vel
1460 2066 1700 2103 antiochena.
1743 2066 1869 2110 Quare

134 2127 206 2164 hoc
237 2139 354 2164 sensu
385 2126 462 2163 dici
493 2128 622 2174 potest
653 2126 921 2175 praerogativa
951 2126 1265 2174 personalis,
1298 2128 1492 2174 quatenus
1523 2138 1710 2174 personae
1733 2126 1867 2175 singu-

135 2186 262 2224 lorum
295 2197 554 2222 successorum
582 2184 618 2223 b.
643 2184 749 2221 Petri
770 2184 946 2221 inhaeret
965 2184 1004 2234 ¹).
1048 2185 1275 2222 Declaratur
1296 2197 1386 2222 vero
1409 2187 1543 2222 cont-ra
1565 2185 1723 2234 gallic
1737 2197 1867 2229 anos,

136 2245 205 2293 qui
235 2244 451 2282 concedunt
483 2244 524 2280 in
547 2243 686 2280 declar.
709 2257 740 2280 a.
769 2250 875 2284 1682
910 2246 979 2283 art.
1006 2250 1028 2283 4
1052 2244 1204 2281 romani
1229 2243 1423 2292 pontificis
1446 2243 1770 2281 infallibilitatem
1793 2244 1867 2280 sub

135 2303 366 2349 conditione,
390 2303 435 2348 ‚si
456 2302 649 2339 Ecclesiae
671 2314 880 2340 consensus
903 2303 1131 2348 accesserit,‘
1154 2304 1238 2351 ejus
1263 2302 1511 2339 definitiones
1535 2315 1579 2339 ex
1602 2315 1694 2347 sese,
1722 2315 1800 2339 non
1822 2315 1868 2340 ex

136 2375 327 2400 consensu
348 2362 537 2399 Ecclesiae
559 2373 643 2398 esse
666 2361 977 2399 irreformabiles.

253 2431 297 2473 2.
321 2432 551 2470 Vinclicatur
580 2445 739 2469 romano
770 2432 945 2480 pontifici
976 2432 1238 2469 infallibilitas
1270 2433 1294 2469 i.
1318 2445 1348 2470 e.
1372 2432 1601 2470 immunitas
1624 2433 1671 2470 ab
1694 2445 1869 2470 errore

138 2489 235 2544 (non
257 2505 278 2529 a
297 2489 470 2543 peccato)
495 2494 534 2528 et
556 2491 713 2539 quidem
736 2504 815 2528 non
838 2502 906 2539 pro
929 2503 1162 2540 quocunque
1177 2504 1281 2536 casu,
1305 2491 1370 2528 sed
1385 2491 1539 2540 quando
1555 2504 1599 2528 ex
1622 2492 1868 2529 cathedra

136 2550 328 2599 loquitur,
344 2563 462 2598 quam
475 2550 677 2587 notionem
692 2562 794 2587 conc.
810 2550 991 2587 distincte
1006 2550 1163 2599 exponit
1186 2563 1209 2598 q
1221 2552 1306 2587 uat
1317 2563 1344 2587 u
1355 2563 1375 2587 o
1389 2563 1408 2586 r
1429 2550 1586 2600 exigens
1601 2551 1845 2588 conditiones
1860 2564 1869 2588 ε

137 2621 178 2650 a.
202 2623 246 2647 ex
277 2614 387 2658 parte
417 2609 713 2658 pontificis,
747 2612 792 2646 ut
824 2609 959 2646 doceat
979 2621 1056 2646 non
1079 2622 1156 2657 qua
1176 2610 1391 2659 theologus,
1425 2622 1501 2657 qua
1523 2609 1660 2647 doctus
1684 2612 1766 2655 eto,
1801 2610 1869 2647 sed

139 2681 217 2717 qua
246 2668 420 2717 pontifex
453 2665 585 2720 (sensu
615 2666 914 2718 reduplicativo)
946 2668 970 2708 i,
995 2680 1025 2704 e.
1050 2680 1125 2715 qua
1156 2668 1329 2705 omnium
1354 2668 1653 2706 christianorum
1676 2674 1808 2717 pastor
1830 2671 1870 2705 et

137 2727 270 2765 doctor
299 2740 369 2775 pro
401 2739 585 2776 suprema
616 2739 684 2764 sua
715 2727 969 2772 auctoritate3
1002 2725 1048 2767 b.
1073 2739 1117 2763 ex
1140 2730 1249 2775 parte
1271 2728 1537 2772 materiae,
1570 2731 1615 2765 ut
1639 2728 1798 2765 definiat
1820 2727 1868 2764 de

138 2785 214 2823 fide
236 2788 276 2823 et
297 2786 494 2829 moribus3
518 2795 556 2826 (Ξ.
579 2799 623 2823 ex
645 2788 755 2834 parte
778 2786 900 2823 form
914 2798 985 2831 ae,
1018 2788 1064 2822 ut
1087 2785 1253 2831 definiat,
1286 2799 1364 2823 non
1386 2789 1541 2824 tantum
1564 2787 1752 2831 consulat,
1785 2799 1867 2823 mo-

137 2846 248 2882 neat:
289 2845 354 2882 sed
386 2847 432 2881 ut
460 2845 577 2881 finem
608 2844 889 2882 controversiae
921 2844 1178 2893 peremptorie
1208 2845 1393 2893 imponat,
1426 2845 1666 2883 definitivam
1697 2846 1869 2895 proferat

286 2969 307 3009 ¹)
325 2967 375 3003 Cf.
395 2969 439 3003 de
458 2979 564 3003 sensu
582 2969 807 3003 definitionis
826 2968 1015 3002 vaticanae
1028 2969 1212 3014 insignem
1227 2971 1263 3003 et
1277 2970 1435 3004 solidam
1458 2970 1747 3015 disputationem
1763 2968 1868 3003 Vinc.

139 3026 167 3059 G
179 3037 252 3060 ass
264 3037 310 3060 er
327 3038 382 3071 ep.
400 3026 620 3061 brixinensis
638 3028 676 3061 in
695 3028 787 3061 actis
807 3038 905 3061 conc.
923 3028 996 3061 vat.
1014 3026 1069 3060 ed.
1087 3027 1241 3062 lacensis
1256 3027 1336 3069 Vll,
1350 3030 1419 3062 388
1433 3039 1478 3062 ss.
1504 3030 1539 3062 et
1563 3039 1605 3062 ex
1619 3028 1707 3072 ipsis
1728 3027 1756 3061 G
1770 3037 1817 3060 ra
1829 3037 1869 3058 n-

140 3080 315 3113 derath
333 3079 367 3114 H
387 3091 414 3113 c.
435 3082 455 3113 2
474 3082 669 3114 comment.
687 3083 727 3115 8:
748 3080 996 3115 Scheeben
1015 3081 1038 3114 l.
1059 3083 1185 3123 1532,
1204 3081 1420 3125 praesertim
1438 3093 1472 3117 n.
1493 3083 1664 3116 508—11.
