2175 3382
211 168 295 203 giu)
465 158 582 190 Tun-t.
605 157 662 189 [ΙΙ.
682 156 726 189 «le
750 156 917 191 Ecclesia.
939 156 1135 190 Mothodus
1155 155 1367 200 disputandi
1389 167 1469 189 vum
1489 155 1688 190 incredulo.

208 294 293 317 eam
316 280 436 321 audit.
463 280 591 327 ipsum
615 279 761 318 audiat.
787 291 874 316 cum
900 278 981 327 ipse
1005 278 1130 315 eidem
1153 277 1379 326 promiserit
1401 290 1610 326 perennem
1635 290 1746 315 suam
1761 278 1947 315 assisten-

209 340 301 376 tiam
326 341 444 386 atque
467 337 660 386 Spiritum
684 337 876 377 veritatis,
911 338 978 384 qui
1001 350 1088 374 cuin
1112 350 1156 374 ea
1179 349 1338 374 manens
1363 337 1401 373 in
1424 340 1622 374 aeternum
1655 349 1738 373 eam
1770 337 1887 375 ducat
1909 337 1949 373 in

210 410 362 435 omnem
386 396 607 434 veritatem.
651 396 734 440 Quo
768 396 886 433 semel
911 396 1190 440 demonstrato,
1215 399 1302 433 tuto
1319 396 1510 433 Ecclesiae
1524 395 1730 439 credimus,
1755 395 1949 444 quidquid

209 456 443 494 credendum
468 455 589 500 docet,
614 455 712 492 sicut
738 458 934 503 quondam
952 455 1087 503 judaei
1110 455 1301 503 apostolis
1317 454 1633 503 praedicantibus
1657 456 1697 491 et
1710 454 1784 503 ipsi
1797 454 1950 492 Christo

209 515 362 552 docenti
385 516 424 551 et
447 514 491 551 de
516 526 555 551 se
577 514 742 551 testanti
764 514 919 551 credere
941 516 1135 563 poterant,
1163 514 1260 562 quin
1283 514 1473 551 circulum
1499 514 1745 551 incurramus
1760 513 1950 550 vitiosum

209 575 271 611 vel
294 573 532 622 principium
556 573 899 610 demonstrationis
922 575 1113 621 petamus

330 656 568 704 Disputandi
591 656 788 692 methodus
811 668 895 692 cum
921 656 1121 695 incredulo,
1147 679 1199 682 —
1226 656 1265 692 Si
1288 668 1379 692 vero
1402 655 1618 704 disputatio
1641 658 1701 692 est
1723 655 1950 692 cumincre-

210 717 313 761 dulo,
339 715 414 752 alia
436 714 651 752 disserendi
674 714 825 751 ratione
848 716 887 751 et
909 714 1134 752 oeconomia
1156 715 1317 752 utimur.
1363 715 1634 751 Demonstrata
1669 713 1751 751 scil.
1778 712 1818 754 l.
1841 726 1949 751 reve-

210 774 367 812 lationis
388 773 648 823 possibilitate
670 774 709 810 et
731 773 975 817 necessitate,
998 773 1210 821 probamus
1234 773 1275 814 2.
1293 773 1464 810 divinam
1479 773 1620 811 Christi
1635 773 1863 811 missionem
1876 773 1949 810 tri-

207 834 302 884 plici
325 834 393 871 illo
416 833 656 878 testimonio,
682 831 786 880 quod
809 832 1062 881 exposuimus
1085 845 1120 869 n.
1147 840 1198 872 :⁷30
1225 844 1285 876 ss,
1322 834 1361 869 et
1394 845 1437 870 ex
1471 832 1668 881 adjunctis
1701 832 1825 881 ipsius
1857 832 1949 869 reli-

204 893 335 944 gionis
360 893 407 929 ab
430 904 474 929 eo
495 892 788 941 promulgatae;
812 891 859 928 ad
883 904 1001 939 quam
1023 891 1294 940 probationem
1310 891 1462 929 utimur
1476 891 1634 939 quidem
1649 891 1796 928 divinis
1810 890 1948 937 literis,

209 952 274 990 sed
298 951 399 988 ¹sicut
420 951 533 988 libris
557 951 727 988 humana
749 950 824 987 fide
847 950 987 999 dignis,
1013 962 1110 998 quae
1133 950 1336 987 continent
1358 950 1458 987 facta
1480 950 1662 999 dictaque
1685 950 1827 988 Christi
1855 949 1949 988 fide-

207 1012 299 1049 liter
321 1011 454 1052 relata,
491 1009 593 1047 sicut
615 1009 656 1047 in
692 1010 780 1047 aliis
812 1009 1116 1058 probationibus
1148 1009 1344 1046 historicis
1376 1010 1527 1046 utimur
1558 1009 1715 1058 scriptis
1746 1009 1949 1057 Herodoti,

205 1070 319 1115 Livii,
343 1069 477 1106 Taciti.
519 1069 686 1106 Probata
708 1067 749 1109 3.
773 1068 905 1105 divina
927 1068 1073 1105 Christi
1095 1068 1279 1106 missione
1311 1070 1429 1117 atque
1453 1068 1586 1106 divina
1616 1068 1815 1118 religionis
1846 1068 1948 1106 chri-

208 1129 355 1167 stianae
378 1129 540 1178 origine,
564 1128 764 1177 probanda
780 1129 861 1177 jam
884 1130 943 1165 est
964 1127 1158 1165 Ecclesiae
1192 1140 1263 1168 sec,
1285 1127 1383 1164 XIX.
1414 1128 1549 1165 missio
1572 1128 1704 1165 divina
1725 1129 1765 1165 et
1786 1127 1949 1165 docendi

208 1188 420 1226 auctoritas
443 1188 544 1234 talis,
568 1200 645 1236 qua
666 1187 826 1224 innixus
847 1189 936 1224 tuto
959 1187 1115 1224 credere
1138 1199 1162 1235 p
1176 1200 1196 1224 o
1210 1187 1340 1231 ssim,
1376 1187 1663 1224 rationabiliter
1685 1186 1842 1224 credere
1874 1186 1948 1224 de-

203 1248 356 1292 beam,
392 1249 437 1284 ut
471 1247 661 1284 sinceram
685 1246 923 1296 'cognoscam
957 1245 1210 1283 revelationis
1247 1246 1403 1283 divinae
1437 1246 1530 1284 olim
1564 1246 1686 1284 factae
1720 1245 1948 1283 doctrinam.

207 1306 313 1351 Quae
334 1306 614 1343 demonstratio
638 1305 789 1354 duplici
811 1306 876 1343 via
897 1305 1135 1343 instituitur.
1180 1306 1392 1342 Possumus
1425 1305 1507 1342 scil.
1540 1305 1745 1343 ostendere
1767 1314 1808 1345 a.
1831 1305 1948 1353 quin-

206 1365 397 1415 tuplicem
421 1365 537 1402 illum
557 1365 711 1403 radium
734 1365 788 1414 (n.
806 1371 856 1406 78
875 1361 954 1417 ss),
977 1365 1047 1412 qui
1068 1364 1296 1402 manifestat
1311 1364 1480 1402 divinam
1496 1364 1700 1414 religionis
1715 1363 1949 1402 christianae

203 1425 410 1475 originem,
444 1426 662 1472 competere
692 1424 884 1461 Ecclesiae
916 1423 1149 1461 catholicae:
1184 1423 1266 1460 scil.
1298 1424 1384 1472 ejus
1418 1424 1679 1461 venerandam
1702 1423 1887 1461 canitiem
1910 1424 1950 1460 et

204 1484 467 1522 constantiam
488 1485 549 1521 tot
570 1484 612 1520 in
634 1483 827 1532 procellis,
863 1484 946 1531 ejus
970 1483 1274 1520 catholicitatem
1297 1486 1335 1520 et
1370 1483 1411 1520 in
1442 1483 1707 1520 catholicitate
1738 1483 1946 1529 unitatem,

207 1543 416 1581 efficaciam
439 1543 481 1580 in
502 1542 762 1580 immutandis
785 1542 962 1579 moribus
984 1542 1241 1579 barbarorum
1274 1543 1312 1579 et
1328 1542 1370 1578 in
1392 1542 1636 1579 attrahendis
1664 1542 1712 1579 ad
1734 1554 1773 1579 se
1795 1555 1839 1579 ex
1863 1540 1949 1578 aliis

205 1605 278 1640 sect
287 1603 320 1640 is
341 1602 437 1640 viris
459 1601 629 1651 ingenio,
654 1601 844 1647 doctrina,
866 1601 1016 1639 virtute
1046 1601 1280 1651 insignibus,
1318 1601 1565 1650 splendorem
1588 1601 1817 1647 sanctitatis,
1849 1613 1948 1650 quae

205 1662 381 1699 cernitur
401 1662 443 1698 in
465 1661 642 1698 custodia
662 1663 742 1698 tam
764 1661 962 1709 frequenti
984 1660 1238 1698 consiliorum
1260 1660 1590 1710 evangelicorum,
1614 1661 1656 1697 in
1679 1661 1759 1698 zelo
1773 1660 1949 1698 virorum

206 1721 523 1770 apostolicorum,
556 1721 598 1757 in
620 1720 782 1757 carItate
803 1722 864 1757 tot
884 1719 1087 1769 virginum
1108 1732 1178 1768 pro
1202 1720 1329 1756 salute
1351 1719 1518 1768 proximi
1541 1719 1622 1757 sive
1645 1719 1834 1768 corporali
1867 1719 1948 1756 sive

208 1780 405 1829 spirituali
436 1780 558 1829 gratis
590 1792 630 1817 se
659 1779 961 1822 immolantium,
997 1779 1036 1816 in
1068 1781 1127 1816 tot
1163 1778 1406 1816 charismatis
1442 1779 1661 1816 animarum
1695 1778 1950 1828 singulariter

206 1840 419 1877 electarum
441 1841 512 1876 etc.
535 1838 784 1876 manifestare
806 1838 1016 1875 Ecclesiam
1039 1838 1265 1875 catholicam
1282 1850 1361 1875 non
1375 1850 1457 1875 esse
1471 1837 1706 1875 institutum
1719 1838 1947 1883 humanum,

209 1899 275 1936 sed
299 1898 646 1946 superhumanum,
670 1898 982 1946 supernaturale,
1007 1897 1200 1942 divinum,
1223 1897 1264 1933 in
1288 1909 1364 1945 quo
1386 1897 1492 1934 Deus
1516 1897 1641 1947 gratia
1656 1909 1727 1934 sua
1740 1896 1950 1934 visibiliter

208 1957 363 1994 habitet
385 1954 440 2009 (n.
468 1954 580 2009 101).
623 1956 696 1993 Vel
717 1955 765 1996 b.
790 1957 945 2006 cognita
967 1956 1109 1993 Christi
1131 1956 1316 1994 missione
1339 1958 1378 1993 et
1400 1956 1609 2006 religionis
1624 1955 1857 1994 christianae
1871 1956 1948 1993 ori-

208 2017 299 2066 gine
322 2016 464 2061 divina,
488 2028 533 2052 ex
557 2015 714 2064 scriptis
736 2015 983 2065 evangelicis,
1016 2028 1185 2064 quorum
1208 2016 1413 2052 authentia
1435 2016 1572 2053 saltem
1593 2016 1763 2052 humana
1784 2015 1860 2052 fuit
1882 2014 1948 2052 de-

208 2077 429 2113 monstrata
450 2077 490 2112 et
511 2087 679 2123 quorum
704 2076 918 2112 auctoritas
942 2085 985 2111 eo
1008 2075 1134 2123 major
1154 2074 1268 2111 modo
1298 2075 1374 2111 erit
1406 2071 1500 2126 (etsi
1531 2074 1740 2123 inspiratio
1771 2073 1948 2111 nondum

208 2133 468 2186 admittitur),
502 2146 579 2182 quo
602 2133 748 2171 certius
771 2135 932 2179 constat,
964 2133 1033 2170 illa
1054 2135 1257 2182 tamquam
1277 2133 1589 2171 fundamentalia
1618 2133 1752 2170 haberi
1782 2133 1823 2170 in
1855 2133 1947 2170 reli-

209 2193 324 2243 gione
347 2193 568 2237 christiana,
591 2195 630 2230 et
653 2205 697 2230 ex
720 2193 806 2230 aliis
830 2192 1080 2241 antiquitatis
1101 2192 1380 2238 monumentis,
1405 2205 1504 2240 quae
1527 2193 1664 2230 saltem
1679 2192 1862 2230 historice
1876 2204 1947 2229 no-

209 2253 269 2290 bis
305 2252 494 2297 referunt‚
531 2265 630 2301 quae
661 2252 709 2288 ad
745 2252 942 2289 Christum
977 2253 1016 2288 et
1049 2251 1282 2301 religionem
1318 2265 1339 2288 a
1374 2263 1413 2289 se
1447 2252 1736 2301 promulgatam
1770 2252 1949 2300 spectant

209 2309 261 2364 (n.
290 2308 409 2365 12o);
441 2311 624 2361 colligere
655 2311 790 2349 licebit
820 2310 963 2348 Christi
996 2311 1200 2348 consilium
1233 2310 1279 2347 de
1309 2311 1561 2360 propaganda
1591 2323 1662 2348 sua
1692 2311 1870 2348 doctrina
1900 2309 1948 2347 ad

209 2372 385 2419 posteras
408 2370 679 2419 generationes
703 2368 775 2422 (th.
802 2369 884 2423 23),
907 2369 1102 2407 Ecclesiae
1123 2369 1414 2407 institutionem
1436 2372 1475 2407 et
1496 2369 1660 2407 docendi
1673 2370 1948 2408 auctoritatem

210 2427 333 2482 (sicut
365 2429 552 2466 adversus
581 2431 846 2478 protestantes
879 2429 1082 2477 disputare
1116 2426 1298 2481 oportet),
1332 2431 1534 2477 certasque
1567 2431 1692 2474 notas,
1727 2429 1872 2477 quibus
1905 2441 1950 2466 ea

211 2488 368 2537 agnosci
400 2488 652 2537 dignoscique
683 2489 807 2536 possit
839 2486 958 2539 (infra
979 2501 1060 2537 cap.
1085 2486 1141 2541 4).
1187 2488 1337 2532 Quibus
1370 2488 1537 2537 cognitis
1571 2488 1827 2526 evincendum
1859 2487 1946 2532 erit,

212 2548 255 2585 in
276 2547 447 2585 Ecclesia
470 2547 659 2584 catholica
681 2560 751 2587 sec,
775 2547 873 2584 XIX.
898 2547 1078 2585 satisfieri
1100 2547 1339 2584 adamussim
1355 2547 1499 2584 Christi
1520 2547 1733 2584 intentioni
1754 2549 1872 2595 atque
1885 2559 1947 2584 re-

212 2606 334 2655 periri
355 2608 467 2643 notas
487 2607 664 2654 proprias
686 2606 880 2644 Ecclesiae
902 2620 924 2643 a
946 2619 986 2644 se
1008 2606 1196 2644 conditae.

330 2700 673 2738 Demonstratione
705 2701 893 2746 absoluta,
927 2702 1039 2749 cujus
1071 2701 1223 2739 fructus
1255 2704 1316 2739 est
1347 2702 1518 2751 cognitio
1551 2700 1843 2748 rationalis,
1874 2702 1946 2739 Ec·

211 2759 366 2797 clesiam
388 2759 616 2797 catholicam
639 2771 710 2799 see.
734 2759 832 2796 XIX.
855 2772 940 2797 esse
971 2760 1205 2798 institutum
1237 2760 1415 2798 divinum
1449 2760 1496 2798 ad
1528 2759 1741 2798 edocendos
1771 2761 1946 2799 homines

210 2819 315 2856 viam
338 2817 478 2855 salutis
502 2830 571 2855 seu
592 2817 802 2855 Ecclesiam
828 2831 849 2855 a
872 2819 1025 2856 Christo
1046 2819 1285 2865 institutam,
1309 2832 1409 2867 quae
1431 2819 1504 2857 sub
1527 2819 1613 2868 ejus
1634 2819 1762 2856 tutela
1776 2832 1846 2868 pro
1861 2820 1946 2869 ipso

211 2877 406 2927 legatione
427 2876 637 2926 fungatur:
670 2877 816 2925 poterit
849 2878 962 2915 homo
979 2878 1061 2926 jam
1093 2878 1392 2923 rationabiliter,
1424 2878 1651 2927 prudenter,
1684 2880 1772 2916 tuto
1803 2875 1947 2932 (gratia

211 2937 384 2985 adjutus,
407 2948 508 2984 quae
530 2935 631 2973 nulli
652 2935 775 2972 bonae
797 2936 1012 2974 voluntatis
1035 2934 1163 2990 deest)
1187 2937 1342 2975 credere
1363 2937 1558 2975 Ecclesiae
1573 2937 1653 2975 sive
1668 2937 1714 2974 de
1729 2950 1770 2975 se
1783 2938 1946 2975 testanti

213 2995 294 3033 sive
316 2995 473 3033 docenti
492 2994 648 3032 nomine
670 2994 814 3032 Christi
836 2995 1053 3032 doctrinam
1074 2997 1298 3042 revelatam,
1322 3008 1364 3034 ac
1386 2996 1418 3033 si
1441 2996 1618 3034 Christus
1632 2997 1716 3045 ejus
1729 3009 1794 3034 ore
1807 2997 1945 3045 loque-

215 3055 346 3100 retur3
370 3054 473 3092 sicut
494 3053 709 3102 prudenter
731 3055 771 3090 et
791 3055 878 3091 tuto
902 3054 1030 3103 legato
1052 3055 1171 3104 regio,
1207 3068 1316 3093 suam
1338 3055 1563 3092 missionem
1592 3055 1740 3105 regiam
1770 3068 1945 3105 compro-

214 3113 336 3159 banti,
369 3113 523 3151 credere
543 3124 754 3162 possumus
785 3115 832 3150 ut
854 3112 929 3161 ipsi
960 3113 1054 3162 regi,
1087 3114 1155 3162 qui
1187 3127 1256 3163 per
1289 3126 1379 3151 eum
1411 3114 1606 3162 loquitur;
1644 3114 1746 3152 sicut
1778 3114 1946 3164 gentiles
