2175 3382
716 103 768 136 De
786 103 968 136 elemento
986 101 1171 135 materiali
1191 103 1386 137 Ecclesiae.
1842 112 1926 153 255

194 223 304 263 intus
326 223 435 262 inter
457 233 502 262 se
526 225 734 269 uniantur,
758 221 888 261 vitam
913 220 1063 272 capitis
1085 221 1240 269 vivant,
1273 222 1401 262 vitam
1425 223 1698 274 spiritualem,
1730 226 1926 268 christia-

191 305 302 341 nam,
325 292 705 345 supernaturalem,
737 291 1048 332 conducentem
1073 291 1128 332 ad
1150 291 1330 333 salutem
1355 298 1574 335 aeternam
1596 296 1647 349 1);
1679 308 1755 337 seu
1786 298 1922 338 conti-

190 368 313 405 netur
344 362 666 404 efficienter
698 362 916 415 multiplici
939 362 1187 414 operatione
1219 366 1261 403 et
1292 362 1451 404 influxu
1474 365 1561 405 sive
1585 365 1738 407 Christi
1761 368 1924 420 capitis,

189 436 257 487 qui
280 447 366 476 non
388 446 511 475 secus
534 446 584 474 ac
607 434 701 474 vitis
724 434 767 474 in
788 433 983 485 palmites
1006 433 1137 473 vitam
1160 436 1202 473 et
1224 433 1422 474 virtutem
1445 435 1532 475 suis
1553 436 1756 478 membris
1777 437 1925 487 influit,

189 506 275 546 sive
298 503 477 557 Spiritus
508 505 655 553 sancti,
688 504 758 556 qui
789 503 1024 544 Ecclesiam
1056 503 1178 543 donis
1210 509 1390 544 exornat
1421 517 1472 545 ac
1504 505 1630 546 veluti
1663 507 1825 548 animat
1858 509 1923 564 (cf.

189 588 227 618 n.
251 577 333 619 211
357 576 386 631 1)
400 591 412 624 ,·
443 574 705 616 effective
736 586 838 615 vero
862 586 948 615 non
970 573 1108 615 differt
1129 573 1184 615 ab
1206 574 1298 626 ipsa
1319 575 1408 615 vita
1430 574 1614 616 fidelium
1637 579 1919 629 superaturali

187 647 294 689 fidei.
326 649 416 701 spei
448 652 489 688 et
519 647 719 694 caritatis,
752 658 777 686 a
808 646 952 698 gratiis
984 650 1151 696 gratum
1173 645 1424 686 facientibus
1448 650 1489 687 et
1511 647 1639 699 gratis
1662 647 1783 697 datis,
1814 661 1920 701 quas

189 717 377 759 Christus
400 722 527 771 caput
548 718 634 759 suis
657 717 858 758 membris
881 716 1069 768 inspirat.
1111 715 1195 757 Seu
1217 716 1309 757 aliis
1331 716 1491 758 verbis:
1524 718 1633 758 sicut
1658 718 1701 758 in
1732 719 1920 771 qualibet

188 789 391 830 societate
415 793 561 829 mutua
584 788 873 829 membrorum
897 787 1155 839 conspiratio
1188 787 1229 827 in
1256 787 1445 839 ejusdem
1467 787 1593 829 finem
1617 789 1761 829 anima
1784 790 1921 830 socie-

187 859 284 900 tatis
306 859 387 900 dici
409 863 560 911 potest,
584 871 634 900 ea
658 859 769 899 enim
786 858 980 899 membra
1002 857 1056 898 ad
1079 857 1290 910 agendum
1305 863 1447 899 movet
1470 871 1521 900 ac
1544 859 1720 912 proinde
1744 860 1830 900 vita
1852 873 1924 901 so-

187 929 281 970 ciali
303 929 435 970 donat
456 934 498 970 et
519 930 627 971 inter
650 941 695 970 se
727 929 963 981 conjungit3
995 940 1046 969 ea
1078 941 1179 969 vero
1211 928 1380 969 sublata
1410 930 1519 982 perit
1551 931 1757 971 societas:
1790 931 1849 971 ita
1882 937 1923 971 et

186 1005 332 1041 mutua
354 1000 645 1041 membrorum
667 1000 881 1041 Ecclesiae
904 1000 1164 1052 conspiratio
1189 999 1242 1040 ad
1274 999 1399 1052 hujus
1425 1001 1773 1053 consequendum
1796 1001 1922 1043 finem

186 1072 328 1112 anima
341 1071 555 1112 Ecclesiae
577 1071 659 1112 dici
681 1071 845 1123 poterit.
880 1070 1006 1123 Atqui
1028 1082 1104 1122 per
1125 1070 1250 1111 fidem
1274 1071 1463 1112 omnium
1487 1070 1672 1112 fidelium
1694 1077 1858 1114 mentes
1880 1074 1922 1113 in

187 1142 366 1183 eundem
389 1142 623 1194 diriguntur
646 1142 792 1190 linem;
824 1153 900 1194 per
931 1153 1050 1194 spem
1072 1141 1126 1182 ad
1148 1141 1263 1194 illum
1288 1142 1636 1194 consequendum
1659 1143 1919 1194 excitantur3

185 1224 260 1265 per
282 1213 504 1254 caritatem
536 1213 579 1253 in
610 1213 725 1254 illum
758 1215 980 1265 rapiuntur
1011 1217 1052 1254 et
1083 1212 1193 1254 inter
1223 1224 1269 1253 se
1292 1211 1646 1265 conglutinantur,
1682 1219 1727 1255 ut
1763 1215 1921 1256 viribus

186 1284 312 1324 unitis
334 1283 618 1336 operibusque
641 1283 898 1324 salutaribus
921 1283 1036 1324 illum
1059 1287 1353 1336 assequantur.
1395 1283 1545 1324 Merito
1569 1296 1668 1336 ergo
1697 1285 1847 1327 dicitur
1879 1287 1919 1326 in

185 1353 275 1402 fide,
299 1366 373 1406 spe
395 1358 437 1395 et
459 1341 637 1395 caritate
660 1355 860 1407 omnique
883 1355 1019 1407 gratia
1041 1356 1218 1403 interna,
1253 1367 1336 1407 qua
1358 1354 1502 1396 fideles
1525 1355 1782 1407 imbuuntur,
1817 1369 1919 1398 con-

183 1425 331 1465 sistere
352 1424 566 1466 Ecclesiae
590 1426 788 1466 animam.

299 1497 341 1540 2.
364 1493 634 1537 Ostendimus
656 1496 889 1537 Ecclesiam
921 1508 1014 1538 esse
1041 1497 1288 1538 societatem
1315 1498 1371 1552 (n.
1398 1498 1510 1553 194),
1554 1497 1598 1537 In
1630 1497 1817 1550 qualibet
1847 1512 1916 1540 so-

185 1566 337 1607 cietate
358 1578 460 1608 vero
484 1566 739 1619 distinguere
761 1567 858 1607 licet
880 1567 1135 1608 elementum
1160 1567 1451 1608 materiale
1484 1572 1525 1608 et
1546 1567 1679 1608 form
1694 1568 1789 1610 ale.
1831 1569 1916 1610 Ho-

182 1637 317 1678 mines
339 1637 428 1678 sive
449 1637 654 1686 membra,
678 1649 787 1690 quae
802 1638 1060 1689 conspirant,
1083 1638 1292 1679 rationem
1315 1638 1475 1679 habent
1498 1639 1694 1679 elementi
1716 1651 1791 1680 seu
1813 1652 1916 1681 cau-

183 1719 255 1748 sae
279 1708 522 1749 materialis.
556 1720 607 1749 ex
639 1720 722 1761 qua
746 1713 914 1749 constat
935 1721 1011 1750 seu
1034 1708 1244 1750 conflatur
1265 1710 1470 1750 societas:
1504 1710 1671 1751 vincula
1702 1722 1803 1751 vero
1835 1711 1916 1760 illa,

182 1791 290 1831 quae
322 1779 518 1820 homines
560 1791 636 1820 seu
670 1779 865 1820 membra
899 1780 942 1820 in
972 1792 1103 1820 unum
1135 1792 1290 1832 corpus
1322 1781 1626 1832 constringunt,
1660 1781 1701 1821 vi
1735 1794 1915 1834 quorum

180 1849 470 1890 membrorum
493 1850 711 1902 pluralitas
734 1855 961 1891 revocatur
984 1851 1037 1891 ad
1059 1852 1278 1899 unitatem,
1301 1852 1513 1892 rationem
1536 1851 1697 1893 habent
1718 1855 1915 1894 elementi

182 1932 256 1961 seu
279 1932 435 1961 causae
458 1920 659 1969 formalis,
692 1934 776 1974 qua
798 1923 907 1962 ratio
931 1922 1146 1963 societatis
1169 1923 1449 1963 constituitur.
1493 1922 1633 1974 Quare
1657 1924 1813 1976 duplex
1835 1924 1916 1965 hoc

181 1990 435 2032 elementum
458 1991 501 2032 in
524 1992 710 2033 Ecclesia
732 2005 901 2046 quoque
924 1993 1161 2034 invenietur
1183 1993 1450 2046 discernique
1472 1995 1637 2046 poterit.
1666 1994 1916 2046 Inpraesen-

179 2062 332 2103 tiarum
355 2063 490 2104 solum
515 2063 566 2104 de
590 2064 799 2105 elemento
832 2063 1111 2104 materiali
1143 2076 1218 2105 seu
1241 2064 1294 2105 de
1319 2064 1532 2113 membris,
1565 2077 1617 2106 ex
1640 2065 1792 2118 quibus
1815 2078 1915 2107 coa-

182 2133 301 2174 lescit
322 2133 520 2177 Ecclesia.
542 2135 699 2176 erimus
721 2135 899 2178 solliciti.

248 2229 258 2242 ·
297 2205 339 2248 3.
375 2204 663 2258 Distinguatur
696 2206 805 2247 inter
839 2207 1062 2247 materiam
1098 2205 1310 2247 Ecclesiae
1351 2211 1616 2247 remotam
1653 2211 1693 2247 et
1727 2208 1913 2259 proxi-

180 2287 220 2314 m
234 2287 325 2317 am.
365 2274 546 2317 Nomine
568 2278 773 2318 materiae
796 2284 1042 2318 remotae
1064 2277 1133 2318 illa
1155 2277 1406 2330 intelligitur,
1434 2289 1485 2318 ex
1509 2290 1591 2330 qua
1614 2289 1682 2319 res
1705 2283 1803 2319 actu
1825 2290 1912 2318 non

181 2350 358 2395 constat,
389 2346 463 2387 sed
486 2359 595 2400 quae
617 2360 695 2400 par
718 2352 782 2389 est
803 2352 929 2401 atque
951 2348 1107 2389 idonea
1129 2347 1183 2389 ad
1205 2360 1295 2388 rem
1319 2348 1660 2389 constituendam
1685 2349 1737 2405 (si
1770 2353 1912 2390 certae

180 2416 387 2458 accedant
408 2417 705 2474 conditiones),
728 2431 921 2472 quaeque
944 2418 998 2460 ad
1022 2430 1117 2459 eam
1141 2419 1482 2459 constituendam
1505 2419 1787 2461 destinatione
1810 2421 1912 2460 arti-

178 2486 266 2528 ficis
281 2488 518 2529 ordinatur:
543 2490 724 2530 materia
737 2502 838 2530 vero
862 2490 1110 2542 proxima
1132 2489 1202 2530 illa
1225 2494 1299 2537 est,
1323 2501 1433 2542 quae
1455 2502 1541 2531 non
1565 2490 1691 2531 modo
1717 2495 1817 2543 apta
1839 2495 1912 2539 est,

180 2569 202 2598 e
223 2570 308 2611 qua
329 2571 398 2600 res
420 2558 504 2608 fiat,
527 2560 600 2601 sed
624 2572 734 2613 quae
756 2561 815 2601 uti
839 2560 961 2601 decet
982 2565 1219 2612 temperata
1242 2560 1412 2613 suisque
1434 2561 1640 2602 instructa
1662 2562 1799 2602 modis
1823 2573 1911 2602 rem

180 2633 276 2670 actu
299 2630 525 2671 constituit.

296 2702 394 2745 225.
416 2700 577 2752 Quibus
604 2703 859 2754 praemissis,
883 2707 928 2744 ut
944 2703 1034 2755 jam
1056 2703 1228 2755 propius
1263 2703 1519 2744 accedamus
1542 2704 1595 2744 ad
1618 2705 1911 2756 quaestionem

181 2770 230 2811 de
253 2782 384 2812 causa
407 2773 619 2813 materiali
640 2785 716 2814 seu
738 2774 790 2814 de
814 2773 1016 2814 membris
1038 2772 1263 2823 Ecclesiae,
1286 2774 1511 2815 statuimus
1533 2787 1671 2827 prop:
1695 2774 1765 2814 Ad
1787 2778 1909 2814 mate-

180 2842 288 2881 riam
311 2841 517 2884 Ecclesiae
540 2849 737 2885 remotam
760 2846 994 2885 universum
1020 2843 1249 2885 humanum
1277 2858 1408 2899 yenus
1439 2850 1593 2899 spectat
1605 2861 1621 2895 ;
1652 2844 1765 2897 quod
1795 2849 1910 2895 patet

325 2932 348 2971 ¹)
367 2929 442 2962 Imo
461 2929 549 2963 licet
566 2930 750 2974 duplicem
768 2931 885 2965 veluti
899 2931 1060 2964 animam
1075 2931 1258 2964 Ecclesiae
1273 2930 1513 2975 distinguere,
1527 2932 1636 2975 prout
1652 2930 1814 2964 Ecclesia
1829 2939 1909 2962 con—

179 2982 359 3016 sideratur
375 2982 431 3016 vel
449 2985 491 3016 ut
508 2983 663 3018 societas
681 2986 736 3019 est
754 2985 922 3019 visibilis.
941 2985 998 3018 vel
1017 2986 1128 3028 prout
1155 2985 1210 3017 est
1236 2985 1391 3017 societas
1420 2984 1709 3027 supernaturalis
1727 2985 1763 3017 et
1781 2993 1908 3026 corpus

180 3035 314 3069 Christi
331 3035 456 3068 vivum
475 3035 531 3076 (cf.
550 3036 646 3070 infra
663 3049 699 3071 n.
720 3039 811 3077 237).
847 3037 957 3071 Porro
975 3048 1056 3070 cum
1075 3037 1118 3070 de
1137 3036 1261 3069 anima
1279 3035 1464 3069 Ecclesiae
1490 3038 1544 3069 est
1572 3046 1699 3076 sei-mo,
1720 3035 1808 3068 haec
1827 3045 1908 3067 con-

178 3089 358 3122 sideratur
375 3090 417 3122 ut
435 3089 489 3122 esi]
507 3090 661 3124 societas
679 3090 971 3134 supernaturalis
990 3091 1025 3124 et
1045 3099 1174 3133 corpus
1194 3088 1328 3123 Christi
1347 3089 1482 3123 vivum.
