2175 3382
467 138 595 173 Thesis
613 139 702 173 LIX.
723 137 935 172 Catholicae
954 146 1086 171 nomen
1106 139 1161 171 est
1178 137 1369 181 proprium
1388 147 1495 171 verae
1515 137 1710 171 Ecclesiae.
1869 138 1953 182 321

853 315 1195 359 Articulus
1227 314 1321 357 ΙΙΙ.

675 411 743 452 De
775 409 1060 451 Ecclesiae
1094 407 1499 449 catholicitate.

338 509 433 551 304.
459 507 627 549 TheSiS
650 505 778 548 LIX·
825 519 894 552 De
929 518 1141 560 apposito
1177 514 1538 556 catholicae,
1574 515 1696 556 quod
1731 513 1958 547 Ecclesiae

218 579 458 618 tribuitur,
483 579 734 613 statuimus
761 577 799 610 1.
826 577 948 611 illud
965 575 1072 618 jam
1099 577 1206 609 ante
1232 574 1514 608 novatianas
1539 573 1703 606 turbas
1730 572 1957 605 Ecclesiae

213 638 362 679 fuisse
388 639 631 679 tributum,
657 640 707 671 ut
733 637 775 670 2.
807 636 1007 670 Ecclesia
1033 635 1403 675 distinqueretur
1421 632 1836 665 cohaereticorum
1863 640 1959 665 coe-

218 697 369 737 tibus:
393 698 584 739 ideoque
610 696 654 730 3.
681 704 851 730 nomen
877 703 969 728 esse
994 702 1132 727 verae
1152 692 1382 726 Ecclesiae
1407 691 1686 733 proprinm;
1712 690 1787 724 illl
1804 693 1956 724 atatem

220 756 263 790 4.
290 758 543 798 competere
569 755 731 796 coetui,
757 755 837 797 qui
862 754 1078 788 societate
1104 760 1301 786 romano
1324 750 1534 793 pontifici
1551 749 1788 792 Junyilur.

337 835 698 878 Demonstratio
721 848 765 889 Ι).
790 834 828 877 I.
874 836 1087 874 Catholicae
1122 847 1257 874 nomen
1292 835 1487 884 antiquius
1519 845 1596 870 esse
1631 833 1755 870 turbis
1789 834 1960 869 novalia·
1976 823 2171 926 w

219 909 357 935 norum
381 895 427 949 (c.
450 910 482 937 a.
508 893 622 949 251),
645 896 847 946 colligitur
868 909 912 933 ex
936 895 1119 933 ecclesiae
1152 906 1353 944 smyrne
1367 894 1446 931 nsi
1462 905 1479 930 s
1512 892 1558 930 de
1590 892 1772 940 passione
1794 903 1822 929 s.
1845 891 1961 940 Poly-

219 956 324 1005 carpi
348 956 516 1005 epistola
538 953 630 1007 (sec.
652 954 720 1008 II),
745 968 862 1004 quam
891 954 1111 1003 inscripsit:
1157 980 1174 998 »
1186 953 1379 991 Omnibus
1412 952 1558 1000 ubique
1590 953 1784 988 terrarum
1808 954 1962 987 sanctae
1973 969 2175 1006 “ww

219 1018 261 1053 et
281 1015 494 1053 catholicae
515 1015 713 1052 Ecclesiae
735 1014 973 1064 paroeciis3«
999 1013 1044 1053 cf.
1059 1026 1097 1051 n.
1118 1019 1181 1053 18.
1204 1019 1274 1057 193
1297 1013 1436 1061 etjam
1459 1014 1573 1048 antea
1596 1022 1624 1047 s.
1647 1010 1891 1059 Ignatius
1913 1009 1962 1048 M.

220 1087 278 1123 ep.
300 1075 347 1111 ad
371 1085 598 1123 smyrnaeos
619 1087 656 1110 n.
682 1080 704 1115 8
730 1074 861 1111 docet:
898 1073 1002 1118 „Ubi
1024 1072 1145 1109 suerit
1168 1071 1360 1116 Christus,
1384 1071 1439 1107 ibi
1462 1069 1649 1107 catholica
1672 1073 1733 1106 est.
1753 1068 1961 1106 Ecclesia<<

219 1134 372 1171 Pariter
392 1134 433 1170 in
456 1133 674 1182 fragmento
697 1133 840 1170 celebri
863 1131 1223 1170 muratoriano
1247 1142 1319 1168 sec.
1343 1130 1392 1167 ΙΙ.
1408 1129 1576 1167 Ecclesia
1598 1128 1743 1176 passim
1769 1128 1965 1164 salutatur

221 1193 422 1230 catholica.
465 1191 675 1240 Reperitur
706 1192 809 1229 illud
840 1192 881 1229 in
913 1191 1089 1240 symbolo
1121 1189 1334 1238 apostolico
1357 1189 1572 1226 secundum
1588 1182 1761 1224 ‘formam
1783 1186 1963 1224 ecclesiae

220 1251 594 1289 alexandrinae
625 1254 665 1288 et
696 1250 1218 1299 hierosolymitanam
1250 1251 1383 1286 tamen
1415 1247 1526 1285 deest
1547 1247 1589 1284 in
1611 1246 1745 1292 forma,
1780 1258 1857 1293 qua
1878 1246 1964 1282 ute-

220 1311 368 1348 bantur
388 1311 573 1348 ecclesiae
595 1323 810 1356 romana,
834 1309 1250 1353 ravennatensis,
1274 1307 1472 1356 aquilej
1488 1305 1630 1344 ensis
1654 1308 1703 1342 et
1724 1304 1964 1342 africana:

222 1369 507 1407 solemnissime
529 1382 619 1407 vero
642 1372 842 1418 receptum
866 1369 944 1406 fuit
964 1369 1004 1405 in
1027 1368 1250 1417 symbolum
1275 1381 1295 1404 a
1317 1366 1464 1416 synodo
1489 1364 1737 1403 oecumenica
1758 1364 1807 1401 Il.
1822 1376 1853 1401 a.
1872 1369 1965 1403 381.

347 1464 442 1505 305.
467 1461 829 1504 Demonstratio
853 1474 897 1515 p.
924 1460 991 1503 II.
1038 1458 1272 1499 Catholicae
1303 1458 1467 1497 *nornine
1498 1469 1635 1497 veram
1668 1454 1891 1495 Ecclesiam
1916 1453 1966 1494 al»

226 1532 524 1573 haereticorum
548 1532 723 1573 coetibus
753 1532 968 1585 distinqui,
1001 1530 1331 1571 luculentissime
1363 1533 1506 1581 patres
1529 1531 1749 1569 testantur.
1792 1526 1853 1567 Ita
1877 1525 1967 1566 Pa-

158 1652 180 1662 ..
228 1603 419 1644 cianus
451 1602 773 1644 barcinonensis
797 1603 840 1657 (ἢ
863 1615 899 1644 a.
923 1603 1026 1658 392)
1058 1601 1204 1642 scribit
1237 1613 1298 1653 ep.
1327 1604 1347 1642 1
1374 1599 1428 1641 ad
1452 1598 1674 1652 Sympron.
1698 1611 1736 1641 n.
1761 1602 1807 1642 3:
1857 1595 1968 1648 „Sub

145 1678 155 1694 ⁸
180 1684 185 1726 ;
228 1674 444 1727 apostolis,
467 1675 642 1727 inquies.
666 1686 792 1715 nemo
816 1673 1049 1715 catholicus
1071 1672 1318 1713 vocabatur.
1361 1670 1474 1719 Esto,
1505 1670 1565 1711 sic
1599 1669 1735 1717 fuerit,
1770 1668 1836 1709 vel
1870 1667 1969 1708 illud

187 1742 205 1780 ‘x
227 1744 406 1797 indulge.
449 1744 554 1786 Cum
577 1750 673 1798 post
695 1745 913 1798 apostolos
935 1745 1137 1785 haereses
1161 1743 1420 1784 exstitissent
1441 1741 1702 1793 diversisque
1726 1738 1970 1780 nominibus

185 1815 202 1823 “
228 1815 473 1856 columbam
495 1816 571 1857 Dei
594 1822 720 1869 atque
743 1817 931 1868 reginam
955 1816 1146 1857 lacerare
1170 1826 1245 1867 per
1266 1818 1410 1866 partes
1433 1817 1475 1854 et
1497 1812 1690 1853 scindere
1724 1811 1972 1858 niterentur,

229 1898 372 1927 nonne
395 1899 633 1939 cognomen
655 1901 777 1929 suum
800 1887 920 1940 plebs
942 1886 1179 1939 apostolica
1192 1884 1449 1938 postulabat,
1473 1895 1557 1936 quo
1579 1882 1812 1934 incorrupti
1827 1879 1971 1933 populi

230 1957 505 2009 distingueret
526 1959 743 2007 unitatem,
765 1970 819 1999 ne
841 1958 1139 1999 intemeratam
1162 1956 1238 1997 Dei
1260 1955 1464 2007 virginem
1490 1965 1609 1994 error
1633 1953 1871 2005 aliquorum
1894 1961 1969 2003 per

230 2028 424 2069 membra
445 2031 684 2070 laceraret?
728 2028 878 2070 Nonne
910 2028 1193 2081 appellatione
1224 2026 1396 2079 propria
1428 2025 1569 2066 decuit
1591 2027 1719 2076 caput
1741 2021 1971 2075 principale

230 2099 416 2151 signari?
459 2099 544 2152 Ego
567 2100 674 2141 forte
696 2100 910 2152 ingressus
935 2099 1187 2151 populosam
1209 2097 1359 2139 urbem
1382 2096 1521 2145 hodie,
1553 2107 1649 2136 cum
1682 2093 1972 2139 marcionitas,

232 2182 328 2211 cum
351 2171 720 2223 appolhnariacos,
743 2171 1038 2223 cataphrygas,
1075 2169 1329 2210 novatianos
1362 2172 1403 2208 et
1435 2172 1600 2208 ceteros
1624 2163 1832 2217 ejusmodi
1854 2175 1972 2204 coni-

232 2242 448 2294 perissem‚
480 2243 550 2295 qui
585 2254 631 2283 se
662 2242 916 2283 christianos
947 2244 1165 2290 vocarent,
1197 2251 1280 2292 quo
1314 2238 1567 2290 cognomine
1600 2235 1973 2287 congregationem

233 2324 355 2354 meae
377 2313 511 2365 plebis
534 2325 823 2366 agnoscerem,
847 2313 927 2353 nisi
949 2311 1232 2353 catholica
1255 2310 1519 2350 diceretur‘?“
1569 2306 1618 2347 Et
1641 2319 1677 2349 n.
1700 2310 1728 2350 4
1750 2317 1880 2346 aurea
1904 2304 1975 2345 illa

233 2383 392 2435 profert
413 2383 568 2424 verba:
594 2383 708 2433 „Nec
732 2388 876 2424 tamen
898 2388 1081 2432 aestues,
1113 2382 1263 2431 frater3
1295 2380 1550 2421 christianus
1582 2377 1683 2418 mihi
1700 2381 1703 2384 '
1719 2388 1877 2417 nomen
1899 2379 1974 2423 est,

234 2454 467 2495 catholicus
483 2467 582 2495 vero
599 2466 847 2506 cognomen.
870 2453 973 2494 Illud
1001 2465 1069 2494 me
1092 2456 1321 2503 nuncupat,
1344 2450 1454 2491 istud
1472 2448 1676 2496 ostendit3
1699 2448 1781 2488 hoc
1802 2446 1975 2499 probor,

236 2524 330 2565 inde
365 2526 608 2576 significor.“
659 2524 698 2568 S.
733 2524 764 2566 C
779 2525 977 2578 yffl-lns
1012 2524 1113 2566 hier.
1149 2524 1207 2563 ita
1243 2521 1576 2562 catechumenos
1609 2519 1777 2560 instruit
1807 2522 1886 2561 cat.
1923 2520 1974 2561 18

235 2607 272 2638 n.
297 2598 373 2639 26:
403 2594 469 2646 „Si
491 2597 661 2649 quando
684 2597 976 2649 peregrinatus
992 2595 1119 2635 fueris
1133 2595 1176 2634 in
1190 2592 1442 2641 civitatibus,
1456 2604 1509 2632 ne
1524 2590 1769 2642 simpliciter
1783 2588 1974 2641 requiras<

235 2665 308 2706 ubi
338 2667 392 2707 sit
421 2666 679 2708 dominicum
712 2668 753 2723 (i.
776 2678 810 2710 e.
835 2666 963 2707 aedes
986 2666 1141 2720 sacra),
1174 2676 1274 2705 nam
1307 2667 1348 2704 et
1379 2668 1548 2703 ceterae
1582 2661 1809 2713 irrpiorum
1833 2663 1975 2700 sectae

237 2741 364 2789 atque
385 2738 586 2780 haereses
609 2751 708 2780 suas
730 2739 921 2791 ipsorum
946 2736 1170 2789 speluncas
1202 2735 1512 2776 dominicorum
1543 2732 1715 2773 nomine
1746 2731 1976 2771 honestare

238 2808 443 2855 nituntur:
467 2820 603 2862 neque
619 2810 689 2850 ubi
704 2811 756 2851 sit
770 2809 1015 2861 simpliciter
1029 2806 1221 2855 ecclesia,
1236 2805 1310 2847 sed
1325 2804 1463 2846 ubisit
1487 2816 1509 2844 c
1521 2816 1546 2844 a
1558 2807 1574 2843 t
1585 2803 1612 2843 h
1624 2802 1673 2843 ol
1686 2802 1697 2841 i
1710 2813 1732 2842 c
1745 2813 1769 2841 a
1785 2799 1975 2855 ecclesia⁷

238 2879 319 2920 hoc
343 2880 453 2920 enim
476 2881 693 2932 proprium
715 2891 873 2921 nornen
896 2883 960 2919 est
982 2878 1106 2930 hujus
1129 2880 1305 2917 sanctae
1329 2880 1370 2917 et
1392 2875 1539 2916 matris
1563 2873 1755 2914 omnium
1768 2874 1974 2917 nostrum,

239 2963 348 3003 quae
371 2951 537 3003 quidem
563 2955 604 2992 et
625 2963 784 3003 sponsa
807 2955 870 2991 est
890 2949 935 2990 D.
959 2948 1006 2991 N.
1028 2948 1129 2989 Jesu
1145 2947 1332 2988 Christi.“
1362 2946 1474 2987 idem
1492 2945 1615 2986 docet
1637 2943 1709 2983 Au
1724 2940 1974 2994 gustinus

240 3034 369 3074 supra
391 3034 428 3062 n.
460 3024 558 3069 1013
580 3022 632 3062 dc
653 3033 757 3062 vera
778 3021 890 3072 relig.
913 3033 948 3060 c.
972 3024 1017 3063 6:
1068 3018 1154 3070 „Ab
1186 3017 1402 3058 haeretico
1435 3016 1607 3057 nomine
1630 2991 1989 3062 nosffiopulus,

240 3094 320 3134 hac
343 3092 624 3145 appellatione
647 3092 854 3141 dividitur,
877 3103 972 3131 cum
997 3089 1230 3130 catholicus
1253 3088 1437 3128 dicitur.“

384 3175 543 3204 Hurter,
566 3173 710 3206 Compend.
731 3172 885 3204 theologiae
906 3175 928 3200 1.
952 3172 984 3196 10
1015 3171 1057 3196 ed.
1694 3155 1734 3186 '21
