2175 3382
751 966 1307 1044 Prolegomena.

278 1203 305 1244 Ι.
334 1202 372 1242 Τ
368 1202 573 1256 lzeoloqiae
605 1203 724 1243 notio.
750 1229 804 1233 —
826 1202 1057 1255 Theologia
1089 1215 1141 1244 ex
1172 1203 1264 1255 ipso
1299 1204 1482 1245 nominis
1505 1209 1646 1257 etymo
1670 1211 1733 1247 est
1755 1219 1894 1250 sermo

161 1286 238 1315 seu
259 1273 453 1315 doctrina
475 1273 527 1314 de
541 1273 649 1314 Deo:
672 1286 759 1315 non
782 1278 925 1315 tamen
949 1274 1144 1315 doctrina
1167 1274 1392 1327 quaelibet,
1416 1275 1489 1316 sed
1505 1288 1614 1328 quae
1629 1277 1681 1317 ad
1696 1279 1898 1321 scientiae

161 1357 358 1386 normam
388 1345 441 1385 sit
472 1355 684 1397 expressa.
729 1343 1088 1396 Significationem
1120 1345 1231 1386 hanc
1264 1345 1390 1386 etiam
1422 1358 1553 1398 penes
1584 1354 1727 1399 patres
1758 1349 1898 1397 habet,

162 1415 314 1469 quibus
344 1416 559 1468 theologia
591 1420 653 1457 est
685 1416 879 1457 doctrina
907 1417 994 1457 sive
1017 1416 1069 1457 de
1091 1416 1179 1457 Deo
1203 1430 1288 1457 uno
1312 1417 1545 1458 secundum
1569 1422 1777 1468 naturam,
1810 1421 1897 1461 sive

162 1487 214 1527 de
237 1500 289 1527 55.
312 1486 529 1537 Trinitate‚
551 1488 639 1528 sive
662 1488 790 1529 etiam
813 1487 864 1528 de
888 1488 1061 1539 singulis
1083 1488 1125 1528 in
1139 1487 1344 1529 Trinitate
1366 1489 1571 1541 personis.
1595 1487 1731 1542 Saepe
1754 1494 1897 1532 tamen

160 1557 399 1610 theologiae
430 1558 602 1599 nomine
635 1558 878 1610 intelligitur
909 1558 1104 1599 doctrina
1136 1563 1178 1599 et
1208 1559 1386 1600 scientia
1416 1572 1502 1600 non
1536 1564 1699 1601 tantum
1723 1561 1774 1601 de
1795 1561 1896 1611 Deo,

161 1628 236 1669 sed
267 1629 447 1669 aliorum
479 1630 620 1679 etiam,
660 1641 770 1682 quae
802 1629 945 1670 divina
975 1630 1236 1671 revelatione
1268 1631 1549 1679 continentur,
1588 1635 1714 1684 atque
1746 1632 1804 1673 ita
1834 1637 1898 1673 est

161 1699 337 1741 scientia
368 1700 638 1742 revelationis
670 1713 744 1742 seu
774 1700 869 1742 fidei
893 1700 1163 1757 (objectivae)
1187 1701 1396 1753 probatio,
1428 1701 1664 1754 explicatio,
1696 1702 1896 1744 defensio.

162 1770 295 1812 Porro
326 1771 528 1812 revelatio
564 1771 796 1812 christiana
828 1771 1123 1823 complectitur
1154 1771 1367 1813 credenda
1399 1776 1440 1813 et
1471 1772 1646 1824 agenda,
1681 1785 1756 1813 seu
1788 1785 1896 1826 quae

161 1846 354 1894 spectant
386 1842 439 1883 ad
471 1842 634 1883 fidem
666 1847 708 1883 et
738 1842 792 1883 ad
823 1854 1021 1892 mores,
1053 1846 1098 1883 ut
1129 1842 1267 1883 solent
1299 1843 1483 1894 theologi
1514 1842 1770 1895 distinguere
1801 1856 1896 1885 cum

161 1924 279 1956 conc,
310 1912 621 1953 tridentino
654 1924 754 1954 sess.
788 1917 826 1957 4.
870 1910 1047 1965 ObJecta
1079 1913 1292 1954 credenda
1323 1924 1398 1954 seu
1429 1913 1524 1954 fidei
1556 1913 1610 1954 ad
1642 1914 1897 1967 theologiam

162 1987 356 2035 spectant
377 1982 762 2034 dogmaticam,
796 1995 905 2036 quae
922 1983 1012 2036 jam
1035 1995 1110 2035 per
1132 1983 1427 2024 excellentiam
1451 1988 1492 2024 et
1513 1984 1758 2036 simpliciter
1779 1986 1896 2026 theo-

161 2052 272 2105 logia
311 2053 392 2094 dici
424 2054 662 2097 consuevit:
705 2066 840 2107 eaque
881 2053 1187 2105 significatione
1218 2055 1391 2095 nomine
1423 2055 1505 2095 hoc
1545 2055 1588 2094 in
1624 2057 1896 2108 sequentibus

162 2127 348 2173 utemur3
379 2136 521 2165 mores
543 2137 644 2166 vero
676 2137 751 2166 seu
782 2125 947 2176 agenda
977 2129 1170 2177 spectant
1201 2125 1254 2166 ad
1285 2125 1555 2178 theologiam,
1596 2138 1723 2178 quam
1756 2127 1898 2169 dicunt

162 2195 467 2246 practicam
499 2195 626 2250 (quae
658 2195 951 2247 complectitur
973 2196 1230 2247 theologiam
1254 2197 1462 2238 moralem
1485 2201 1526 2237 et
1547 2198 1817 2249 pastoralem,
1848 2199 1896 2239 li-

163 2266 381 2317 turgicam‚
404 2278 455 2307 ex
476 2270 597 2318 parte
614 2266 683 2318 jus
707 2266 960 2308 canonicum
986 2267 1094 2322 etc).
1120 2266 1282 2317 Quarta
1301 2267 1472 2308 tandem
1488 2267 1804 2319 significatione,
1827 2281 1898 2310 ea-

163 2348 245 2389 que
276 2336 481 2377 latissima
511 2337 725 2389 theologia
757 2338 1050 2390 complectitur
1083 2338 1210 2379 etiam
1234 2350 1382 2379 omnes
1406 2338 1646 2391 disciplinas
1669 2340 1897 2381 auxilia-

163 2419 270 2457 res,
303 2420 412 2461 quae
444 2420 664 2449 connexae
695 2413 793 2448 sunt
825 2420 921 2449 cum
953 2408 1224 2450 revelationis
1256 2409 1423 2461 objecto
1442 2409 1676 2461 juvantque
1699 2410 1751 2450 ad
1775 2410 1897 2451 fidem

165 2478 439 2519 christianam
461 2478 664 2520 tuendam
688 2484 815 2532 atque
830 2479 1135 2529 illustrandam,
1158 2480 1340 2532 ideoque
1355 2479 1503 2521 melius
1519 2480 1763 2532 disciplinae
1778 2481 1898 2522 theo-

163 2549 325 2601 logicae
347 2562 475 2603 quam
497 2550 710 2602 theologia
733 2555 940 2591 vocantur
960 2551 1002 2605 1).
1026 2550 1277 2603 Hujusmodi
1299 2555 1397 2591 sunt
1418 2564 1453 2591 v.
1476 2564 1534 2602 gr.
1557 2551 1811 2591 introductio
1835 2551 1898 2591 bi-

164 2619 285 2670 blica,
317 2620 648 2671 hermeneutica‚
679 2621 979 2673 archaeologia
1010 2621 1167 2662 biblica
1188 2622 1255 2662 vel
1278 2622 1521 2671 christiana,
1553 2622 1802 2673 patrologia,
1835 2622 1899 2661 hi-

165 2691 296 2731 storia
319 2690 606 2733 ecclesiastica
628 2697 705 2733 etc.

282 2761 325 2802 ΙΙ.
348 2761 402 2802 Ut
423 2767 567 2803 autem
590 2774 740 2803 sacrae
762 2763 1000 2814 theologiae
1023 2763 1144 2811 ratio,
1167 2763 1329 2804 indoles
1352 2767 1393 2803 et
1413 2762 1644 2815 amplitudo
1661 2762 1897 2802 accuratius

165 2832 456 2884 perspiciatur,
486 2833 569 2874 tria
599 2834 850 2886 praesertim
884 2833 1195 2874 consideranda
1226 2838 1334 2883 sunt,
1377 2833 1466 2885 ejus
1498 2833 1583 2873 scil.
1616 2831 1632 2871 f
1640 2844 1756 2880 ons,
1787 2831 1897 2871 unde

315 2983 339 3028 ¹)
359 2983 411 3017 Cf.
432 2983 454 3017 S
467 2985 518 3018 ch
531 2995 548 3018 e
561 2985 610 3018 eb
624 2995 641 3019 e
653 2998 676 3019 n
695 2985 903 3019 Handbucl]
923 2985 986 3018 der
1005 2985 1106 3019 kath.
1124 2985 1266 3029 Dogm.,
1281 2984 1506 3029 Einleitung.
1523 2983 1720 3028 speciatim
1742 2983 1784 3015 de
1798 2982 1896 3015 theo-

170 3035 291 3080 logiae
310 3037 331 3070 d
345 3048 364 3071 ο
376 3049 400 3082 g
411 3049 446 3071 m
460 3038 507 3071 at
518 3038 530 3071 i
542 3049 560 3072 c
571 3049 592 3072 a
604 3049 622 3072 e
639 3039 791 3073 notione
806 3040 899 3073 bene
917 3039 1065 3072 disserit
1082 3038 1115 3072 H
1127 3038 1202 3072 ein
1213 3039 1317 3072 rich
1338 3038 1566 3072 Kirchenlcx.
1586 3036 1647 3075 ΠΙ,
1670 3036 1898 3069 1886-1903

167 3091 204 3123 et
221 3090 334 3125 theol.
353 3091 479 3135 dogm.
496 3091 512 3124 I
531 3096 547 3132 ξ
570 3095 624 3126 16.

308 3161 470 3193 Hurter,
492 3162 638 3194 Compend.
658 3162 812 3194 theologiae
833 3166 855 3189 1.
879 3163 910 3188 10
942 3162 983 3187 ed.
1644 3150 1656 3179 Ῑ
