2175 3382
262 145 286 180 ς’,
599 137 871 181 prolegomena.
891 135 1096 170 Dis-crimen
1116 135 1211 170 inter
1232 136 1458 179 theologiam
1480 138 1517 170 ot¹
1538 137 1656 171 tidem.

260 256 361 296 dius.
398 255 705 296 l’ert'ectius
728 254 909 307 quidem.
932 255 1030 307 quia
1053 255 1095 294 in
1118 259 1325 307 quantum
1350 255 1480 295 homo
1504 254 1738 306 sapientiae
1762 255 1901 296 studio
1925 256 1997 296 dat

259 339 315 375 se,
337 327 378 366 in
402 331 564 366 tantum
581 337 706 366 verae
729 324 999 366 beatitudinis
1017 324 1107 376 jam
1131 325 1316 377 aliquam
1337 330 1502 377 partem
1517 324 1660 370 habet.
1686 324 1800 367 Unde
1816 324 1997 378 Sapiens

259 397 357 437 dicit
379 395 516 450 (Eccli.
546 400 607 443 14,
631 396 724 449 22&
747 395 905 436 Beatus
929 396 1004 448 rir,
1027 396 1097 450 qui
1121 396 1161 435 in
1185 396 1391 450 sapientia
1417 395 1661 436 morabitur.
1694 394 1996 438 Sul·limius

259 472 400 507 autem
424 471 497 515 est,
521 467 618 519 quia
641 478 716 518 per
737 467 874 518 ipsum
897 466 1027 506 homo
1051 465 1104 506 ad
1127 465 1313 506 divinam
1336 465 1652 507 similitudinem
1673 467 1900 519 praecipue
1922 479 1999 508 ac-

258 537 379 585 cedit,
401 537 472 590 qui
495 537 638 578 omnia
661 537 702 577 in
725 537 934 589 sapientia
957 536 1063 578 fecit.
1090 535 1208 577 Unde
1223 537 1321 589 quia
1336 536 1564 578 similitudo
1579 549 1710 577 causa
1726 537 1995 578 estdilectio-

259 609 334 656 nis,
366 608 601 660 sapientiae
633 607 817 648 studium
841 607 1070 659 praecipue
1093 606 1180 648 Deo
1203 619 1278 659 per
1300 608 1531 648 amicitiam
1555 607 1792 660 conjungit;
1825 613 1997 661 propter

258 678 370 731 quod
392 678 553 726 dieitur,
577 677 689 730 quod
713 678 914 732 sapientia
939 682 995 717 est
1020 677 1208 730 infinitus
1229 677 1446 719 thesaurus
1468 678 1712 732 hominibus,
1736 692 1813 732 qno
1836 679 1907 734 qui
1930 679 1996 719 usi

257 753 366 803 sunt,
386 749 492 802 facti
513 754 608 788 sunt
625 748 854 801 participes
876 748 1086 788 struicitiae
1108 746 1188 787 Dei
1211 745 1328 802 (Sap.
1354 752 1390 796 Τ,
1418 748 1498 803 14).
1529 747 1732 789 Utilius
1755 753 1897 789 autem
1921 753 1996 793 est,

257 820 354 872 quia
386 831 461 872 per
491 819 628 871 ipsam
659 818 912 870 sapientiam
945 817 999 859 ad
1032 818 1362 859 immortalitatis
1394 830 1571 871 regnum
1595 819 1856 871 pervenitur:
1893 818 1995 859 Con-

256 891 506 944 cupiscentia
538 894 671 929 autem
703 889 931 942 sapientiae
963 889 1130 929 deducet
1163 889 1219 929 acl
1251 902 1417 941 reanum
1448 894 1695 943 perpetuum
1728 889 1798 943 (ib.
1832 893 1871 944 6,
1903 890 1989 945 21),

257 961 558 1002 Jucundius
590 965 732 1001 autem
761 964 836 1009 est,
867 960 965 1012 quia
998 959 1219 1001 nonhabet
1243 960 1566 1001 amaritudinem
1594 961 1845 1002 conversatio
1871 960 1995 1014 illius,

256 1033 326 1073 sed
347 1032 545 1073 laetitiam
570 1036 606 1071 et
623 1031 828 1085 gaudium
851 1030 922 1086 (ib.
946 1034 983 1079 8,
1010 1031 1114 1086 16).“

376 1101 422 1143 V.
445 1102 681 1143 Disorimen
704 1113 804 1142 vero
838 1102 944 1141 inter
965 1101 1205 1155 theoloqiam
1235 1102 1453 1142 revelatam
1478 1106 1518 1142 et
1543 1103 1774 1143 naturalem
1799 1113 1850 1142 ex
1874 1101 1995 1142 dictis

257 1173 378 1214 facile
409 1173 659 1226 intelligitur.
701 1171 843 1212 Differt
877 1172 988 1212 enim
1011 1172 1081 1212 illa
1104 1171 1157 1212 ab
1181 1172 1263 1213 hac
1285 1184 1372 1213 non
1396 1173 1532 1213 solum
1557 1172 1729 1222 fonte,
1760 1172 1872 1214 unde
1894 1183 1994 1213 suas

256 1245 395 1285 haurit
418 1244 679 1296 cognitiones
703 1246 756 1296 (n.
779 1242 840 1297 ΙΙ),
862 1243 937 1283 sed
960 1243 1089 1284 etiam
1111 1243 1386 1295 amplitudine
1410 1243 1496 1296 obj
1511 1244 1639 1284 ecti:
1662 1255 1763 1284 nam
1784 1243 1893 1284 illius
1916 1243 1994 1284 ol>-

252 1315 414 1366 jectum
436 1313 622 1354 centrale
645 1317 709 1354 est
731 1312 841 1353 Deus
863 1325 985 1362 unus,
1011 1313 1135 1365 hujus
1157 1313 1269 1354 Deus
1293 1314 1426 1355 trinus
1449 1325 1585 1367 eaque
1607 1314 1732 1365 longe
1753 1313 1875 1366 plura
1896 1325 1993 1366 spe-

257 1385 432 1432 culatur,
448 1391 583 1436 ‘quam
605 1384 713 1424 ratio
737 1395 789 1424 ex
809 1395 904 1424 sese
919 1384 986 1425 vel
1008 1384 1214 1436 attingere
1229 1385 1293 1425 vel
1308 1385 1520 1437 conjicere
1543 1386 1700 1438 possit3
1724 1384 1862 1426 differt
1883 1396 1994 1425 cer-

256 1455 517 1499 titudine.
558 1456 703 1496 nititur
734 1455 847 1495 enim
879 1467 1047 1496 summa
1079 1455 1155 1496 Dei
1186 1456 1459 1504 auctoritate;
1492 1468 1572 1497 nec
1602 1469 1690 1498 non
1721 1456 1993 1508 dignitate

251 1527 428 1575 interna,
461 1538 557 1567 cum
588 1525 802 1578 theologia
832 1530 980 1566 nostra
1016 1527 1059 1566 in
1090 1526 1170 1567 fide
1202 1526 1410 1575 fundeturff
1444 1532 1484 1568 et
1507 1540 1532 1568 a
1553 1526 1634 1568 fide
1657 1527 1846 1579 pendens
1868 1526 1993 1579 hujus

253 1598 546 1638 characterem
566 1596 934 1649 supernaturalem
952 1598 1198 1650 participet3
1215 1610 1323 1650 quae
1344 1599 1669 1650 praerogativae
1691 1597 1859 1639 abunde
1873 1609 1992 1638 com-

252 1672 435 1720 pensant
456 1667 693 1709 evidentiae
716 1665 937 1716 defectum,
969 1679 1053 1720 qua
1074 1668 1342 1721 philosophia
1366 1668 1624 1721 theologiam
1656 1668 1885 1721 praecellit,
1917 1667 1992 1708 sed

253 1740 296 1779 in
317 1739 464 1791 paucis
487 1743 651 1779 tantum
673 1737 934 1786 veritatibus,
957 1749 1054 1779 cum
1075 1738 1190 1779 haud
1213 1738 1367 1779 multas
1389 1743 1479 1780 tuto
1503 1743 1545 1780 et
1566 1751 1671 1791 pure
1694 1740 1882 1791 attingat.

372 1809 437 1852 VI.
459 1808 615 1862 Differt
637 1808 833 1862 tlzeoloqia
849 1823 873 1849 a
886 1809 968 1862 fide
982 1820 1163 1862 quoque,
1186 1809 1294 1850 sicut
1309 1809 1487 1850 scientia
1503 1821 1529 1850 a
1543 1810 1784 1862 cognitione
1799 1809 1990 1862 ejusdem

256 1880 411 1933 objecti
431 1880 593 1933 vulgari
616 1885 657 1921 et
678 1880 790 1925 rudi:
824 1881 1024 1933 quocirca
1046 1880 1192 1921 scribit
1213 1893 1243 1921 s.
1266 1880 1604 1932 Augustinus
1627 1880 1679 1922 de
1700 1880 1812 1922 Trin.
1834 1879 1940 1930 XIV,
1963 1883 1988 1924 3

258 1952 419 2007 (opusc.
441 1950 557 1999 XLlL
591 1952 713 2006 567):
747 1950 867 2002 „Qua
898 1951 1075 1992 scientia
1105 1963 1193 1992 non
1223 1951 1382 2003 pollent
1411 1951 1555 1992 fideles
1586 1952 1765 2004 plurimi,
1797 1953 1990 2004 quamvis

254 2021 413 2074 pollent
432 2022 524 2074 ipsa
547 2021 627 2062 fide
648 2022 893 2074 plurimum:
919 2021 1032 2062 aliud
1055 2026 1118 2063 est
1140 2022 1253 2062 enim
1275 2022 1384 2063 scire
1406 2022 1716 2072 tantummodo,
1738 2023 1838 2075 quid
1858 2022 1987 2063 homo

255 2094 428 2134 credere
451 2093 605 2134 debeat
625 2097 798 2146 propter
821 2093 1139 2146 adipiscendam
1154 2094 1284 2133 vitam
1307 2092 1479 2134 beatam
1498 2093 1681 2136 ...aliud
1704 2097 1846 2134 autem
1869 2093 1988 2141 scire,

256 2164 615 2217 quemadmodum
637 2164 719 2205 hoc
741 2164 879 2216 ipsum
901 2168 942 2205 et
963 2165 1042 2216 piis
1064 2164 1290 2216 opituletur
1313 2169 1354 2205 et
1367 2169 1517 2205 contra
1531 2164 1684 2217 impios
1699 2163 1982 2206 defendatur.“

254 2235 397 2276 Latius
428 2235 513 2278 scil.
537 2239 651 2287 patet
679 2235 892 2286 theologia
920 2235 999 2276 fide
1022 2235 1187 2276 ratione
1211 2235 1376 2288 obJecti‚
1408 2248 1501 2276 cum
1527 2235 1706 2287 attingat
1728 2234 1857 2275 etiam
1877 2234 1989 2275 veri-

254 2310 364 2346 tates
387 2318 410 2346 e
431 2305 678 2346 veritatibus
701 2305 797 2347 fidei
819 2305 1043 2350 deductas:
1076 2306 1342 2358 distinguitur
1364 2317 1532 2359 quoque
1555 2306 1728 2354 motivo,
1751 2305 1853 2346 fides
1875 2306 1988 2346 enim

257 2376 335 2417 soli
354 2377 499 2417 nititur
513 2377 755 2418 auctoritati
769 2377 948 2426 divinae,
970 2376 1183 2428 theologia
1197 2377 1434 2418 evidentiae
1448 2377 1648 2418 illationis
1662 2376 1987 2429 principiorum-

255 2458 336 2499 que
358 2447 535 2495 illorum,
560 2446 710 2500 quibus
733 2447 786 2487 ad
809 2447 1147 2488 concludendum
1169 2448 1309 2488 utitur.
1333 2447 1474 2499 Quare
1495 2447 1764 2500 Kleutgen
1784 2448 1813 2504 1)
1830 2452 1989 2488 statuta

254 2519 563 2570 propositione:
594 2515 840 2571 „ObJectum
863 2519 1101 2571 theologiae
1124 2519 1300 2560 formale
1324 2523 1387 2560 est
1409 2531 1557 2560 verum
1580 2518 1913 2560 demonstrabile
1936 2530 1987 2559 ex

254 2588 385 2630 verbo
408 2589 525 2636 Dei;“
565 2590 607 2630 in
630 2590 719 2642 ejus
742 2589 1022 2642 explicatione
1044 2590 1103 2631 ita
1125 2592 1412 2643 prosequitur:
1453 2589 1540 2641 „Ad
1562 2589 1687 2631 fidem
1709 2591 1902 2642 pertinet,
1925 2601 1988 2639 ea,

255 2671 364 2712 quae
394 2664 613 2712 tamquam
645 2672 669 2701 a
692 2660 779 2701 Deo
812 2660 925 2701 dicta
955 2661 1034 2701 rite
1065 2665 1372 2713 proponuntur,
1407 2660 1527 2702 firmo
1551 2672 1730 2702 assensu
1751 2661 1986 2713 suscipere3

255 2730 310 2771 ad
330 2729 587 2782 theologiam
610 2735 700 2771 tum
722 2731 828 2772 haec
847 2731 998 2772 eadem
1012 2743 1063 2772 ex
1077 2731 1207 2773 verbo
1222 2731 1309 2782 Dei,
1331 2736 1420 2772 tum
1435 2743 1487 2772 ex
1502 2731 1566 2772 his
1582 2731 1665 2772 alia
1680 2731 1986 2772 demonstrare.

255 2800 374 2842 Unde
405 2800 604 2842 divinitus
635 2802 822 2843 revelata
854 2801 949 2843 fidei
972 2802 1159 2854 obJetum
1181 2807 1289 2851 sunt,
1313 2807 1522 2856 quatenus
1543 2806 1717 2855 propter
1738 2801 1814 2842 Dei
1836 2806 1985 2842 aucto-

401 2946 423 2983 1)
442 2942 561 2976 Instit.
588 2942 704 2976 theol,
731 2942 867 2977 introd.
895 2955 928 2986 q.
952 2947 966 2976 1
988 2954 1021 2977 a.
1041 2945 1079 2980 2:
1110 2943 1228 2977 fusius
1246 2943 1371 2977 Theoi.
1391 2943 1454 2977 der
1472 2944 1576 2977 Vorz.
1594 2944 1621 2979 t.
1640 2942 1709 2976 ult.
1729 2954 1754 2976 s.
1775 2947 1793 2976 5
1814 2952 1842 2976 c.
1865 2946 1893 2982 1,
1921 2942 1986 2976 ubi

252 3007 287 3028 n.
307 2996 374 3029 295
394 2994 545 3029 statuit:
576 2994 725 3028 Wollen
743 2994 811 3028 wir
828 2995 891 3028 das
909 2994 1057 3039 Princip
1078 2995 1141 3029 der
1158 2995 1360 3040 Theologie
1377 2995 1416 3029 in
1435 2995 1551 3029 Kiirze
1577 2993 1655 3028 und
1681 2995 1750 3028 mit
1777 2995 1897 3029 einem
1923 3004 1986 3038 ge-

251 3047 516 3082 brauchlichen
535 3047 727 3081 Ausdruck
745 3047 974 3089 bezeichnen,
995 3058 1032 3081 so
1051 3047 1180 3081 diirfen
1198 3048 1265 3081 wir
1283 3058 1404 3094 sagen.
1425 3048 1507 3082 dass
1526 3057 1563 3082 es
1582 3047 1640 3081 die
1654 3057 1738 3081 vom
1753 3047 1920 3081 Glaubeu
1935 3057 1986 3080 er-

250 3101 438 3134 leuchtete
457 3099 638 3134 Vernunft
656 3100 734 3135 ist.n
