2175 3382
785 112 977 157 apologiae
996 113 1240 148 revelationis.
1818 120 1867 160 11

141 230 217 272 sed
237 234 379 271 utrum
410 241 503 271 esse
534 229 689 270 debeat
709 229 893 271 fidelis
927 234 969 271 et
991 230 1143 271 Christi
1174 231 1418 283 discipulus,
1455 245 1509 273 an
1543 233 1871 275 incredulus

142 300 316 353 ejusque
337 299 482 340 hostis.
524 298 838 340 praeterierunt
864 299 954 352 jam
986 299 1071 341 fere
1106 301 1381 352 singularium
1405 302 1630 343 haeresum
1653 307 1870 356 tempora:

141 370 346 412 successit
366 370 747 422 protestantismus,
779 370 849 422 qui
880 371 1142 422 impugnavit
1174 371 1311 423 ipsam
1342 371 1585 422 Ecclesiam,
1621 375 1866 426 magistram

141 441 338 482 divinitus
359 441 594 481 institutam
615 439 670 480 ad
692 440 930 481 docendam
943 441 1165 481 veritatem
1180 441 1438 489 revelatam;
1460 442 1634 483 ulterius
1657 447 1870 497 progressi

140 515 238 552 sunt
257 511 586 559 rationalismus,
609 510 794 552 deismus
817 515 857 552 et
879 511 1182 564 pantheismus,
1214 513 1284 565 qui
1307 517 1496 554 evertere
1522 514 1710 555 nituntur
1732 516 1866 567 ipsam

140 581 442 623 revelationem
457 581 754 631 christianam;
778 582 862 623 imo
879 582 1208 623 materialismus
1224 587 1265 623 et
1279 583 1514 624 atheismus
1529 584 1656 625 modo
1672 597 1869 636 grassans,

140 651 370 705 quamlibet
389 653 454 693 vel
468 653 712 705 religionem
727 652 911 694 funditus
926 653 1091 694 auferre
1106 658 1327 695 conantur.
1351 653 1493 705 Quare
1516 655 1606 707 jam
1630 654 1680 695 de
1703 668 1869 696 sumina

140 724 287 776 agitur,
308 723 361 764 de
382 722 463 764 fide
484 723 550 764 vel
572 723 864 765 incredulitate
886 724 1017 775 totali,
1040 725 1193 778 quique
1217 729 1463 766 constantes
1494 737 1587 766 esse
1610 730 1651 766 et
1673 726 1715 766 in
1737 726 1867 766 ratio-

140 794 321 836 cinando
344 794 576 836 cohaerere
598 794 677 835 sibi
699 795 837 842 velint,
867 799 1069 847 urgentur
1099 795 1166 836 vel
1191 795 1245 836 ad
1269 795 1499 837 Ecclesiam
1526 797 1793 845 catholicam,
1829 797 1868 836 in

140 877 224 918 qua
245 864 399 906 Christi
420 865 614 906 doctrina
635 865 758 917 plene
780 866 997 918 reperitur,
1020 865 1086 907 vel
1108 866 1163 907 ad
1184 866 1501 907 incredulorum
1525 871 1677 915 castra,
1701 867 1770 918 qui
1793 867 1869 906 al)-

134 935 250 988 J'ecta
275 936 390 977 omni
412 936 492 977 fide
507 940 771 977 evanuerunt
793 936 835 976 in
858 936 1183 988 cogitationibus
1199 938 1296 978 suis.
1322 936 1401 988 Qui
1423 937 1586 979 medii
1609 937 1717 978 inter
1731 941 1872 978 utros-

140 1018 220 1059 que
241 1006 356 1047 bona
378 1005 458 1048 fide
480 1007 698 1057 haereant,
727 1007 817 1059 Jam
847 1008 933 1048 rari
964 1011 1071 1048 sunt.
1116 1006 1222 1049 Cum
1249 1019 1350 1049 vero
1374 1007 1577 1048 increduli
1600 1007 1759 1048 nullum
1781 1019 1867 1047 non

139 1081 339 1118 moveant
360 1076 544 1129 lapidem
566 1077 621 1118 ad
643 1076 738 1118 fidei
760 1077 1017 1119 christianae
1040 1077 1315 1119 fundamenta
1341 1078 1634 1125 concutienda,
1667 1090 1871 1130 armaque

139 1159 216 1188 sua
237 1147 530 1201 undequaque,
554 1160 605 1189 ex
627 1147 824 1188 omnibus
846 1160 999 1200 nempe
1022 1148 1254 1201 disciplinis
1277 1153 1542 1190 mutuentur:
1576 1153 1703 1201 patet,
1739 1160 1867 1200 quam

139 1218 351 1259 excultum
372 1219 652 1271 apologetam,
684 1230 812 1271 quam
834 1219 1085 1260 instructum
1108 1219 1162 1260 ad
1184 1219 1474 1260 retundendos
1500 1219 1666 1260 illorum
1689 1219 1870 1271 impetus

139 1300 233 1330 esse
255 1293 472 1341 orporteat
490 1289 532 1345 1).
577 1288 781 1330 Versatus
804 1294 946 1330 autem
974 1290 1027 1330 sit
1048 1302 1223 1331 necesse
1247 1295 1312 1331 est
1334 1302 1436 1342 prae
1458 1290 1604 1342 primis
1638 1290 1680 1329 in
1701 1289 1865 1341 logicae

138 1372 230 1409 usu,
259 1359 446 1401 imbutus
477 1372 584 1401 sana
605 1354 884 1413 philosophia,
915 1373 1011 1402 cum
1043 1361 1125 1401 hac
1157 1362 1340 1401 maxime
1365 1361 1646 1401 destituantur
1669 1358 1764 1400 fidei
1787 1359 1864 1399 ad-

138 1430 326 1480 versarii,
348 1430 545 1484 nullaque
568 1432 611 1472 in
632 1443 678 1472 re
699 1430 806 1472 forte
829 1435 916 1472 tam
939 1443 1079 1484 saepe,
1102 1444 1229 1484 quam
1253 1431 1461 1472 adversus
1475 1430 1655 1482 logicam
1670 1435 1869 1482 peccent:

138 1500 246 1542 adeo
277 1505 324 1541 ut
350 1502 534 1554 suspicio
565 1502 628 1552 sit,
659 1502 719 1542 ita
750 1514 824 1542 eos
855 1514 881 1542 a
915 1503 1132 1543 ratione
1166 1503 1406 1554 nuncupari
1427 1501 1724 1548 rationalistas,
1763 1501 1869 1540 sicut

136 1570 278 1613 lucum
312 1584 338 1613 a
380 1584 468 1613 non
500 1573 680 1614 lucendo
698 1574 743 1628 2).
795 1572 994 1624 Magnum
1034 1572 1130 1614 fidei
1164 1577 1338 1613 nostrae
1372 1572 1611 1613 encomium
1648 1575 1710 1612 est
1743 1582 1867 1622 prae-

137 1642 377 1696 cellensque
398 1643 581 1685 fidelium
604 1644 913 1696 praerogativa,
935 1644 1104 1684 nonnisi
1126 1643 1304 1684 rationis
1329 1643 1553 1684 abusum
1576 1653 1749 1682 causam
1773 1652 1870 1681 esse

136 1712 452 1764 incredulitatis,
482 1714 660 1755 rationis
690 1725 791 1755 vero
823 1727 974 1755 usum
1002 1714 1216 1754 hominem
1245 1725 1329 1766 ope
1352 1712 1623 1754 revelationis
1646 1716 1686 1752 et
1709 1712 1871 1764 gratiae

138 1783 193 1824 ad
213 1783 340 1826 fidem
362 1785 614 1826 conducere.

283 1906 306 1945 ¹)
326 1902 420 1935 Hinc
436 1902 526 1936 Leo
554 1901 650 1935 XIII.
678 1901 716 1934 in
736 1912 791 1946 ep.
811 1904 866 1935 22.
885 1903 979 1946 Aug.
1001 1903 1090 1936 1897
1119 1901 1163 1935 de
1190 1901 1310 1935 studio
1341 1901 1526 1945 anagnino
1552 1910 1569 1932 a
1600 1910 1636 1933 se
1655 1899 1867 1932 munificen-

134 1954 276 1988 tissime
294 1955 441 1988 condito
458 1955 555 1989 inter
573 1955 647 1988 alia
665 1955 880 1990 hortantur:
902 1954 989 1993 ‚Est
1007 1955 1197 1999 praeterea
1216 1953 1430 1987 luctandum
1457 1963 1522 1997 pro
1550 1952 1634 1986 fidei
1653 1952 1799 1985 sanctae
1818 1952 1870 1984 in-

136 2007 314 2052 tegritate
343 2018 424 2041 cum
455 2008 673 2042 adversariis
703 2007 1008 2052 apparatissimis,
1039 2008 1205 2048 versutis,
1233 2005 1387 2047 callidis,
1420 2015 1593 2050 persaepe
1611 2005 1810 2048 ingeniosis
1830 2015 1870 2037 ac

138 2061 267 2103 doctis,
285 2060 350 2105 qui
366 2061 611 2105 undecunque
629 2061 745 2095 libeat
762 2072 805 2094 ex
822 2060 1067 2104 philosophia,
1087 2071 1130 2094 ex
1141 2060 1308 2100 historia,
1327 2070 1370 2093 ex
1381 2070 1499 2093 rerum
1510 2059 1746 2103 physicarum
1757 2058 1867 2091 scien-

137 2115 201 2155 tia,
220 2125 263 2148 ex
279 2114 547 2149 recentioribus
562 2115 753 2148 hominum
766 2114 921 2158 repertis
936 2123 1037 2147 arma
1050 2113 1214 2147 mutuari
1229 2114 1507 2147 consueverunt.
1527 2111 1642 2154 Atqui
1656 2111 1870 2144 sacerdotes.

137 2167 270 2212 quibus
287 2168 358 2202 hac
375 2168 414 2201 in
433 2179 471 2202 re
487 2168 626 2213 priores
644 2167 882 2201 sustinendae
900 2167 986 2200 sunt
1003 2168 1136 2211 partes,
1155 2165 1219 2210 qui
1236 2169 1390 2210 possunt
1408 2165 1638 2199 dimicationi
1657 2175 1733 2198 esse
1751 2174 1868 2208 pares.

136 2221 208 2256 nisi
224 2221 263 2256 in
281 2221 396 2255 aciem
427 2221 655 2255 descendant
685 2220 811 2254 eodem
841 2220 1038 2261 instructu,
1069 2222 1273 2263 ornatuque
1301 2218 1492 2252 comitati?
1527 2218 1656 2261 ltaque
1681 2217 1870 2251 doct-rinae

138 2284 229 2319 opus
249 2275 305 2308 est
321 2274 458 2308 dedant
476 2285 512 2308 se
530 2275 638 2315 totos,
659 2275 697 2307 et
715 2273 857 2307 nullam
875 2272 1120 2307 humanitatis
1149 2274 1266 2307 artem
1296 2273 1542 2311 contemnere,
1574 2270 1635 2304 sed
1653 2280 1779 2303 omnes
1807 2271 1869 2303 ha-

137 2328 222 2362 bere
239 2328 393 2362 comites
411 2339 453 2362 ac
471 2328 657 2362 ministras
676 2328 723 2362 ab
742 2328 987 2362 adolescentia
1005 2327 1247 2361 assuescant«

282 2381 309 2426 2)
328 2382 444 2415 Acute
462 2381 485 2416 S
497 2391 514 2414 c
525 2381 550 2414 h
561 2391 579 2414 e
591 2379 627 2414 ll
638 2381 650 2414 i
662 2393 685 2414 n
696 2392 721 2425 g
739 2382 869 2425 (praef.
882 2381 928 2414 ad
941 2391 1024 2424 opp.
1036 2379 1202 2420 Steffens]
1217 2393 1223 2412 2
1244 2378 1311 2412 Die
1326 2377 1581 2423 sogenannten
1595 2376 1868 2410 Rationalisten

137 2435 236 2468 irren
253 2434 342 2475 sich,
359 2444 467 2468 wenn
485 2433 537 2468 sie
554 2434 712 2475 meinen,
728 2444 764 2467 es
783 2436 894 2467 ziirne
912 2433 1070 2467 Jemand
1093 2433 1185 2466 iiber
1202 2432 1273 2465 den
1296 2431 1500 2469 Gebrauch,
1526 2430 1594 2463 den
1614 2430 1665 2463 sie
1683 2440 1754 2463 von
1772 2429 1869 2462 ihrer

138 2487 391 2522 Denkfreiheit
408 2487 573 2521 machen.
608 2487 704 2521 Ehei·
729 2487 867 2521 konnte
895 2497 981 2519 man
1009 2487 1160 2531 geneigt
1187 2486 1275 2526 sein,
1307 2485 1421 2518 ihnen
1438 2484 1693 2523 vorzuwerfen,
1713 2482 1795 2516 dass
1817 2482 1866 2515 sie

138 2542 247 2576 unter
263 2540 517 2575 Denkfreiheit
535 2540 592 2574 die
610 2540 773 2574 Freiheit
790 2539 901 2573 nich
913 2545 928 2572 t
946 2551 990 2573 zu
1009 2539 1152 2573 denken
1170 2538 1373 2573 verstehen.
1401 2536 1475 2570 und
1495 2536 1576 2570 dass
1596 2536 1647 2569 sie
1666 2547 1735 2570 von
1755 2535 1871 2569 dieser

140 2596 245 2629 einen
262 2593 579 2639 ungebiihrlichen
599 2593 788 2628 Gebrauch
808 2592 972 2627 macheu.
