2175 3382
200 167 284 206 215
460 160 578 193 'si-act.
601 160 658 196 111.
679 160 722 194 de
741 159 913 194 Ecclesia.
932 159 1059 194 Thesis
1078 159 1200 193 XLIX.
1219 159 1263 193 de
1283 159 1420 193 minist.
1440 159 1666 195 necessitate.

200 292 348 333 corpus
371 278 526 319 Christi
548 287 584 320 et
607 278 785 320 membra
809 279 855 319 de
878 278 1064 322 membro,
1110 277 1161 317 Et
1183 278 1384 333 quosdam
1406 277 1569 332 quidem
1586 278 1728 331 posuit
1752 276 1866 319 Deus
1890 278 1931 318 ιή

203 350 384 390 Ecclesia
401 351 588 404 primum
614 350 829 404 apostolos,
852 349 1028 389 seeundo
1047 348 1279 403 prophetas,
1311 348 1430 389 tertio
1453 348 1634 388 doctores
1656 352 1732 389 etc.
1780 352 1816 392 1.
1838 346 1933 389 Cor.

203 424 267 466 12,
293 422 348 464 24
371 433 424 461 33.
467 418 645 461 Summa
667 424 810 461 autem
833 424 896 460 est
919 419 1168 460 excludendi
1191 419 1434 459 schismatis
1456 418 1701 461 necessitas,

316 492 357 535 4.
380 491 486 532 Tum
502 491 627 532 effata
642 496 731 532 tum
746 490 858 532 facta
873 491 915 531 in
930 488 1156 542 Scripturis
1171 489 1306 531 relata
1321 489 1563 538 ostendunt,
1579 488 1771 530 ordinem
1787 500 1935 541 super-

199 562 437 603 naturalem
461 574 486 602 a
509 561 596 602 Deo
630 573 715 602 non
739 560 930 602 dissimili
955 561 1241 602 administrari
1264 561 1442 605 ratione,
1477 572 1562 613 qua
1593 559 1699 600 ordo
1731 559 1937 600 naturalis

200 633 357 684 regitur
388 633 409 675 i.
443 645 476 673 e.
513 644 598 673 non
625 633 729 672 citra
754 643 907 672 causas
929 631 1151 672 secundas.
1194 631 1399 681 Quomodo
1432 631 1594 671 credent
1626 631 1676 680 ei,
1706 643 1822 685 quem
1857 643 1935 670 non

201 703 460 744 audierunt?
504 703 711 754 Quomodo
735 707 868 743 autem
894 702 1065 743 audient
1086 703 1172 743 sine
1189 702 1497 756 praedicante?
1519 737 1527 745 .
1552 738 1558 744 .
1583 738 1590 743 .
1615 700 1726 754 Eryo
1756 701 1858 754 fides
1889 715 1937 742 ea:

200 774 347 814 auditu
380 773 502 816 Rom.
529 776 592 821 10,
622 778 684 817 14.
714 777 775 816 17.
819 772 876 813 Cf.
904 785 941 814 n.
966 776 1062 817 204.
1105 772 1166 813 Ita
1198 773 1418 814 eunuchus
1449 772 1528 821 ille,
1561 783 1686 825 quem
1708 770 1821 813 Deus
1856 773 1936 812 im-

200 844 383 885 mediate
398 845 607 896 potuisset
622 844 842 893 instruere,
866 843 1220 895 evangelizandus
1234 843 1414 885 traditur
1436 844 1497 899 (et
1518 843 1689 896 quidem
1711 854 1786 895 per
1807 843 1937 883 mira-

200 915 362 959 culum)
379 914 583 967 Philippo,
607 915 678 967 qui
700 926 797 955 cum
812 915 1133 966 interrogasset:
1157 914 1341 956 Putasne
1364 914 1558 967 intelligas
1579 928 1683 969 quae
1705 914 1835 968 leyis?
1854 913 1938 954 hoc

201 986 364 1037 excepit
392 997 664 1038 responsum:
697 984 751 1025 J-Jt
782 987 980 1041 quomodo
1006 998 1190 1039 possum,
1221 986 1257 1025 si-
1288 999 1368 1026 non
1402 985 1554 1039 aliquis
1585 984 1806 1025 ostenderit
1836 984 1937 1024 mihi.

201 1056 308 1111 (Act.
332 1059 370 1102 8,
394 1055 496 1111 21)?
519 1055 671 1097 Saulus
694 1067 926 1097 conversus
950 1056 1127 1097 mittitur
1141 1032 1469 1104 Damacseiimfe‘t
1491 1055 1562 1105 ibi,
1584 1055 1720 1108 inquit
1732 1054 1938 1096 Dominus

201 1127 254 1167 ad
277 1138 387 1175 eum,
410 1127 570 1168 dicetur
591 1127 664 1167 tibi
686 1127 786 1182 quid
808 1131 844 1167 te
867 1131 1051 1183 oporteat
1062 1126 1287 1180 facere(ib.
1305 1130 1344 1175 9,
1364 1127 1418 1182 7).
1441 1125 1638 1179 Angelus,
1654 1126 1726 1179 qui
1741 1125 1939 1178 apparuit

201 1196 397 1238 Cornelio
435 1198 683 1245 centurioni,
719 1201 833 1239 certe
867 1198 980 1239 hunc
1014 1197 1169 1239 docere
1202 1202 1372 1250 poterat
1401 1197 1528 1238 fidem
1562 1197 1863 1245 christianam;
1898 1200 1940 1237 et

200 1274 344 1310 tamen
365 1268 468 1308 nihil
491 1268 603 1309 aliud
626 1269 719 1320 egit,
742 1281 870 1322 quam
884 1268 999 1310 illum
1015 1280 1204 1317 monere,
1226 1273 1273 1310 ut
1287 1268 1459 1310 Petrum
1475 1272 1725 1317 accerseret,
1747 1267 1812 1308 hic
1834 1267 1940 1308 dicet

200 1340 273 1380 tibi
294 1340 393 1392 quid
415 1344 450 1379 te
473 1344 657 1393 oporteat
676 1340 816 1393 facere
838 1340 908 1397 (ib.
931 1344 994 1389 lo,
1018 1342 1073 1396 6).
1108 1339 1225 1381 Sicut
1248 1352 1348 1393 ergo
1372 1340 1476 1380 ordo
1500 1339 1706 1380 naturalis
1729 1339 1820 1380 sine
1841 1350 1938 1392 per-

201 1411 298 1451 enni
321 1409 527 1451 miraculo
551 1411 726 1451 seclusis
749 1411 890 1452 causis
921 1411 1120 1452 secundis
1152 1412 1297 1465 nequit
1327 1412 1542 1461 exsistere,
1573 1412 1632 1452 ita
1663 1421 1801 1463 neque
1833 1409 1939 1451 ordo

201 1481 535 1533 supernaturalis
558 1482 601 1522 in
622 1481 811 1523 Ecclesia
833 1484 978 1535 vigens
1001 1482 1168 1524 secluso
1193 1483 1342 1536 quovis
1366 1484 1610 1526 ministerio.

318 1567 401 1612 Qua
422 1567 468 1605 de
490 1580 531 1605 re
555 1568 752 1617 sapienter
766 1568 945 1617 disputat
966 1569 1000 1606 A
1011 1582 1038 1606 u
1050 1582 1113 1619 gu
1125 1581 1142 1606 s
1153 1569 1230 1606 tin
1241 1582 1268 1606 u
1281 1581 1297 1606 3
1320 1569 1362 1606 111
1375 1569 1537 1618 prologo
1552 1568 1597 1607 de
1613 1567 1790 1606 doctrina
1805 1567 1944 1604 christ.

199 1639 236 1664 n.
262 1634 283 1666 6
308 1639 335 1663 s.
359 1627 556 1675 duplicem
579 1627 696 1676 hujus
718 1627 816 1677 legis
837 1627 1005 1665 reddens
1040 1628 1252 1666 rationem:
1288 1629 1504 1672 „Poterant
1536 1628 1677 1676 utique
1709 1625 1840 1665 omnia
1871 1638 1944 1676 per

200 1687 381 1735 angelum
403 1685 499 1731 fieri,
533 1686 601 1723 sed
623 1686 773 1735 abjecta
795 1690 897 1724 esset
918 1687 1089 1724 humana
1120 1687 1302 1729 conditio,
1337 1687 1370 1724 si
1401 1699 1471 1736 per
1503 1687 1679 1724 homines
1711 1685 1941 1723 hominibus

200 1745 303 1782 Deus
324 1745 489 1782 verbum
512 1757 628 1783 suum
649 1745 874 1783 ministrare
895 1747 1002 1783 nolle
1022 1746 1237 1784 videretur.
1279 1746 1428 1783 Deinde
1451 1746 1535 1795 ipsa
1557 1746 1711 1790 caritas,
1735 1757 1834 1793 quae
1864 1744 1939 1781 sibi

198 1803 365 1842 invicem
388 1804 564 1842 homines
587 1804 689 1842 nodo
711 1805 876 1842 unitatis
899 1805 1097 1855 astringit,
1137 1818 1216 1843 non
1238 1806 1399 1843 haberet
1422 1805 1573 1843 aditum
1603 1803 1940 1842 refundendorum

200 1866 239 1900 et
261 1863 373 1911 quasi
395 1863 684 1901 miscendorum
707 1864 863 1902 sibimet
885 1864 1117 1910 animorum,
1153 1865 1187 1902 si
1219 1864 1396 1902 homines
1417 1877 1488 1914 per
1518 1864 1695 1901 homines
1726 1862 1828 1900 nihil
1860 1862 1939 1899 dis-

200 1926 374 1960 cerem«
396 1922 474 1960 Isa
488 1935 538 1960 ac
561 1923 679 1960 abbas
702 1924 880 1961 coenobii
902 1924 949 1961 de
964 1923 1085 1961 Stella
1107 1925 1196 1974 (sec.
1210 1921 1301 1976 XII)
1326 1936 1438 1962 serm.
1459 1931 1504 1963 11
1532 1920 1657 1976 (Mig.
1677 1929 1770 1970 194,
1792 1919 1942 1974 1729):

201 1981 369 2026 ²,Omnia
390 1994 459 2030 per
480 1994 519 2019 se
542 1985 672 2031 potest
694 1983 869 2020 Christus
901 1983 1161 2032 omnipotens,
1196 1983 1221 2019 i.
1244 1996 1276 2020 e.
1299 1983 1505 2032 baptizare,
1540 1982 1818 2020 eucharistiam
1848 1993 1940 2018 con-

202 2053 362 2081 secrare.
387 2041 581 2086 ordinare,
605 2044 762 2089 peccata
784 2042 987 2080 dimittere
1009 2045 1049 2079 et
1071 2042 1237 2079 similia:
1262 2042 1330 2080 sed
1351 2042 1454 2079 nihil
1475 2042 1564 2079 vult
1586 2041 1746 2079 humilis
1759 2043 1799 2078 et
1813 2040 1941 2077 tidelis

201 2111 366 2149 sponsus
390 2100 474 2138 sine
497 2113 649 2149 sponsa.
693 2100 805 2145 Quod
827 2113 919 2150 ergo
941 2101 1046 2139 Deus
1069 2101 1285 2150 conjunxit,
1308 2101 1423 2138 homo
1445 2113 1526 2138 non
1547 2103 1713 2150 separet,
1746 2100 1828 2149 Ego
1843 2098 1942 2144 dico,

202 2163 485 2196 sacramentum
509 2160 579 2197 1106
600 2172 788 2209 magnum
810 2159 854 2197 in
875 2160 1028 2198 Christo
1051 2163 1091 2198 et
1111 2161 1153 2197 in
1174 2160 1347 2198 Ecclesia
1370 2158 1483 2212 (Eph.
1509 2167 1545 2206 5,
1572 2157 1684 2213 32).‘

322 2247 416 2282 253.
450 2244 696 2291 Argumentis
727 2243 1039 2280 adversariorum
1073 2244 1333 2292 respondetur.
1357 2265 1412 2270 -—
1435 2243 1494 2280 Ad
1526 2242 1762 2286 testimonia,
1798 2240 1943 2289 quibus

202 2300 413 2337 adversarii
435 2301 564 2338 fidunt
587 2299 642 2353 (n.
669 2299 781 2352 251),
805 2302 1086 2351 respondemus

321 2357 361 2399 l.
387 2372 555 2405 sensum,
580 2373 695 2409 quem
710 2360 791 2398 illis
807 2361 1035 2410 subjiciunt,
1059 2373 1143 2398 esse
1164 2373 1360 2406 novum,
1384 2360 1611 2398 inauditum
1624 2373 1694 2409 per
1708 2359 1840 2397 secula
1861 2358 1941 2403 XV,

203 2418 366 2466 ideoque
389 2419 598 2456 admodum
620 2422 845 2468 suspectum
867 2420 908 2457 in
930 2433 971 2458 re
992 2423 1075 2458 tam
1094 2420 1265 2469 practica
1286 2420 1469 2468 tantique
1491 2419 1703 2464 momenti3

320 2475 362 2517 ’3.
386 2477 463 2514 11110
487 2490 645 2515 3611311111
667 2479 781 2516 11111111
803 2479 1000 2517 adversari
1023 2480 1258 2528 expositioni
1279 2480 1402 2517 totius
1426 2478 1689 2527 antiquitatis,
1713 2489 1813 2526 quae
1833 2477 1942 2513 hisce

201 2536 436 2573 testimoniis
459 2548 538 2573 non
558 2537 810 2575 obstantibus
833 2538 1045 2576 ministerii
1067 2538 1320 2576 ecclesiastici
1350 2551 1429 2576 non
1462 2539 1588 2575 solum
1612 2537 1839 2581 utilitatem,
1873 2535 1941 2573 sed

203 2598 242 2633 et
262 2595 537 2632 necessitatem
558 2596 771 2634 theoretice
794 2599 833 2634 et
855 2598 1027 2646 practice
1049 2598 1218 2635 asseruit
1240 2597 1504 2646 defenditque.
1546 2597 1598 2634 Et
1619 2608 1710 2633 sane

320 2651 362 2694 3.
387 2654 542 2692 admitti
565 2667 700 2693 sensus
722 2656 789 2693 ille
809 2657 959 2704 nequit,
985 2658 1081 2705 quin
1104 2658 1238 2706 plures
1261 2655 1574 2694 hermeneuticae
1602 2666 1769 2693 canones
1790 2654 1940 2692 violen-

201 2717 279 2759 tur,
303 2725 425 2751 canon
447 2714 526 2750 scil.
551 2724 592 2753 a.
617 2727 694 2762 quo
717 2717 889 2759 cavetur,
913 2729 962 2753 ne
984 2717 1107 2754 reales
1122 2716 1334 2765 antilogiae
1350 2716 1392 2752 in
1406 2715 1539 2752 bibliis
1552 2714 1782 2758 foveantur;
1805 2712 1941 2763 regula

202 2770 250 2812 b.
274 2785 352 2820 qua
372 2784 587 2817 monemur,
610 2775 812 2821 receptum
834 2786 919 2811 esse
941 2775 983 2812 in
1006 2788 1036 2815 s,
1060 2775 1274 2824 Scriptura,
1311 2777 1358 2811 ut
1380 2786 1478 2823 quae
1500 2774 1606 2811 Deus
1628 2771 1879 2822 potissimum
1902 2774 1941 2808 et

202 2844 280 2880 qua
301 2843 415 2868 causa
438 2831 616 2880 princeps
637 2832 730 2881 agit,
766 2833 819 2870 sic
842 2833 902 2870 illi
925 2834 1155 2872 tribuantur
1187 2846 1230 2871 ac
1253 2834 1287 2870 si
1308 2833 1415 2871 solus
1438 2845 1481 2870 ea
1511 2832 1665 2878 faceret,
1697 2831 1810 2869 nulla
1841 2830 1941 2868 faeta

204 2891 404 2928 mentione
427 2902 563 2927 causae
586 2891 898 2929 instrumentalis
917 2890 970 2944 ¹);
994 2903 1033 2933 (³.
1055 2893 1203 2943 regula,
1227 2905 1305 2941 qua
1317 2904 1532 2937 monemur,
1556 2891 1798 2940 particulum
1821 2893 1941 2935 ,non‘

350 3031 375 3070 ¹)
393 3028 564 3071 Respicite
580 3029 733 3061 volatilia
752 3029 844 3067 coeli,
860 3032 1026 3072 quoniam
1039 3041 1109 3063 non
1123 3035 1257 3074 serunt,
1272 3040 1380 3073 neque
1390 3034 1534 3073 metunt,
1558 3030 1663 3072 nequi
1683 3033 1893 3072 conyreyant
1907 3030 1942 3061 in

202 3082 356 3115 horrea:
383 3086 414 3115 et
431 3081 538 3115 Pater
554 3086 664 3115 vester
681 3082 830 3115 coelestis
845 3085 964 3125 pascit
989 3083 1049 3116 illa
1067 3083 1199 3116 Matth.
1220 3086 1253 3124 6,
1270 3085 1334 3120 26ς
1357 3084 1409 3122 10,
1430 3085 1493 3119 20;
1522 3083 1655 3116 Manus
1680 3086 1761 3115 tuae
1785 3082 1945 3124 fecerunt

203 3145 255 3167 me
272 3140 302 3168 et
314 3135 581 3178 plasmat-erunt
599 3145 650 3168 me
667 3139 776 3168 totum
793 3136 833 3168 in
851 3136 999 3168 circuitu
1017 3134 1038 3169 J
1042 3135 1099 3169 ob.
1122 3139 1175 3176 10,
1193 3139 1236 3175 8;
1253 3135 1312 3170 Ρ3.
1335 3137 1411 3177 146,
1432 3137 1472 3170 8:
1497 3139 1527 3169 1.
1546 3134 1624 3168 Cor.
1644 3136 1675 3175 3,
1697 3135 1719 3168 7
1737 3135 1806 3168 etc.
