2175 3382
632 102 812 146 probatur
829 112 872 135 ex
890 100 1062 134 ecclesiae
1081 98 1374 134 definitionibus
1787 101 1877 142 429

143 223 359 276 cupientes
381 254 389 262 .
413 254 420 261 .
445 254 453 262 .
476 256 484 264 .
507 232 740 273 speramus,
770 224 818 261 ut
837 220 880 260 in
902 231 988 260 una
1009 218 1320 267 communione,
1344 229 1472 269 quam
1495 215 1617 257 sedes
1640 215 1877 268 apostolica

141 292 370 346 praedicat,
395 302 488 332 esse
509 301 762 339 mereamur,
783 290 825 330 in
848 301 932 342 qua
954 293 1016 330 est
1037 289 1201 340 integra
1223 292 1264 329 et
1277 299 1378 328 vera
1392 286 1647 327 christianae
1661 286 1877 338 religionis

143 362 332 405 soliditas
341 362 385 419 1),
407 362 701 415 promittentes
715 361 843 403 etiam
868 363 1156 413 sequestratos
1174 357 1473 399 communione
1488 356 1703 397 Ecclesiae
1727 356 1876 396 catho-

141 435 249 476 licae
270 434 294 477 i.
317 445 351 475 e.
374 446 461 475 non
483 433 795 474 consentientes
818 432 907 473 sedi
929 431 1202 484 apostolicae,
1235 442 1384 471 eorum
1416 429 1590 469 nomina
1622 427 1731 468 inter
1753 438 1881 467 sacra

142 517 231 546 non
252 516 346 546 esse
366 504 586 545 recitanda
606 503 842 557 mysteria.“
891 501 1024 543 Porro
1057 500 1348 542 consideretur
1379 513 1419 542 a.
1451 497 1658 539 formulae
1682 509 1708 537 a
1723 510 1750 537 u
1763 509 1785 536 c
1799 500 1815 536 t
1828 508 1877 536 o-

143 576 305 617 ritas:
327 574 565 616 habebatur
586 575 698 615 enim
719 586 796 626 pro
818 578 982 614 tessera
996 571 1299 620 orthodoxiae,
1323 582 1424 610 nam
1446 568 1615 609 nonnisi
1639 567 1881 619 praemissa

144 646 234 699 ejus
266 645 576 698 subscriptione
606 644 920 696 recipiebantur
950 642 1148 696 episcopi,
1180 642 1250 695 qui
1282 640 1446 681 fuerant
1477 638 1708 692 participes
1743 637 1879 677 schis-

144 715 270 756 matis
292 716 485 756 acaciani
506 716 562 772 (n.
584 716 726 771 4190);
759 715 909 756 eadem
932 714 1171 766 subscripta
1200 712 1276 753 fuit
1307 711 1360 753 ab
1393 710 1602 763 episcopis
1631 707 1801 763 25002),
1825 706 1881 747 ab

132 786 402 839 imperatore
414 785 666 835 Justiniano,
687 785 940 838 patriarchis
963 782 1434 835 constantinopolitanis
1448 779 1700 833 Epiphanio,
1714 777 1735 819 J
1741 789 1883 818 oanne

145 862 188 900 et
207 857 374 908 Menna,
395 857 576 911 denique
597 857 641 898 in
662 856 761 900 VIII.
796 856 960 910 synodo
995 855 1272 897 oecumenica
1306 858 1384 897 act.
1411 858 1431 896 1
1457 863 1483 892 a
1504 849 1696 904 patribus
1719 848 1884 909 grfficis

146 933 189 970 et
207 928 361 993 lQnis.
390 928 484 970 Jam
507 940 608 970 vero
631 930 679 972 b.
703 929 746 969 in
769 940 821 969 ea
842 928 860 968 s
867 932 1044 968 actum
1066 925 1370 967 infallibilitatis
1394 923 1669 965 enunciatur:
1692 921 1759 970 „in
1781 919 1883 960 sede

147 999 383 1051 apostolica
412 998 685 1040 Immaculata
716 1003 778 1040 est
813 1010 981 1051 semper
1002 1002 1171 1039 servata
1192 996 1414 1051 religio3).“
1458 993 1581 1045 Quod
1606 1006 1645 1036 c.
1669 1004 1756 1032 non
1779 1003 1882 1031 con-

145 1069 236 1121 tigit
265 1082 388 1119 casu3
422 1082 522 1111 nam
552 1069 651 1110 facti
682 1070 824 1110 ratio
856 1069 1045 1110 redditur
1075 1067 1214 1109 verbis
1246 1066 1400 1108 Christi
1431 1065 1485 1106 ad
1517 1064 1709 1105 Petrum:
1755 1061 1815 1101 Τιι
1843 1075 1886 1101 es

147 1139 296 1181 Petrus
317 1145 407 1188 etc,
434 1153 544 1194 quae
567 1154 662 1182 cum
684 1153 853 1194 semper
873 1153 976 1182 vera
997 1140 1080 1181 sint
1102 1143 1228 1192 atque
1252 1138 1305 1178 ad
1319 1148 1469 1178 omnes
1484 1135 1674 1188 ejusdem
1691 1136 1886 1186 spectent

147 1223 429 1261 successores,
452 1212 632 1253 similem
653 1224 822 1264 semper
850 1211 1044 1253 effectum
1065 1209 1294 1251 habebunt.
1337 1207 1460 1249 Haud
1483 1207 1664 1248 obscure
1688 1206 1733 1248 d.
1756 1204 1886 1256 hujus

149 1282 278 1323 divini
299 1283 462 1323 consilii
483 1282 501 1323 f
506 1284 612 1324 inis
634 1283 822 1336 aperitur
834 1282 994 1323 verbis:
1034 1282 1099 1333 „in
1121 1293 1206 1334 qua
1229 1285 1292 1321 est
1313 1281 1477 1331 integra
1500 1282 1542 1318 et
1563 1288 1666 1317 vera
1688 1274 1885 1316 christia-

148 1364 230 1394 nae
252 1353 463 1405 religionis
485 1355 718 1403 soliditas;“
750 1367 846 1395 cum
878 1355 991 1396 enim
1022 1353 1202 1395 aedificii
1235 1351 1425 1393 soliditas
1458 1349 1642 1403 pendeat
1675 1360 1700 1388 a
1734 1346 1884 1388 funda-

149 1424 280 1464 menti
301 1414 497 1466 firmitate
520 1425 680 1482 (Matth.
706 1430 743 1475 7,
767 1429 823 1470 24
845 1426 928 1482 ss),
951 1425 1153 1466 cathedra
1174 1436 1275 1464 vero
1291 1422 1406 1463 Petri
1428 1421 1481 1462 sit
1494 1419 1708 1461 Ecclesiae
1731 1417 1884 1458 funda-

149 1499 357 1536 mentum:
405 1497 559 1537 mirum
593 1508 686 1538 esse
721 1509 808 1538 non
841 1496 987 1546 debet,
1021 1495 1134 1548 quod
1169 1494 1371 1542 Christus,
1407 1496 1451 1533 ut
1492 1492 1655 1543 integra
1698 1493 1740 1530 et
1780 1499 1888 1528 vera

297 1626 320 1667 ¹)
340 1624 535 1670 Hucusque
553 1636 653 1662 conc.
672 1638 693 1660 v
705 1637 726 1659 a
736 1626 775 1659 ti
788 1636 804 1658 c
818 1637 839 1659 a
849 1638 873 1659 n
885 1638 907 1659 u
920 1638 955 1658 m
974 1626 1083 1659 verba
1101 1623 1281 1658 formulae
1301 1623 1447 1667 allegat.
1467 1621 1518 1655 De
1534 1619 1646 1654 variis
1660 1617 1888 1652 lectionibus

151 1678 189 1710 et
205 1676 469 1712 additamentis
486 1679 664 1713 formulae
678 1679 832 1725 adjectis
851 1679 893 1713 cf.
913 1679 946 1712 H
957 1690 975 1713 e
987 1679 1034 1712 in
1044 1678 1114 1711 ric
1124 1678 1149 1710 h
1168 1678 1184 1714 ἓ
1203 1678 1246 1710 96
1266 1678 1302 1709 et
1321 1675 1351 1709 G
1365 1687 1382 1708 r
1393 1686 1414 1708 a
1425 1686 1448 1708 n
1461 1674 1484 1707 d
1496 1685 1514 1708 e
1525 1685 1543 1706 1·
1555 1684 1575 1706 a
1587 1673 1637 1707 th
1657 1682 1749 1705 com.
1766 1672 1799 1704 7.

293 1733 320 1772 2)
339 1731 416 1764 Hoc
432 1731 571 1766 fatetur
590 1732 849 1777 Dollingei·
866 1733 945 1776 ipse
965 1728 1339 1774 Kirchengeschichte
1363 1731 1393 1769 1,
1421 1728 1485 1761 177
1513 1727 1566 1761 ed.
1592 1730 1611 1760 2
1637 1736 1668 1759 a.
1692 1727 1792 1759 1853.
1832 1722 1887 1756 Cf.

152 1794 264 1827 supra
279 1784 312 1818 R
323 1796 347 1818 u
358 1795 373 1818 s
384 1787 401 1818 t
411 1785 423 1818 i
435 1785 473 1819 ci
493 1785 637 1819 diaconi
655 1787 767 1821 verba
784 1798 819 1820 n.
837 1788 935 1820 4062.

298 1839 325 1882 3)
343 1837 420 1872 Hoc
432 1839 573 1872 factum
589 1840 731 1883 saepius
746 1838 905 1874 inculcat
919 1850 944 1872 s,
960 1840 991 1871 A
1002 1851 1026 1882 g
1038 1848 1059 1870 a
1070 1837 1121 1871 th
1132 1846 1151 1869 o
1171 1836 1209 1870 in
1228 1846 1293 1869 sua
1312 1835 1357 1868 ad
1371 1834 1559 1878 Augustos
1575 1831 1744 1876 epistola.
1759 1830 1797 1863 in
1812 1839 1887 1872 qua

151 1889 251 1923 inter
268 1890 342 1924 alia
359 1891 522 1936 ejusdem
539 1892 627 1926 facti
646 1893 827 1937 originem
845 1893 966 1936 aperit
983 1891 1142 1925 scribens
1161 1889 1279 1932 (Mig.
1295 1890 1351 1927 87,
1371 1889 1470 1927 1168)
1485 1901 1490 1920 2
1528 1885 1636 1929 »Ejus
1655 1882 1781 1927 (Petri)
1799 1892 1886 1915 Vffl'a

153 1942 333 1977 confessio
352 1955 373 1978 a
390 1944 498 1979 Patre
517 1946 561 1980 de
579 1946 689 1980 coelis
707 1948 761 1980 est
779 1946 951 1985 revelata,
970 1954 1034 1988 pro
1054 1954 1127 1987 qua
1145 1954 1166 1976 a
1182 1941 1340 1975 Domino
1360 1940 1524 1973 omnium
1545 1939 1674 1972 beatus
1702 1947 1779 1971 esse
1806 1944 1890 1980 pro-

154 1996 351 2030 nunciatus
366 1999 422 2031 est
434 1998 582 2037 Petrus;
610 1999 673 2043 qui
701 2001 738 2033 et
765 1999 950 2043 spiritales
977 2007 1062 2032 oves
1081 1996 1267 2030 Ecclesiae
1295 1995 1342 2028 ab
1359 1994 1439 2037 ipso
1459 1992 1703 2035 Redemptore
1723 1988 1887 2024 omnium

154 2051 260 2084 terna
278 2052 599 2087 commendatione
617 2053 816 2098 pascendas
840 2053 1010 2096 suscepit,
1037 2050 1139 2095 eujus
1159 2049 1349 2083 annitente
1367 2046 1562 2091 praesidio,
1579 2045 1668 2079 haec
1686 2042 1891 2088 apostolica

159 2102 238 2147 ejus
255 2104 419 2138 Ecclesia
435 2117 624 2150 nunquam
653 2118 674 2139 a
698 2107 758 2140 via
785 2106 951 2140 veritatis
978 2106 1017 2138 in
1041 2102 1207 2148 qualibet
1234 2101 1365 2136 erroris
1391 2100 1496 2145 parte
1522 2098 1661 2132 deflexa
1687 2098 1760 2131 est:
1788 2095 1890 2140 cujus

157 2157 427 2198 auctoritatem,
455 2160 583 2203 utpote
601 2160 854 2204 apostolorum
871 2159 1037 2193 omnium
1054 2155 1241 2201 principis,
1259 2164 1402 2198 semper
1416 2152 1534 2186 omnis
1554 2149 1735 2185 catholica
1754 2148 1894 2183 Christi

157 2209 321 2245 Ecclesia
338 2212 375 2245 et
390 2212 620 2247 universales
638 2213 769 2257 synodi
786 2212 942 2246 fideliter
960 2210 1224 2255 amplectentes
1251 2209 1290 2241 in
1318 2206 1457 2240 cunctis
1485 2206 1627 2239 secutae
1644 2203 1730 2237 sunt
1748 2212 1890 2236 omnes-

157 2274 228 2307 que
239 2265 468 2299 venerabiles
481 2268 603 2310 patres
617 2267 860 2310 apostolicam
874 2266 950 2310 ejus
965 2263 1170 2298 doctrinam
1186 2261 1357 2305 amplexi.
1369 2268 1381 2281 «
1397 2259 1438 2293 In
1450 2269 1543 2303 quae
1556 2257 1665 2291 verba
1680 2256 1723 2290 cf.
1738 2255 1790 2289 Κ]
1800 2255 1888 2288 eut-

157 2327 247 2361 gen
274 2317 447 2352 Zeitschr.
474 2319 498 2352 f.
517 2319 621 2354 kath,
638 2319 849 2364 Theologie,
869 2318 1067 2362 Oeniponti
1088 2319 1174 2351 1881
1194 2328 1231 2360 p.
1249 2316 1329 2349 768.
1364 2312 1467 2354 Quod
1496 2312 1526 2345 si
1555 2311 1659 2345 sedes
1688 2308 1892 2354 apostolica

157 2369 435 2405 immaculatam
453 2383 468 2406 s
480 2382 499 2405 e
511 2384 546 2405 m
557 2385 581 2417 p
594 2384 612 2406 e
624 2385 642 2406 i·
659 2373 816 2407 servavit
833 2371 1060 2416 religionem,
1079 2371 1120 2403 ut
1139 2369 1274 2402 dicitur
1292 2367 1330 2401 in
1346 2363 1507 2400 formula
1524 2364 1559 2397 H
1571 2373 1591 2397 o
1602 2376 1619 2397 1·
1631 2376 1665 2397 m
1677 2364 1690 2396 i
1702 2374 1717 2396 s
1729 2361 1752 2395 d
1764 2373 1785 2395 a
1796 2372 1824 2403 e,
1854 2362 1893 2395 et

158 2435 384 2467 nunquam
402 2436 423 2458 a
437 2426 497 2459 via
510 2426 675 2460 veritatis
690 2426 827 2460 deflexa
842 2427 908 2467 est,
922 2426 964 2458 ut
982 2436 1005 2467 q
1015 2435 1039 2457 u
1051 2434 1072 2456 a
1082 2425 1098 2456 t
1110 2433 1154 2456 er
1172 2421 1306 2455 saltem
1323 2422 1354 2453 A
1365 2432 1390 2464 g
1403 2430 1424 2452 a
1436 2419 1452 2452 t
1463 2418 1487 2451 11
1498 2427 1518 2450 0
1537 2417 1709 2457 inculcat,
1731 2412 1890 2448 excludi-

158 2477 219 2510 tur
236 2478 272 2513 1.
291 2479 520 2521 quorundam
540 2480 727 2524 effugium,
746 2477 1108 2513 indefectibilitatem
1131 2474 1170 2508 in
1194 2474 1265 2508 fide
1284 2472 1490 2515 competere
1508 2471 1652 2504 tantum
1673 2467 1889 2512 pontificum

165 2530 272 2565 seriei
289 2542 352 2565 seu
369 2533 602 2573 successioni,
620 2544 692 2568 non
711 2543 798 2567 vero
816 2531 992 2576 singulis;
1012 2529 1176 2573 sequitur
1189 2528 1226 2563 2.
1240 2526 1295 2561 nil
1316 2526 1460 2560 novisse
1474 2524 1708 2569 Agathonem
1723 2522 1759 2555 et
1768 2522 1893 2566 patres

161 2594 260 2618 conc.
280 2587 504 2620 oecumenici
522 2586 618 2620 VIII.
638 2588 706 2620 act.
728 2589 743 2619 1
767 2586 811 2619 de
828 2585 935 2629 lapsu
953 2582 1108 2617 Honor-ii
1125 2582 1165 2615 in
1183 2580 1396 2615 definitione
1414 2579 1510 2619 fidei,
1529 2586 1624 2621 quae
1645 2576 1756 2610 fuerit
1782 2585 1800 2609 e
1828 2584 1891 2607 ca-

159 2637 213 2669 th
223 2646 242 2671 e
253 2637 304 2671 dr
314 2648 345 2676 a,
381 2639 506 2683 quue
526 2639 674 2684 majoris
691 2638 858 2673 facienda
875 2639 929 2671 est
947 2635 1105 2681 epistola
1118 2632 1336 2678 Agathom's,
1352 2630 1449 2675 quod
1463 2630 1507 2664 de
1523 2640 1566 2663 ea
1580 2625 1753 2662 dixerunt
1765 2625 1894 2669 patres

163 2700 264 2742 Quo.
283 2692 506 2726 oecumenici
523 2692 585 2727 VI.
603 2693 642 2726 in
661 2703 716 2736 ep.
736 2692 782 2725 ad
801 2690 957 2725 eundem
976 2688 1089 2733 (Mig.
1108 2689 1164 2728 87,
1186 2689 1306 2727 1248):
1328 2686 1479 2728 ,Itaque
1501 2682 1573 2717 tibi
1585 2682 1628 2715 ut
1640 2680 1781 2725 primae
1796 2677 1892 2710 sedis

163 2743 323 2778 antistiti
339 2745 555 2779 universalis
578 2745 773 2785 Ecclesiae,
803 2743 892 2788 quid
910 2741 1092 2787 agendum
1111 2740 1159 2774 sit
1184 2739 1438 2783 relinquimus,
1465 2736 1580 2770 stanti
1611 2745 1720 2778 super
1750 2732 1891 2765 firmam

163 2796 250 2831 fidei
267 2800 421 2841 petram,
440 2797 602 2833 libenter
618 2798 788 2843 perlectis
806 2806 910 2831 verae
928 2794 1165 2830 confessionis
1179 2793 1295 2828 literis
1313 2804 1334 2827 a
1351 2793 1472 2827 vestra
1488 2791 1645 2836 paterna
1661 2784 1895 2821 beatitudine

163 2850 210 2884 ad
226 2851 432 2895 piissimum
450 2853 709 2896 imperatorem
729 2852 868 2886 missis:
887 2861 976 2894 quas
995 2851 1037 2883 ut
1054 2859 1075 2882 a
1092 2859 1234 2882 summo
1249 2846 1501 2892 apostolorum
1514 2843 1648 2877 vertice
1671 2840 1795 2874 divine
1812 2848 1891 2882 per-

165 2905 321 2949 scriptas
333 2906 617 2954 (θεολογηθὲντα)
634 2906 878 2950 agnoscimus,
891 2914 957 2948 per
972 2913 1062 2946 quas
1071 2903 1233 2936 exortam
1250 2911 1366 2945 nuper
1379 2896 1597 2943 multiplicis
1609 2894 1741 2929 erroris
1756 2895 1895 2926 sectam

164 2959 389 2993 haereticam
407 2960 616 3004 depulimus
634 2961 725 2994 etc.‘
762 2960 803 2993 In
831 2958 995 2992 oratione
1021 2965 1104 2990 vero
1124 2955 1170 2989 ad
1187 2955 1447 2999 imperatorem
1464 2951 1595 2986 habita
1613 2949 1693 2990 (Ma
1706 2959 1729 2980 n
1741 2946 1778 2979 si
1808 2944 1892 2978 coll.

166 3022 264 3046 conc.
282 3012 343 3052 XI,
360 3014 441 3052 666)
460 3013 774 3047 exclamaverunt:
812 3010 970 3050 ,Charta
988 3010 1024 3042 et
1042 3010 1289 3043 atramentum
1306 3007 1502 3042 videbatur
1521 3006 1558 3039 et
1575 3014 1640 3048 per
1660 2999 1893 3044 Agathonem

165 3065 293 3101 Petrus
310 3065 563 3109 loquebatur.‘
