2175 3382
202 154 286 193 500
495 146 613 179 'truc-t.
635 144 692 178 [V.
714 145 757 178 de
778 144 856 178 fide.
876 143 1005 177 'rhesis
1023 142 1214 177 LXXXIV.
1235 142 1285 176 De
1303 142 1388 178 fidei
1407 142 1630 177 certitudine

203 266 520 307 monstrationis
543 276 617 305 seu
641 264 675 304 si
698 275 743 304 se
766 262 943 304 haberet
965 274 1040 315 per
1062 262 1236 303 modum
1258 261 1458 303 illationis
1481 273 1532 303 ex
1555 261 1809 316 syllogismo
1849 261 1934 304 Sed

201 339 324 390 plane
348 337 468 377 aliter
499 347 545 376 se
578 333 706 375 habet
728 345 928 375 assensus
962 333 1069 382 fidei,
1104 337 1149 374 ut
1184 337 1301 385 patet
1335 344 1386 374 ex
1409 332 1530 373 dictis
1553 345 1592 375 n.
1615 336 1702 377 474
1724 346 1778 374 ss.
1821 331 1935 375 Sane

203 410 359 448 motiva
374 406 663 448 eredibilitatis
686 418 771 446 non
794 409 891 446 sunt
913 405 1044 457 ipsius
1068 403 1162 444 fidei
1186 404 1392 444 motivum
1409 403 1464 458 (n.
1478 405 1596 458 467),
1618 403 1693 445 sed
1707 407 1934 457 postquam

201 492 249 520 ex
275 479 322 518 iis
345 479 517 530 agnovit
539 477 646 518 ratio
663 476 794 517 Deum
818 487 911 517 esse
933 475 1132 523 locutum,
1156 474 1352 516 voluntas
1368 485 1472 515 suae
1486 473 1756 526 obligationis
1770 485 1938 516 memor

202 549 404 601 praecipit
432 548 657 589 intellectui
690 559 911 588 assensum
944 546 1038 587 fidei
1070 550 1243 598 propter
1272 545 1348 587 Dei
1380 545 1592 599 loquentis
1624 545 1936 587 auctoritatem.

201 620 339 671 Quare
363 631 563 660 assensus
595 618 689 659 fidei
721 630 807 658 non
838 617 1111 669 consequitur
1137 616 1559 665 demonstrationem,
1592 616 1666 658 sed
1698 617 1780 657 hac
1810 628 1936 669 prae-

201 691 430 743 supposita,
454 691 568 742 pium
592 689 850 730 credulitatis
873 688 1082 729 affectum.
1115 686 1206 738 Quo
1231 699 1332 729 vero
1355 688 1525 740 gravius
1547 688 1766 737 motivum,
1789 699 1841 729 eo
1865 687 1935 728 fir-

200 763 307 802 mior
338 773 432 802 esse
463 760 589 802 debet
620 772 841 806 assensus;
874 759 1170 812 gravissimum
1202 763 1346 800 autem
1369 759 1576 800 motivum
1608 763 1672 800 est
1703 758 1938 800 auctoritas

199 834 272 875 Dei
295 833 515 886 loquentis.
559 836 699 883 Quare
722 843 807 872 non
832 831 990 871 motiva
1013 830 1316 878 credibilitatis,
1349 842 1460 883 quae
1483 829 1538 871 ad
1560 829 1818 872 credendum
1840 834 1937 871 tan-

198 911 285 946 tuin
318 904 548 955 disponunt
583 906 625 944 et
659 902 874 950 inducunt,
909 901 1194 942 determinant
1228 913 1430 942 assensus
1461 900 1718 951 firmitatem,
1751 901 1827 943 sed
1860 901 1938 943 Dei

199 975 442 1019 auctoritas,
475 973 543 1014 cui
573 972 752 1013 debetur
783 984 984 1013 assensus
1016 984 1143 1025 super
1174 973 1329 1017 omnia,
1361 985 1554 1014 summus
1576 972 1750 1026 Deoque
1773 972 1937 1025 dignus,

198 1046 350 1098 partim
374 1056 425 1085 ex
448 1044 685 1085 reverentia
701 1055 799 1095 erga
816 1042 961 1092 Deum,
982 1044 1136 1096 partim
1160 1055 1212 1085 ex
1234 1055 1383 1085 amore
1404 1044 1565 1094 salutis,
1589 1043 1644 1085 ad
1667 1056 1797 1098 quam
1822 1043 1937 1097 ejus-

201 1116 314 1157 modi
336 1120 455 1156 actus
478 1115 661 1155 conditio
686 1119 750 1156 est
771 1115 1025 1164 necessaria,
1057 1115 1211 1167 partim
1243 1114 1297 1156 ob
1328 1115 1466 1167 ipsam
1498 1119 1619 1156 actus
1648 1115 1938 1157 honestatem.

199 1185 449 1230 Cf.Pesci1
473 1198 589 1238 prop.
619 1190 681 1231 18.

318 1261 451 1298 Solent
482 1260 520 1297 id
553 1261 725 1310 theologi
757 1261 957 1298 illustrare
989 1261 1164 1309 exemplo
1195 1261 1419 1309 peccatoris,
1451 1261 1520 1309 (1111
1542 1260 1741 1311 naufragii
1761 1262 1940 1310 tempore

198 1333 241 1357 ex
274 1321 414 1357 timore
446 1332 592 1368 poenae
623 1324 804 1357 aeternae
826 1319 1030 1357 inducitur
1055 1320 1102 1357 ad
1124 1320 1359 1358 eliciendum
1381 1322 1513 1357 actum
1533 1320 1728 1369 perfectae
1749 1319 1937 1367 caritatis,

198 1379 279 1416 sine
303 1390 378 1427 quo
402 1379 470 1416 illo
494 1379 534 1415 in
557 1379 730 1427 periculo
753 1379 1044 1417 damnationem
1075 1382 1273 1417 aeternam
1296 1380 1458 1417 evadere
1479 1380 1631 1428 nequit.
1675 1378 1759 1424 Quo
1780 1379 1823 1416 in
1845 1391 1938 1418 casu

201 1438 459 1475 damnationis
481 1438 700 1486 periculum
722 1450 799 1475 non
823 1440 881 1475 031
904 1439 1097 1476 motivum
1118 1439 1261 1476 amoris
1284 1439 1364 1484 Dei,
1400 1439 1465 1476 sed
1487 1439 1632 1477 occasio
1655 1439 1847 1476 inducens
1867 1451 1939 1476 vo-

200 1497 395 1534 luntatam
418 1498 463 1533 ad
487 1497 720 1534 eliciendum
743 1500 874 1534 actum
895 1498 1069 1535 caritatis
1090 1510 1135 1534 ex
1156 1497 1305 1536 motivo
1327 1498 1419 1536 huic
1440 1498 1583 1536 virtuti
1603 1498 1772 1548 proprio,
1794 1497 1838 1535 in
1859 1510 1937 1546 quo

202 1558 293 1593 actu
315 1556 505 1593 eliciendo
531 1557 646 1603 juxta
676 1556 848 1605 pretium
870 1560 909 1594 et
931 1557 1084 1606 pondus
1105 1558 1209 1594 tanti
1229 1557 1369 1595 motivi
1389 1557 1521 1595 eliciet
1541 1560 1683 1603 actum,
1710 1569 1753 1595 ac
1772 1556 1940 1606 proinde

199 1627 370 1652 amorem
384 1615 453 1652 Dei
467 1627 584 1663 super
598 1616 738 1652 omnia.
761 1616 904 1664 Aptior
916 1619 977 1653 est
991 1616 1068 1653 alia
1081 1616 1328 1666 comparatio,
1352 1616 1390 1653 Si
1406 1617 1494 1665 quis
1516 1629 1561 1654 ex
1582 1617 1811 1655 testimonio
1833 1615 1939 1654 servi

198 1674 272 1711 fide
305 1674 415 1723 digni
448 1675 643 1723 cognoscit
673 1677 919 1723 praesentem
949 1688 1030 1713 esse
1060 1688 1203 1725 regem,
1235 1675 1407 1724 profecto
1438 1676 1523 1725 regi
1554 1676 1735 1723 loquenti
1759 1678 1799 1713 et
1823 1688 1937 1725 prae-

195 1733 361 1782 cipienti
392 1733 492 1770 illud
523 1733 724 1771 exhibebit
754 1734 896 1771 mentis
917 1735 1215 1783 voluntatisque
1239 1735 1485 1783 obsequium,
1518 1735 1624 1784 quod
1647 1735 1798 1785 regiam
1817 1735 1939 1784 maje-

196 1796 336 1829 statem
359 1793 503 1838 deceat,
538 1793 642 1840 quod
665 1793 791 1842 pretio
815 1796 853 1830 et
876 1794 1061 1831 firmitate
1084 1807 1153 1831 sua
1173 1795 1289 1844 longe
1312 1795 1471 1832 excedet
1491 1807 1697 1832 assensum
1719 1795 1938 1832 exhibitum

194 1851 356 1897 famulo,
382 1852 494 1900 cujus
517 1853 742 1890 testimonio
765 1853 953 1890 inductus
974 1855 1034 1891 est
1055 1854 1103 1890 ad
1123 1854 1229 1903 regis
1251 1854 1527 1903 cognitionem.
1561 1855 1623 1891 Ita
1642 1854 1791 1892 motiva
1812 1852 1938 1891 crediss

194 1910 362 1948 bilitatis
395 1911 631 1948 ancillantur
663 1912 816 1949 divinae
838 1913 1034 1978 majestati
1060 1915 1337 1962 testanturque
1358 1914 1486 1962 ipsam
1507 1913 1640 1951 adesse
1662 1916 1782 1962 atque
1802 1913 1938 1951 nobis-

195 1982 283 2007 cum
306 1970 542 2008 revelatione
566 1971 685 2018 loqui.
730 1972 780 2010 Cf.
805 1972 961 2021 egregia
984 1972 1060 2009 Pii
1082 1973 1286 2010 IX ve1ba
1307 1985 1344 2010 n.
1369 1979 1465 2012 467.

314 2047 409 2082 487
434 2037 675 2083 Scholion.
718 2043 920 2080 Nonnulla
947 2043 1111 2080 dicenda
1141 2046 1235 2081 sunt
1265 2044 1309 2081 de
1338 2045 1562 2081 certitudine
1590 2045 1682 2092 fidei
1712 2046 1937 2110 comparate

195 2100 242 2137 ad
274 2100 552 2138 certitudinem
584 2102 749 2139 aliarum
780 2102 1050 2152 cognitionum
1080 2106 1315 2140 nosti-Mirum
1359 2103 1714 2148 ,Communissima
1734 2103 1852 2149 enim,
1874 2103 1938 2140 in·-

193 2159 279 2208 quit
302 2160 370 2196 Lu
382 2172 441 2209 go
463 2160 498 2199 d
525 2167 545 2201 6
571 2173 598 2198 s.
625 2168 646 2200 3
671 2174 709 2197 n.
736 2168 800 2206 34,
825 2164 865 2199 et
887 2162 1088 2199 verissima
1109 2162 1383 2212 theologorum
1405 2163 1600 2200 sententia
1621 2165 1691 2208 est,
1714 2162 1830 2200 fidem
1853 2174 1938 2200 esse

193 2218 395 2256 certiorem
428 2220 515 2256 aliis
547 2220 839 2270 cognitionibus
870 2221 1120 2259 evidentibus
1155 2221 1402 2267 naturaliter,
1435 2234 1533 2270 quas
1557 2222 1793 2271 regulariter
1813 2222 1933 2259 habe-

192 2289 300 2314 mus:
333 2278 390 2315 ita
422 2290 509 2315 cum
533 2291 562 2316 s.
586 2279 767 2317 Thoma
791 2286 827 2320 2.
853 2286 874 2319 2
900 2293 935 2328 q.
960 2287 984 2320 4
1007 2294 1038 2320 a.
1064 2287 1086 2321 8
1110 2282 1249 2318 tenent
1279 2281 1408 2327 ceteri,
1441 2293 1539 2330 quos
1571 2283 1791 2331 congerunt
1811 2283 1852 2318 et
1873 2293 1934 2318 se-

193 2339 373 2383 quuntur
396 2337 581 2375 Suarez
604 2339 639 2375 d.
668 2345 688 2377 (3
715 2351 741 2376 s.
769 2346 788 2380 5
813 2352 850 2376 11.
880 2347 943 2387 10,
976 2340 1211 2377 Hurtado
1243 2340 1278 2378 d.
1305 2346 1355 2381 58
1381 2352 1410 2377 s,
1436 2346 1457 2380 3
1483 2338 1503 2383 ἓ
1530 2346 1583 2380 ‘24
1606 2343 1646 2378 et
1668 2340 1736 2377 alii
1759 2353 1934 2378 commu-

193 2395 337 2432 niter«
382 2396 485 2440 Quae
509 2397 682 2434 doctrina
704 2401 750 2435 111
772 2398 1129 2448 riteintelligatur,
1154 2399 1247 2437 11300
1267 2412 1360 2448 prae
1382 2400 1506 2437 oculis
1528 2400 1769 2437 habeantur:

314 2452 354 2494 l.
378 2455 569 2492 Excessus
601 2457 852 2495 certitudinis
887 2457 977 2495 fidei
1006 2470 1124 2507 supra
1155 2458 1339 2496 scientiae
1371 2458 1650 2496 certitudinem
1681 2458 1933 2508 potissimum

193 2512 455 2551 desumendus
486 2518 542 2551 est
576 2528 620 2551 ex
651 2516 860 2554 adhaesi
874 2529 985 2562 one,
1020 2530 1099 2565 qua
1119 2517 1345 2555 intellectus
1367 2531 1412 2555 ex
1433 2518 1653 2555 voluntatis
1675 2517 1841 2566 imperio
1863 2518 1931 2555 ad-

191 2570 324 2608 haeret
354 2572 505 2610 firmius
537 2573 626 2610 fidei
658 2575 819 2623 objecto,
852 2589 971 2625 quam
1003 2576 1092 2613 31113
1124 2577 1308 2614 scientiae
1340 2577 1587 2621 veritatibus,
1623 2576 1768 2625 quibus
1800 2576 1934 2623 etiam,

191 2631 370 2678 quamvis
393 2632 634 2677 certissimis.
658 2634 789 2681 potius
810 2635 1070 2681 renunciaret,
1094 2649 1211 2684 quam
1232 2636 1467 2674 veritatibus
1489 2636 1685 2674 revelatis.

308 2687 352 2730 ⁸2.
375 2680 542 2727 Firmior
564 2691 655 2729 haec
678 2693 858 2731 adhaesio
881 2708 901 2731 a
921 2695 988 2743 pio
1010 2695 1255 2733 credulitatis
1277 2695 1421 2732 affectu
1442 2694 1684 2744 praecipitur
1704 2707 1784 2732 non
1807 2707 1928 2742 03000,

192 2748 259 2785 sed
289 2749 337 2785 ob
359 2750 659 2797 praecellentius
691 2752 852 2790 formale
877 2753 1080 2791 motivum.
1123 2754 1194 2798 „Si
1214 2754 1318 2791 enim
1340 2756 1540 2802 spectatur
1561 2753 1723 2791 formale
1745 2753 1839 2791 fidei
1860 2753 1933 2792 ob-

185 2807 348 2856 jectum,
382 2807 515 2856 inquit
547 2809 831 2859 Tongiorgi
862 2812 988 2850 instit.
1011 2813 1107 2861 phil.
1136 2827 1172 2862 p.
1198 2819 1219 2852 2
1243 2814 1267 2850 1.
1297 2821 1312 2853 1
1340 2825 1370 2850 0.
1396 2819 1417 2852 2
1443 2827 1474 2850 a.
1501 2821 1536 2858 5,
1568 2813 1639 2850 hoc
1669 2813 1855 2862 majorem
1885 2826 1930 2851 ac

190 2866 398 2904 firmiorem
432 2867 551 2904 habet
582 2870 852 2906 necessitatem
884 2884 1002 2919 quam
1025 2872 1150 2909 omnis
1173 2872 1327 2917 veritas,
1360 2884 1460 2920 quae
1481 2871 1645 2909 rationis
1666 2872 1816 2909 lumine
1838 2884 1928 2922 cog—

189 2926 298 2963 nosci
318 2925 453 2975 possit.
475 2926 575 2963 Nam
596 2927 639 2963 in
661 2940 700 2965 se
722 2932 918 2978 repugnat
939 2930 1061 2980 magis
1081 2931 1227 2968 falsum
1248 2943 1333 2968 esse
1354 2930 1405 2977 id,
1430 2931 1535 2979 quod
1549 2931 1777 2968 testimonio
1793 2931 1931 2968 divino

189 2984 453 3031 confirmatur,
478 2993 595 3033 quam
617 2986 655 3022 id
679 2998 803 3032 omne,
828 2989 932 3036 quod
954 2989 1181 3027 intellectus
1203 2989 1365 3027 humani
1385 2990 1536 3027 lumine
1558 2990 1825 3028 collustratur.
1856 2990 1926 3027 Et-

189 3043 293 3080 enim
308 3044 411 3081 Deus
433 3046 495 3081 est
516 3045 776 3083 essentialiter
796 3039 1016 3085 infallibilis
1038 3050 1078 3085 et
1100 3061 1230 3088 verax.
1253 3049 1485 3087 Intellectus
1508 3051 1640 3086 autem
1661 3049 1858 3086 humanus
1881 3061 1929 3086 ex

188 3102 489 3152 participatione
511 3103 679 3152 quadam
701 3107 741 3141 et
761 3105 802 3141 in
824 3105 1059 3153 quibusdam
1082 3108 1209 3145 solum
1229 3107 1570 3145 infallibilisest.«
1600 3158 1604 3161 .
