2175 3382
224 133 310 175 42ss
401 130 519 164 Tract.
539 129 597 163 III.
617 129 661 163 de
679 129 852 174 primatu.
872 128 938 165 Th.
957 127 1150 162 LXXVIII.
1170 128 1214 162 de
1233 128 1472 162 conciliorum
1490 129 1779 163 confirmatione.

225 253 392 302 legimus
423 252 463 288 in
495 251 591 288 actis
614 251 787 300 ejusdem
815 251 953 300 synodi
975 250 1023 287 de
1045 250 1198 288 vicariis
1219 250 1368 288 sedium
1392 250 1674 295 alexandrinae,
1705 250 1958 289 antiochenae

223 315 262 349 et
285 310 662 359 hierosolymitanae,
695 310 763 358 qui
786 311 867 347 scil.
889 310 1137 347 declararunt
1168 310 1321 346 nullum
1350 309 1442 347 oriri
1465 309 1750 358 praejudicium
1772 309 1959 348 adversus

223 371 377 408 decreta
408 369 545 418 synodi
568 369 631 413 VI,
663 369 767 417 quod
793 369 927 406 nullus
951 369 1102 406 sedium
1125 368 1442 417 patriarchalium
1466 368 1639 405 Orientis
1662 368 1696 406 ei
1720 368 1958 414 interfuerit,

226 429 456 478 „praecipue
480 441 568 466 cum
591 441 640 466 ss.
663 431 703 465 et
723 429 962 477 apostolicus
984 441 1084 477 papa
1115 440 1297 465 romanus
1319 427 1611 465 concordaverit
1631 436 1672 465 et
1693 427 1733 464 in
1755 440 1799 465 ea
1819 427 1958 465 inven-

224 495 288 525 tus
312 488 362 525 sit
387 501 454 536 per
475 487 727 537 apocrisarios
750 500 841 525 suos
864 485 1040 539 (Mansi
1065 487 1147 528 XII.
1181 495 1191 526 l
1212 487 1344 539 133).<

344 578 439 611 406.
464 570 757 619 Exceptionibus
788 571 934 617 satisfit.
959 592 1014 597 —-
1047 570 1147 607 Huic
1178 569 1373 618 pontificis
1403 569 1694 618 praerogativae
1726 581 1804 607 non
1835 569 1957 616 obest,

345 628 385 670 l.
411 630 443 666 si
475 643 551 677 qua
583 629 683 666 forte
706 635 797 667 sunt
825 629 986 666 concilia
1008 629 1265 671 oecumenica,
1298 641 1464 677 quorum
1488 628 1529 665 in
1551 628 1646 666 actis
1667 628 1767 665 nihil
1788 628 1958 678 legimus

224 689 270 726 de
293 700 426 726 eorum
450 688 754 726 confirmatione.
798 689 890 726 Cum
924 689 1026 725 enim
1055 688 1131 725 duo
1154 689 1234 725 sint
1257 688 1510 725 conciliorum
1532 700 1600 736 per
1622 687 1846 736 pontificem
1868 699 1958 725 con-

223 747 454 786 firmationis
493 760 647 797 genera.
689 760 812 784 unum
846 751 891 784 ut
925 747 1178 784 conciliorum
1201 747 1354 784 decreta
1388 747 1432 783 ad
1465 746 1690 795 pontificem
1721 746 1849 784 delata
1878 746 1961 795 ipse

225 807 447 856 comprobet
480 813 597 854 atque
623 807 844 844 confirmet:
878 807 1044 843 alterum
1068 816 1171 846 vero,
1203 808 1249 843 ut
1271 806 1351 854 ipse
1373 805 1525 854 primus
1548 805 1786 843 sententiam
1806 813 1961 854 promat

223 866 409 914 illamque
431 866 594 903 concilio
616 865 853 913 sequendam
874 868 1078 914 proponat,
1113 865 1168 902 ita
1191 867 1236 902 ut
1258 865 1305 902 ab
1328 877 1371 902 eo
1394 864 1591 902 discedere
1614 865 1814 914 integrum
1835 863 1961 902 eidem

224 938 302 963 non
334 925 402 962 sit:
435 924 643 962 concedere
665 936 887 973 possumus,
920 924 1112 961 nonnulla
1134 924 1307 967 concilia,
1342 924 1559 973 cujusmodi
1581 923 1744 961 fuerunt
1765 923 1961 973 ephesi-

224 997 355 1028 num,
380 983 808 1026 chalcedonense,
834 983 1556 1031 constantinopolitanumlll,
1573 987 1611 1020 et
1632 982 1960 1028 nicaenumII.,

225 1043 295 1080 hoc
328 1042 534 1091 posteriori
566 1042 680 1079 modo
712 1042 864 1079 firmam
896 1043 1170 1080 auctoritatem
1201 1054 1286 1079 esse
1317 1042 1466 1090 adepta.
1510 1041 1604 1079 Cum
1636 1042 1739 1079 enim
1769 1041 1848 1079 ista
1869 1053 1960 1079 con·

224 1103 310 1139 cilia
333 1102 380 1138 ad
404 1102 632 1150 pontificum
655 1101 901 1139 definitiones
926 1114 995 1139 sua
1017 1102 1215 1151 exigerent
1237 1101 1402 1145 decreta,
1428 1101 1618 1149 quidquid
1640 1102 1681 1138 in
1702 1101 1799 1150 ipsis
1821 1100 1960 1138 defini-

224 1164 307 1199 tum
332 1161 419 1201 fuit,
443 1173 623 1198 romanae
645 1161 746 1198 sedis
767 1161 999 1198 auctoritate
1014 1160 1277 1198 constitutum
1292 1160 1366 1197 dici
1380 1160 1521 1197 merito
1536 1160 1678 1209 potuit,
1702 1160 1800 1208 quin
1812 1159 1962 1197 iterum

224 1220 442 1258 confirmari
482 1220 710 1268 oportuerit.
753 1219 933 1257 Ceterum
973 1220 1177 1258 silentium
1200 1219 1246 1256 de
1277 1219 1571 1257 confirmatione
1602 1219 1804 1268 pontificia
1833 1218 1959 1268 repeti

225 1280 340 1317 etiam
373 1279 463 1315 inde
496 1279 730 1328 quandoque
760 1279 918 1327 poterit,
952 1279 1057 1328 quod
1089 1279 1373 1316 interciderunt
1409 1282 1505 1316 acta.
1547 1280 1608 1316 Ita
1630 1291 1686 1315 ex.
1709 1291 1766 1328 gr.
1790 1277 1964 1327 synodus

225 1351 427 1375 romana
458 1338 530 1375 sub
561 1338 687 1375 Felice
718 1338 766 1375 11.
791 1351 821 1375 a.
856 1346 936 1379 485
972 1341 1139 1376 testatur
1173 1338 1316 1388 (Mansi
1348 1337 1431 1383 VII,
1467 1335 1614 1389 1140):
1648 1337 1798 1382 ,Quam
1830 1349 1964 1375 vocem

225 1395 300 1449 (Tu
324 1410 360 1434 es
383 1397 519 1434 Petrus
540 1397 627 1446 etc.)
661 1400 869 1445 sequentes
896 1404 976 1439 318
1001 1401 1132 1446 patres
1163 1397 1267 1446 apud
1288 1397 1472 1434 Nicaeam
1503 1396 1728 1447 congregati
1759 1396 1961 1434 confirma.-

224 1457 371 1494 tionem
392 1469 524 1493 rerum
546 1459 663 1504 atque
685 1457 958 1494 auctoritatem
981 1469 1010 1497 s.
1032 1468 1212 1494 romanae
1234 1456 1426 1494 Ecclesiae
1449 1456 1718 1494 detulerunt}

349 1539 428 1585 Quo
458 1551 569 1576 sensu
601 1540 764 1587 episcopi
795 1539 1059 1587 confirmarint
1089 1539 1258 1576 concilia.
1289 1562 1336 1567 -—
1362 1536 1405 1578 ⁶2..
1429 1538 1610 1588 Legimus
1643 1539 1842 1587 episcopos
1874 1541 1962 1576 tum

226 1598 398 1644 seorsim,
431 1600 517 1635 tum
549 1599 590 1634 in
621 1598 786 1647 synodos
822 1598 1078 1646 particulares
1100 1600 1366 1647 congregatos,
1400 1598 1563 1635 concilia
1584 1598 1828 1635 confirmasse
1849 1609 1962 1635 oecu-

225 1658 385 1694 menica.
429 1657 571 1694 Verum
602 1667 641 1697 a.
674 1657 945 1706 episcoporum
976 1657 1217 1694 confirmatio
1248 1657 1395 1694 censeri
1425 1657 1563 1705 nequit
1593 1657 1767 1706 ejusdem
1799 1656 1964 1694 rationis

227 1720 344 1765 atque
375 1729 429 1761 ea,
463 1729 576 1764 quam
607 1717 778 1753 romanis
799 1716 1053 1766 pontificibus
1084 1716 1382 1753 vindicavimus.
1419 1716 1582 1764 „Neque
1616 1716 1720 1754 enim
1750 1715 1867 1753 licuit
1892 1715 1963 1753 ali—

228 1775 398 1824 quando,
421 1775 555 1813 scribit
577 1776 821 1825 Pelagius
851 1776 879 1813 Ι.
902 1776 950 1812 ad
972 1775 1220 1812 Valerianum
1243 1773 1370 1828 (Mig.
1395 1781 1460 1820 69,
1486 1772 1600 1828 413),
1622 1787 1694 1812 nec
1718 1775 1855 1812 licebit
1875 1787 1964 1824 par-

224 1835 439 1872 ticularum
479 1835 673 1883 synodum
714 1836 761 1871 ad
793 1834 1081 1883 dijudicandam
1121 1835 1343 1884 generalem
1376 1834 1569 1883 synodum
1599 1834 1869 1884 congregari.‘
1911 1833 1965 1872 Cf.

225 1907 261 1931 n.
289 1900 369 1933 272
391 1893 432 1945 6).
458 1893 498 1931 Si
520 1892 566 1935 b.
583 1906 682 1942 quae
705 1894 959 1943 objiciuntur,
984 1894 1176 1930 attentius
1199 1894 1484 1942 expenduntur,
1508 1894 1737 1939 innotescet,
1761 1893 1965 1931 confirma-

224 1953 372 1990 tionem
403 1954 510 1990 illam
542 1965 621 1990 non
643 1953 762 1991 fuisse
779 1953 948 2002 juridice
971 1953 1144 1998 liberam,
1176 1953 1242 1990 sed
1264 1953 1523 1990 necessariam
1545 1955 1584 1990 et
1605 1952 1724 1990 officii
1744 1953 1877 2001 potius
1898 1965 1964 1990 ex-

227 2012 467 2050 secutionem
498 2025 616 2060 quam
643 2012 745 2061 juris
771 2012 1012 2053 exercitium,
1055 2012 1300 2061 Quapropter
1321 2024 1366 2049 ex
1389 2012 1459 2049 illa
1479 2012 1605 2061 repeti
1625 2012 1766 2061 nequit
1787 2011 1963 2049 decreto-

225 2084 313 2108 rum
335 2071 396 2108 vis
427 2076 545 2120 atque
575 2071 706 2108 robur.
748 2072 824 2108 Illa
854 2074 987 2109 autem
1010 2080 1052 2112 e.
1077 2084 1119 2108 eo
1152 2071 1365 2120 spectabat,
1397 2073 1444 2109 ut
1466 2071 1668 2109 consensio
1691 2071 1874 2109 catholici
1894 2083 1963 2108 no-

226 2130 343 2167 minis
374 2130 570 2168 illustrius
604 2130 838 2179 splenderet,
881 2143 959 2179 quo
992 2131 1197 2179 splendore
1229 2131 1313 2179 ipsa
1344 2130 1596 2168 conciliorum
1626 2130 1964 2168 oecumenicorum

225 2189 433 2227 auctoritas
454 2189 697 2227 adversarios
720 2186 992 2227 vehementius
1013 2190 1253 2238 percelleret.
1289 2189 1413 2234 Quare
1437 2189 1686 2227 Rusticus
1713 2189 1900 2227 diaconus
1921 2188 1964 2226 in

227 2247 323 2296 disp.
346 2248 529 2286 adversus
559 2249 765 2296 acephalos
797 2249 1092 2286 consensionem
1124 2249 1221 2286 hanc
1252 2250 1369 2298 urget
1401 2248 1448 2286 ad
1470 2249 1626 2286 concilii
1647 2248 1963 2286 chalcedonensis

226 2307 469 2355 probandam
491 2308 783 2346 auctoritatem:
812 2334 828 2351 ,
841 2308 1043 2345 Sufficeret
1063 2308 1148 2354 tibi,
1172 2308 1315 2356 inquit,
1339 2308 1455 2345 unica
1475 2308 1687 2345 auctoritas
1709 2307 1850 2357 synodi
1871 2306 1964 2344 uni-

226 2366 397 2411 versalis,
432 2379 531 2414 quae
562 2379 724 2404 numero
755 2369 915 2416 superat
945 2367 1160 2411 universas,
1194 2380 1293 2415 quae
1324 2367 1441 2404 toties
1463 2370 1692 2404 cunctarum
1715 2366 1965 2404 ecclesiarum

227 2437 391 2462 consona
422 2426 616 2463 sententia
651 2426 876 2463 confirmata
898 2430 957 2464 est
979 2428 1060 2463 tam
1082 2438 1151 2475 per
1173 2426 1385 2475 encyclicas
1407 2426 1592 2474 epistolas
1613 2428 1802 2475 regnante
1823 2425 1963 2471 Leone,

227 2497 343 2532 quam
357 2497 426 2532 per
440 2485 592 2522 libellos
606 2485 850 2523 sacerdotum
863 2485 990 2523 forsan
1005 2491 1054 2526 25
1064 2493 1115 2525 00
1129 2485 1346 2534 imperante
1356 2485 1380 2522 J
1384 2485 1516 2522 ustino
1529 2483 1702 2538 (Migne
1716 2492 1781 2530 67,
1798 2485 1934 2534 1251).
1944 2489 1963 2508 ‘

346 2555 404 2591 De
424 2567 603 2593 caesarea
633 2557 878 2593 conciliorum
909 2557 1206 2604 confirmatione.
1230 2578 1286 2583 —
1309 2554 1350 2596 3.
1373 2556 1556 2605 Legimus
1589 2556 1843 2604 imperatores
1867 2567 1964 2603 quo-

228 2626 303 2662 que
338 2615 575 2662 synodorum
608 2615 762 2653 decreta
792 2615 1049 2653 confirmasse.
1090 2615 1237 2652 Verum
1268 2626 1310 2655 a.
1336 2615 1384 2653 ab
1415 2615 1485 2653 hac
1515 2614 1809 2652 confirmatione
1838 2613 1964 2663 repeti

227 2685 307 2710 non
336 2685 447 2721 posse
478 2673 671 2710 internam
705 2674 950 2712 decretorum
971 2674 1052 2711 vim
1074 2676 1192 2722 atque
1213 2674 1383 2711 valorem
1406 2676 1534 2722 patet3
1566 2673 1755 2710 absonum
1777 2673 1883 2710 enim
1903 2674 1965 2710 est

227 2744 317 2769 eum
339 2732 386 2768 ab
409 2731 487 2769 illis
508 2735 695 2781 repetere,
720 2733 789 2781 qui
811 2733 1077 2771 ecclesiastica
1097 2733 1254 2782 penitus
1277 2735 1410 2771 carent
1430 2734 1634 2781 potestate,
1657 2745 1700 2769 ac
1719 2745 1767 2769 ne
1783 2732 1852 2781 jus
1875 2732 1963 2780 qui-

228 2791 315 2828 dem
338 2790 485 2828 habent
502 2791 680 2839 judicum
702 2791 828 2829 instar
849 2792 1010 2829 sedendi
1031 2792 1072 2829 in
1094 2792 1268 2830 conciliis
1292 2790 1346 2843 (n.
1372 2788 1486 2843 330).
1525 2791 1811 2836 „Quandonam
1831 2791 1962 2828 Eccle-

227 2849 306 2887 siae
328 2849 538 2895 decretum,
562 2850 715 2898 quaerit
736 2851 874 2888 merito
896 2851 1215 2889 Athanasius
1237 2851 1279 2887 in
1300 2851 1391 2888 hist.
1407 2851 1527 2891 arian.
1541 2850 1588 2887 ad
1611 2850 1818 2888 monachos
1839 2863 1878 2887 n.
1895 2856 1961 2896 52,

227 2908 276 2946 ab
297 2908 532 2957 imperatore
555 2909 705 2957 accepit
727 2911 1012 2953 auctoritatem,
1035 2912 1105 2947 aut
1125 2922 1195 2958 pro
1218 2910 1372 2947 decreto
1393 2910 1493 2946 illud
1514 2909 1694 2947 habitum
1708 2910 1793 2946 est?
1815 2909 1964 2947 Multae

228 2967 390 3005 antehac
419 2967 556 3016 synodi
586 2970 738 3005 coactae
769 2972 872 3014 sunt,
904 2969 1031 3006 multa
1055 2969 1234 3017 prodiere
1255 2968 1452 3006 Ecclesiae
1475 2968 1639 3014 decreta,
1672 2967 1738 3005 sed
1759 2980 1963 3016 nunquam

228 3026 440 3075 imperator
478 3026 736 3063 ecclesiastica
775 3027 926 3065 curiose
964 3028 1210 3076 perquisivit.
1252 3028 1309 3065 Ex
1340 3027 1513 3065 Caesaris
1547 3026 1771 3064 domesticis
1801 3025 1960 3075 quidam

228 3086 350 3123 Paulo
381 3085 556 3135 apostolo
587 3085 700 3122 amici
730 3085 849 3131 fuere,
883 3099 1051 3134 quorum
1080 3086 1237 3124 nomine
1268 3086 1535 3135 philippenses
1554 3086 1622 3124 ille
1644 3086 1685 3123 in
1707 3085 1872 3134 epistola.
1891 3097 1962 3124 sua
