2175 3382
687 78 843 113 Critcria
859 81 1009 114 externa
1026 80 1180 114 internis
1198 81 1447 125 praeferenda.
1874 87 1928 129 :27

202 213 233 237 e.
248 200 281 238 si
293 200 469 238 doctrina
481 200 686 250 proposita
706 202 900 250 pugnaret
921 213 1009 238 cum
1026 201 1190 238 rationis
1212 204 1273 239 vel
1288 203 1523 241 moralitatis
1545 205 1759 255 principiis,
1783 219 1826 244 ea
1839 217 1927 244 een-

202 260 278 297 seri
299 272 378 297 non
391 262 520 308 posset
532 259 715 296 revelata.
731 260 939 297 Criterium
951 271 1043 297 vero
1058 260 1254 297 internum
1270 275 1295 310 p
1307 274 1328 298 o
1340 275 1357 299 s
1371 262 1412 298 it
1423 263 1434 298 i
1447 276 1468 299 v
1481 276 1506 299 u
1518 277 1555 299 m
1579 263 1647 301 illa
1660 267 1717 302 est
1731 265 1931 302 doctrinae

200 319 419 367 propositae
440 318 508 356 dos
529 320 569 356 et
591 319 840 367 excellentia,
873 331 972 366 quae
995 331 1065 356 sua
1086 321 1307 367 praesentia
1329 321 1519 369 originem
1541 323 1673 370 prodit
1696 324 1902 361 coelestem
1920 337 1926 360 :

200 378 421 427 cujusmodi
451 389 534 414 esse
563 379 696 426 pot-est
716 377 914 414 doctrinae
936 377 1167 419 sublimitas,
1201 379 1401 424 sanctitas,
1424 380 1522 416 mira
1543 381 1724 418 efficacia.
1767 382 1930 419 Criteria

200 438 360 474 externa
381 436 601 474 consistunt
621 435 663 472 in
685 435 918 484 quibusdam
941 436 1054 473 factis
1078 437 1353 481 sensibilibus,
1387 451 1484 486 quae
1517 439 1731 477 doctrinam
1753 442 1927 490 proposi-

198 497 280 532 tam
301 495 552 539 comitantur,
584 507 763 543 quaeque
793 507 880 532 cum
912 495 992 532 sint
1023 495 1188 545 originis
1211 496 1378 541 divinae,
1414 497 1539 545 ipsam
1562 498 1676 534 etiam
1700 499 1927 537 doctrinam.

199 567 318 602 quam
339 554 466 591 veluti
488 554 647 603 stipant,
671 554 825 591 divinae
847 553 1011 603 originis
1032 566 1117 591 esse
1139 554 1358 601 declarant,
1392 558 1437 592 ut
1460 568 1515 595 ex.
1538 569 1594 605 gr.
1618 558 1772 594 mirac
1787 559 1865 595 ula
1890 562 1927 595 et

198 613 467 652 vaticinia.

320 696 384 737 18,
408 692 586 732 Criteria
628 696 797 733 externa
837 694 1008 734 internis
1042 693 1337 746 praeferenda.
1370 720 1427 723 —
1458 693 1588 735 Porro
1622 695 1729 735 inter
1760 696 1927 736 criteria
1962 747 1965 749 ‚

199 763 385 804 eminent
414 767 662 811 externa,
694 763 899 803 miracula
933 763 1018 804 scil.
1041 768 1083 804 et
1103 763 1312 815 vaticinia.
1356 762 1464 804 Nam
1487 766 1679 817 quamvis
1701 778 1787 806 nun
1808 777 1930 818 sper-

196 846 350 875 namus
371 834 541 875 criteria
562 834 740 883 interna,
763 834 952 883 multum,
977 834 1087 875 enim
1106 834 1256 886 juvare
1279 839 1320 875 et
1341 834 1544 886 prodesse
1567 840 1741 888 possunt
1765 837 1827 885 iis,
1860 839 1927 889 qui

196 904 262 946 vel
293 905 459 956 sagacis
490 908 588 945 sunt
608 904 764 956 ingenii
785 904 850 945 vel
876 904 967 956 jam
991 905 1178 953 credunt,
1210 910 1256 945 ut
1277 906 1411 957 magis
1435 906 1651 958 magisque
1674 907 1928 948 confirmen-

196 980 264 1016 tur
284 976 328 1016 in
349 975 441 1024 fide,
472 986 524 1015 ea
545 979 690 1016 tamen
717 975 857 1016 minus
879 979 977 1016 sunt
998 980 1238 1028 opportuna
1261 980 1302 1017 et
1324 980 1424 1028 apta
1447 976 1501 1017 ad
1526 981 1642 1017 tuto
1667 990 1930 1029 cognoscen-

196 1047 295 1087 dam
316 1058 463 1087 veram
485 1045 801 1087 revelationem.
825 1044 932 1086 Sunt
953 1046 1065 1087 enim
1089 1047 1131 1089 1-.
1155 1047 1257 1087 satis
1280 1046 1537 1099 ambigua
1560 1052 1602 1088 et
1622 1050 1805 1097 incerta;
1828 1061 1927 1089 nam

196 1117 288 1170 quis
309 1116 609 1158 determinabit
629 1116 897 1157 sublimitatis
919 1117 1107 1169 gradum,
1134 1118 1205 1169 qui
1226 1118 1482 1170 requiratur,
1503 1122 1549 1159 ut
1571 1118 1713 1171 aliqua
1735 1119 1927 1159 doctrina

195 1200 281 1229 non
313 1188 366 1229 sit
396 1187 575 1240 amplius
598 1187 852 1228 inventionis
873 1188 1099 1237 humanae,
1131 1188 1205 1228 sed
1236 1189 1512 1229 revelationis
1543 1194 1709 1230 tantum
1732 1190 1928 1231 divinae?

195 1257 304 1300 Sunt
332 1260 375 1303 2.
406 1258 740 1310 subjectiva,
784 1259 964 1310 ideoque
995 1263 1062 1299 sat
1094 1258 1339 1306 arbitraria;
1373 1259 1486 1312 quod
1518 1260 1631 1300 enim
1662 1261 1735 1300 uni
1766 1261 1930 1302 videtur

195 1329 385 1379 sublime,
419 1329 541 1370 alteri
561 1329 772 1370 videbitur
793 1329 964 1382 vulgare
997 1334 1039 1370 et
1062 1330 1369 1382 quotidianum,
1399 1331 1485 1371 imo
1509 1330 1740 1372 absurdum
1764 1336 1804 1372 et
1827 1344 1928 1373 con-

194 1400 507 1448 tradictorium3
537 1401 595 1442 ita
629 1400 841 1452 religionis
864 1401 1121 1442 christianae
1145 1402 1358 1455 mysteria,
1391 1413 1500 1454 quae
1523 1401 1714 1443 fidelibus
1736 1402 1929 1443 videntur

194 1470 402 1520 sublimia,
423 1472 514 1512 visa
536 1476 634 1513 sunt
650 1472 818 1525 judaeis
840 1472 1101 1522 scandalum,
1124 1473 1317 1524 gentibus
1341 1478 1482 1514 autem
1506 1473 1680 1514 stultitia
1702 1475 1757 1529 (1.
1779 1473 1872 1515 Cor.
1894 1481 1931 1518 1.

195 1542 280 1598 23).
319 1541 479 1584 Eadem
501 1543 670 1584 criteria
691 1543 734 1586 3.
758 1544 947 1596 paucis
970 1548 1068 1584 sunt
1090 1543 1431 1593 accommodata,
1454 1556 1551 1584 cum
1575 1545 1739 1586 exculto
1762 1549 1925 1585 tantuin

193 1613 361 1665 ingenio
375 1613 623 1666 plerumque
638 1615 925 1662 innotescant;
949 1614 1150 1655 revelatio
1168 1619 1310 1655 autem
1334 1619 1397 1655 est
1418 1627 1493 1666 pro
1518 1616 1725 1659 omnibus.
1749 1615 1926 1657 Criteria

193 1695 295 1724 vero
310 1689 498 1733 externa,
520 1697 617 1725 cum
632 1685 674 1724 in
686 1684 832 1735 oculos
846 1685 1064 1725 incurrant
1079 1697 1104 1724 a
1118 1683 1315 1725 manibus
1330 1684 1458 1725 veluti
1473 1685 1706 1737 palpentur,
1731 1686 1927 1727 omnibus

195 1759 293 1795 sunt
314 1755 641 1796 accommodata
663 1756 881 1808 magisque
904 1760 1031 1798 certa.
1054 1755 1190 1806 Quam
1215 1755 1268 1796 ob
1291 1767 1381 1796 rem
1404 1755 1594 1796 videmus
1617 1758 1796 1809 populos
1819 1770 1926 1810 quo-

193 1826 257 1866 vis
278 1830 470 1879 tempore
492 1826 706 1866 miraculis
729 1826 978 1878 praesertim
1001 1826 1176 1879 aliisque
1199 1826 1376 1867 criteriis
1392 1828 1576 1868 externis
1591 1827 1644 1868 ad
1660 1827 1784 1869 fidem
1800 1828 1927 1869 fuisse

193 1896 401 1940 inductos.
422 1896 611 1950 Denique
624 1897 667 1940 4.
685 1897 853 1937 criteria
874 1898 1042 1938 interna
1063 1902 1108 1937 ut
1121 1899 1205 1938 vim
1228 1909 1350 1937 suam
1374 1903 1571 1939 exserant
1594 1898 1719 1940 fidem
1740 1899 1924 1951 plerum-

193 1979 275 2020 que
291 1967 382 2020 jam
405 1972 650 2020 supponunt
668 1968 710 2024 1).
742 1967 890 2008 Merito
913 1968 1037 2020 igitur
1060 1980 1177 2010 conc,
1200 1968 1516 2010 vaticanum
1538 1981 1638 2010 sess
1663 1973 1688 2013 3
1713 1981 1801 2021 cap.
1827 1973 1851 2013 ἰ3
1875 1970 1926 2010 de

192 2038 273 2079 fide
295 2038 438 2079 docet:
480 2037 557 2089 „Ut
577 2038 673 2079 fidei
695 2043 869 2080 nostrae
891 2039 1142 2092 obsequium
1167 2041 1322 2080 rationi
1345 2045 1679 2081 consentaneum
1703 2047 1826 2081 esset.
1848 2053 1924 2081 vo-

192 2109 267 2150 luit
288 2109 400 2150 Deus
435 2121 531 2150 cum
553 2109 729 2150 internis
752 2108 931 2162 Spiritus
953 2123 983 2150 s
1007 2110 1170 2151 auxiliis
1194 2116 1370 2151 externa
1387 2111 1505 2163 jungi
1527 2111 1799 2152 revelationis
1822 2124 1926 2152 suae

193 2184 454 2233 argumenta,
476 2180 588 2221 facta
610 2182 695 2222 scil.
719 2181 860 2222 divina
882 2186 1008 2234 atque
1030 2182 1072 2222 in
1094 2182 1240 2234 primis
1254 2183 1461 2223 miracula
1479 2186 1518 2223 et
1534 2183 1791 2235 prophetias,
1816 2196 1925 2236 quae

193 2263 289 2292 cum
310 2250 386 2292 Dei
407 2252 760 2304 omnipotentiam
783 2257 824 2293 et
844 2252 1052 2293 infinitam
1074 2253 1296 2293 scientiam
1317 2253 1550 2294 luculenter
1573 2259 1924 2294 commonstrent.

192 2321 359 2363 divinae
389 2322 662 2364 revelationis
693 2323 812 2374 signa
843 2328 940 2364 sunt
971 2324 1206 2364 certissima
1237 2328 1279 2364 et
1309 2324 1497 2364 omnium
1529 2325 1829 2377 intelligentiae
1852 2337 1924 2366 ac-

192 2394 504 2435 commodata“.
529 2394 634 2435 Hinc
648 2395 827 2447 subjecit
840 2408 931 2437 can.
948 2396 1030 2452 (3):
1053 2395 1118 2446 „Si
1136 2397 1228 2448 quis
1243 2396 1404 2441 dixerit,
1419 2396 1722 2437 revelationem
1738 2396 1921 2436 divinam

193 2465 376 2505 externis
390 2465 517 2518 signis
532 2465 776 2507 credibilem
790 2465 879 2507 fieri
892 2478 979 2507 non
994 2478 1131 2518 posse,
1145 2467 1326 2519 ideoque
1345 2467 1437 2508 sola
1451 2467 1618 2507 interna
1633 2467 1835 2519 cujusque
1851 2478 1922 2507 ex-

190 2535 396 2587 perientia
418 2539 491 2576 aut
511 2536 788 2588 inspiratione
810 2537 976 2589 privata
997 2537 1191 2578 homines
1215 2537 1269 2578 ad
1286 2536 1411 2578 fidem
1427 2539 1587 2578 moveri
1604 2537 1770 2582 debere,
1792 2536 1838 2578 A.
1855 2535 1917 2578 S.-

314 2633 378 2673 19·
399 2630 568 2673 ThOSiS
592 2630 646 2673 V·
674 2646 917 2679 Miracula
944 2649 985 2679 et
1009 2647 1233 2679 vaticinia
1259 2649 1367 2679 sunt
1388 2646 1647 2688 possibilia.

307 2724 600 2768 Declaratio.
632 2724 693 2766 De
724 2725 1007 2766 miraculis
1039 2727 1184 2766 statuit
1216 2738 1337 2768 conc.
1362 2726 1675 2781 vaticanum
1699 2737 1797 2765 sess.
1821 2730 1845 2768 :3
1870 2725 1922 2763 de

190 2795 270 2835 fide
291 2799 445 2839 can.4:
471 2794 538 2847 „Si
560 2797 653 2849 quis
675 2796 835 2845 dixerit,
859 2797 1065 2838 miracula
1086 2797 1201 2838 nulla
1223 2797 1311 2838 fieri
1334 2809 1473 2849 posse,
1498 2796 1674 2849 proinde
1698 2807 1845 2836 omnes
1869 2794 1921 2833 de

190 2865 240 2905 iis
261 2866 530 2908 narrationes
556 2867 684 2908 etiam
706 2881 737 2908 s.
760 2867 977 2920 Scriptura
999 2872 1221 2909 contentas
1243 2868 1352 2908 inter
1374 2867 1537 2908 fabulas
1563 2867 1624 2907 vel
1648 2866 1815 2918 mythos
1840 2864 1919 2904 ab·

335 2994 361 3039 1)
380 2994 431 3028 Cf.
449 2994 697 3039 Klentgen
715 3009 750 3029 n.
773 2998 838 3030 196
856 3007 922 3035 ss.;
942 2996 1178 3030 Heinrich
1197 2996 1451 3040 dogmatische
1469 2995 1592 3028 Theol.
1613 2995 1637 3026 t.
1660 2997 1675 3026 1
1697 2994 1790 3026 §1392
1813 2994 1920 3024 ‹Xut-

189 3047 353 3081 berlet
370 3059 405 3091 p.
425 3047 457 3080 11
475 3059 502 3081 s.
525 3052 538 3081 1
561 3050 578 3086 ἓ
599 3052 661 3088 10;
680 3049 908 3084 Wilmers
927 3050 971 3083 de
987 3049 1091 3093 relig.
1110 3050 1224 3083 revel.
1252 3051 1273 3082 l.
1298 3053 1313 3081 l
1335 3060 1363 3084 c.
1384 3052 1403 3082 :3
1423 3058 1452 3080 a.
1472 3052 1504 3080 4.
