2175 3382
181 117 266 155 3375*
507 111 625 147 'si-act.
649 111 707 147 111.
728 112 771 145 dc
790 112 966 156 primatu.
986 112 1114 145 'l‘licsis
1137 113 1273 146 LXXV.
1296 112 1389 146 l’etri
1411 112 1592 156 primatus

179 231 430 283 Jerusalrm„
463 231 681 283 ‹efferente-s·
703 246 847 284 <scyros
870 236 903 272 et
929 236 1090 272 vexatos
1122 247 1147 272 a
1179 232 1393 284 spiritibus
1417 233 1655 286 t'mnmnslt's,
1687 233 1759 287 qui
1796 245 1920 273 cura-

178 301 337 341 bantur
360 314 506 341 «amnes.
551 300 607 342 Cf.
631 301 715 342 Leo
739 301 803 345 lx.
827 313 890 354 ep.
918 305 1000 346 100
1022 301 1075 342 ad
1099 301 1218 342 Mich.
1243 302 1535 342 caerularium
1560 315 1597 343 n.
1630 306 1679 347 16
1702 316 1754 344 ss.

298 376 393 415 3132.
417 371 461 412 111
485 371 928 414 administranda
951 385 1052 414 vero
1076 372 1263 413 Ecclesia
1286 372 1558 413 considerare
1581 372 1679 414 licet

301 443 338 486 1.
362 442 533 484 Petrum
557 444 855 484 necessitatem
880 443 1056 496 eligendi
1081 444 1208 484 alium
1234 444 1274 484 in
1295 442 1430 484 Judae
1453 443 1594 484 locum
1617 455 1856 496 proponere
1878 449 1918 485 et

178 514 473 566 comprobare,
496 514 674 566 eligendi
697 527 865 567 quoque
889 514 1010 555 dotes
1034 514 1220 559 definire.
1244 514 1428 567 reliquos
1452 526 1552 555 vero
1577 526 1726 556 omnes
1748 515 1790 555 in
1812 513 1921 556 Petri

177 585 295 626 abire
317 585 573 626 sententiam
597 586 686 629 Act.
714 589 748 634 1,
776 590 827 628 15
850 598 902 626 ss.
954 584 1085 636 „Quid
1117 598 1171 626 an
1194 597 1280 626 non
1302 585 1458 626 licebat
1489 586 1567 638 ipsi
1589 585 1715 627 Petro
1738 585 1920 638 eligere?

176 655 350 696 Licebat
364 661 406 697 et
419 656 588 708 quidem
612 657 820 705 maxime:
843 667 990 697 verum
1005 655 1045 696 id
1058 668 1143 696 non
1156 656 1264 705 fecit,
1277 668 1330 697 116
1342 657 1407 697 cui
1420 656 1633 697 videretur
1643 655 1913 708 gratificare.“

176 726 236 767 Ita
259 726 684 780 Chrysostomus
707 727 820 767 hom.
845 730 870 770 3
893 727 934 767 in
957 727 1047 767 Act.
1072 726 1146 779 Ap.
1171 739 1209 769 n.
1234 731 1270 771 3.

293 798 336 840 2.
361 797 405 837 In
428 797 677 850 quaestione
701 796 752 837 de
775 796 991 849 legalibus,
1014 808 1124 849 quae
1147 796 1222 837 fuit
1244 797 1453 850 dirempta
1476 798 1517 838 in
1541 797 1720 839 concilio
1744 802 1919 850 aposto-

175 868 311 909 lorum
348 869 437 909 Act.
466 872 529 912 15.
555 872 575 911 Ῑ
602 881 668 917 ss,
704 868 863 920 primas
897 873 1041 920 partes
1076 867 1165 908 obit
1186 867 1347 917 Petrus,
1384 869 1502 921 qu'us
1530 868 1736 921 judicium
1771 880 1920 910 omnes

174 944 272 980 sunt
286 940 439 980 secuti:
463 939 664 992 quocirca
686 938 721 978 H
733 939 745 979 i
757 950 779 980 e
793 952 812 979 r
823 951 848 980 o
862 952 888 979 n
903 952 924 991 y
938 952 980 979 m
991 951 1018 979 u
1031 952 1050 979 5
1075 950 1136 991 ep.
1156 942 1238 983 112
1252 952 1290 982 11.
1309 942 1333 983 8
1348 939 1449 980 dicit
1463 939 1633 997 Petrum
1664 939 1919 993 „principem

174 1010 300 1063 hujus
334 1010 491 1051 decreti
525 1011 778 1065 (auctorem)
815 1021 921 1057 esse,
954 1009 1089 1061 legem
1125 1014 1223 1062 post
1256 1009 1529 1062 Evangelium
1574 1023 1659 1052 non
1702 1022 1796 1052 esse
1830 1022 1921 1051 ser-

174 1080 392 1121 vandam.“

291 1152 334 1194 :.3
360 1151 475 1193 Unus
500 1157 563 1192 est
585 1151 748 1200 Petrus,
772 1152 843 1204 qui
867 1152 1078 1192 Ananiam
1111 1157 1152 1193 et
1175 1151 1401 1205 Saphiram
1418 1152 1622 1205 judicat1)
1659 1153 1832 1206 ejusque
1850 1154 1917 1207 ju-

173 1222 329 1263 dicium
362 1222 474 1263 Deus
510 1223 715 1263 miraculo
751 1221 976 1263 confirmat
1009 1222 1099 1263 Act.
1134 1226 1171 1272 ὦ,
1207 1228 1227 1266 1
1263 1236 1328 1272 ss,
1363 1223 1452 1275 ipse
1487 1227 1562 1272 est,
1596 1224 1667 1277 qui
1701 1222 1918 1265 Simonem

172 1306 357 1346 magum
382 1296 566 1346 primum
587 1294 863 1343 haereticum,
887 1295 1065 1335 damnat
1087 1294 1139 1337 ib.
1164 1299 1201 1344 8,
1225 1299 1291 1339 20.

291 1366 332 1408 4.
356 1364 638 1406 Considerare
660 1366 758 1407 licet
780 1365 1105 1407 sollicitudinem
1129 1366 1181 1407 de
1195 1365 1310 1407 bono
1327 1366 1555 1407 communi.
1580 1366 1706 1418 Atqui
1728 1365 1918 1407 videmus

171 1450 212 1479 a.
239 1436 410 1477 Petrum
432 1436 657 1477 sollicitum
681 1436 733 1478 de
755 1437 847 1489 ipso
870 1436 1047 1488 collegio
1071 1437 1321 1489 apostolico,
1353 1442 1443 1478 tum
1465 1442 1511 1478 ut
1534 1437 1624 1489 ejus
1646 1441 1836 1478 tueretur
1857 1437 1919 1477 fa-

171 1518 286 1546 mam
309 1507 399 1547 Act.
423 1511 461 1555 2,
488 1510 541 1551 14
563 1521 629 1555 ss,
662 1512 752 1548 tum
783 1512 830 1548 ut
850 1507 950 1548 illud
974 1507 1208 1560 compleret
1229 1507 1283 1549 ib.
1310 1512 1346 1558 1,
1374 1512 1425 1552 15
1448 1521 1502 1551 55.
1553 1507 1696 1559 „Nam,
1718 1513 1765 1549 ut
1784 1508 1919 1561 inquit

171 1577 340 1630 Chrys
354 1582 597 1618 ostomus
619 1578 642 1618 l.
667 1590 714 1627 c.,
736 1580 897 1631 primus
920 1579 1221 1619 auctoritatem
1244 1578 1374 1620 habet
1397 1579 1440 1619 in
1463 1579 1646 1631 negotio,
1668 1584 1713 1620 ut
1735 1579 1803 1620 cui
1825 1591 1918 1620 om-

170 1660 246 1689 nes
269 1649 488 1690 commissi
509 1649 696 1690 luissent.
740 1649 845 1690 Huic
877 1649 990 1690 enim
1023 1648 1215 1690 Christus
1247 1649 1412 1690 dixerat
1435 1649 1549 1705 (Luc.
1575 1652 1643 1700 22,
1668 1653 1760 1700 32):
1796 1649 1851 1691 Et
1871 1655 1915 1690 tu

170 1719 395 1774 aliquando
418 1734 634 1761 conversus
655 1721 857 1772 confirma
878 1720 1035 1773 fratres
1057 1725 1180 1761 tuos.“
1223 1719 1458 1762 Sollicitum
1482 1721 1675 1762 videmus
1699 1722 1745 1765 b.
1769 1721 1821 1762 de
1842 1720 1918 1761 Ec·

168 1791 295 1832 clesia
318 1792 518 1832 universa
540 1792 829 1843 pertransiens
861 1792 1084 1832 universos
1107 1791 1196 1832 Act.
1222 1795 1259 1841 9,
1282 1796 1358 1836 32:
1399 1793 1543 1844 „quasi
1575 1793 1689 1833 enim
1720 1792 1805 1834 dux
1836 1793 1917 1833 cir—

167 1861 356 1902 cumibat
379 1862 550 1903 ordines
573 1863 863 1912 considerans,
899 1874 1009 1916 quae
1044 1875 1143 1915 pars
1181 1867 1294 1904 esset
1328 1862 1584 1913 coadunata,
1619 1875 1730 1916 quae
1752 1868 1916 1913 ornata,

169 1944 278 1984 quae
301 1945 380 1974 sua
402 1934 645 1986 praesentia
668 1938 843 1986 636161.κ
875 1934 935 1974 Ita
951 1932 1282 1986 Chrysostomus
1305 1934 1418 1978 hom.
1434 1937 1487 1977 21
1513 1934 1557 1974 111
1579 1940 1657 1975 act.
1680 1947 1720 1977 n.
1743 1938 1781 1979 2.
1823 1934 1914 1987 Ipse

167 2016 208 2046 c.
232 2004 474 2055 promulgat
494 2004 735 2046 libertatem
758 2004 995 2046 Ecclesiae:
1025 2005 1198 2046 Oben‘lim
1219 2009 1377 2059 oportet
1399 2005 1487 2045 Deo
1520 2006 1654 2059 maqis
1685 2019 1810 2061 quam
1841 2005 1913 2046 ko—

168 2074 346 2115 minibus
368 2075 458 2115 Act.
482 2078 520 2125 5,
544 2079 611 2120 29.
655 2075 762 2116 Hinc
785 2076 832 2119 d.
856 2076 954 2129 quia
978 2075 1127 2116 Petrus
1160 2077 1268 2117 inter
1301 2076 1520 2129 apostolos
1555 2076 1663 2118 adeo
1687 2076 1914 2119 eminebat,

164 2146 355 2189 Herodes
377 2153 424 2189 ut
446 2150 636 2201 placeret
652 2149 834 2202 judaeis,
859 2151 1066 2203 apposuit,
1099 2154 1143 2189 ut
1166 2150 1490 2204 apprehenderet
1513 2153 1549 2189 et
1570 2149 1753 2200 Petrum,
1776 2159 1912 2201 eoque

165 2232 205 2261 c.
231 2220 542 2271 comprehenso
565 2221 848 2273 conjectoque
881 2221 925 2260 in
956 2231 1174 2261 carcerem
1207 2221 1342 2261 oratio
1361 2220 1486 2273 fiebat
1507 2221 1593 2261 sine
1616 2219 1914 2260 intermissione

166 2289 216 2329 ‹zb
239 2289 426 2332 Ecclesia
449 2292 505 2332 ad
529 2292 663 2332 Deum
682 2304 764 2345 pro
786 2305 829 2332 eo
852 2290 905 2333 ib.
934 2295 998 2339 12,
1023 2295 1059 2335 3.
1083 2294 1121 2335 ἵ).
1145 2290 1264 2342 Quae
1289 2293 1433 2332 omnia
1454 2291 1602 2343 paucis
1625 2291 1685 2331 ita
1698 2289 1912 2341 complec-

164 2359 264 2400 titur
295 2359 726 2414 Chrysostomus
757 2362 780 2402 l.
814 2374 868 2402 c.:
913 2361 1048 2409 ,Vide
1084 2361 1201 2402 illum
1236 2361 1392 2414 ubique
1429 2362 1835 2402 circumcursantem
1871 2365 1911 2401 et

163 2430 344 2482 primum
368 2432 606 2479 inventum:
629 2433 701 2474 ubi
725 2433 941 2485 eligendus
964 2437 1056 2473 erat
1077 2433 1310 2485 apostolus,
1333 2433 1401 2473 hic
1425 2432 1584 2484 primus
1610 2431 1705 2480 fuit3
1729 2443 1826 2472 cum
1848 2431 1912 2471 di-

311 2553 331 2589 1)
351 2548 430 2590 Qua
448 2538 637 2583 o'coasione
651 2549 951 2594 praetermittere
971 2561 1042 2585 non
1060 2560 1254 2595 possumus
1273 2562 1300 2584 s.
1320 2549 1348 2583 Ε
1359 2550 1442 2593 pip
1455 2549 1479 2582 h
1491 2560 1511 2583 a
1523 2550 1594 2583 nii
1613 2549 1820 2583 doctrinam
1838 2551 1909 2583 An-

163 2613 234 2636 cor.
253 2615 289 2637 n.
309 2605 348 2636 9:
371 2603 502 2641 ,Petro
522 2604 636 2648 igitur
654 2615 873 2648 germanum
893 2615 999 2638 suum
1018 2604 1153 2638 Filium
1167 2604 1276 2638 Pater
1294 2603 1436 2638 indicat
1453 2604 1599 2651 (Matth.
1620 2605 1673 2645 16,
1691 2606 1759 2648 18),
1774 2604 1812 2637 et
1826 2603 1907 2637 bea-

162 2664 222 2689 tus
242 2656 380 2690 idcirco
399 2656 545 2690 dicitur.
580 2658 630 2691 At
648 2657 712 2692 ille
731 2659 809 2702 ipse
827 2670 972 2692 rursum
993 2657 1171 2702 Spiritum
1192 2669 1218 2691 5.
1237 2656 1417 2701 patefecit
1443 2656 1641 2703 <rationem
1658 2657 1736 2690 scil.
1755 2656 1909 2690 reddens

162 2709 357 2753 gravitatis
371 2701 527 2753 'pecc-ati,
546 2710 644 2753 quod
662 2711 876 2745 mentiendo
896 2712 1129 2746 commiserat
1148 2712 1346 2754 Ananias):
1375 2711 1426 2744 sic
1445 2711 1543 2745 enim
1563 2710 1606 2749 ei,
1625 2710 1690 2754 qui
1707 2711 1806 2744 inter
1823 2720 1908 2754 apo-

163 2761 275 2795 stolos
294 2761 434 2805 primus
453 2763 558 2803 esset,
579 2765 863 2798 consentaneum
883 2766 971 2804 erat,
994 2763 1144 2799 solidae.
1171 2764 1324 2807 inquam
1352 2763 1407 2797 ilii
1425 2765 1564 2808 petrae,
1594 2773 1705 2807 supra
1723 2774 1836 2808 quam
1853 2768 1908 2797 est

161 2815 324 2849 Ecclesia
342 2815 410 2849 Dei
426 2814 594 2852 fundata.
615 2819 649 2850 et
669 2819 798 2860 portae
816 2818 927 2852 inferi
954 2829 1028 2852 non
1055 2818 1324 2862 praevalebunt
1353 2817 1420 2851 illi.
1455 2816 1616 2859 Quarum
1634 2820 1828 2862 portarum
1845 2829 1906 2852 no-

163 2868 262 2902 mine
280 2869 448 2902 haereses
466 2870 504 2902 et
521 2869 720 2903 haereseon
739 2872 946 2905 conditores
965 2871 1239 2916 intelliguntur.
1276 2870 1456 2905 Omnibus
1483 2870 1622 2915 quippe
1651 2871 1768 2905 modis
1797 2871 1836 2905 in
1863 2881 1904 2905 eo

163 2922 332 2956 stabilita
349 2923 405 2956 est
422 2922 524 2957 fides.
543 2923 607 2966 qui
626 2924 717 2958 coeli
735 2924 856 2958 claves
875 2926 1018 2969 accepit
1046 2926 1083 2959 et
1109 2925 1149 2958 in
1176 2925 1275 2958 terra
1303 2923 1412 2958 solvit
1432 2928 1468 2957 et
1487 2924 1582 2969 ligat
1599 2926 1637 2958 in
1656 2924 1768 2959 coelo.
1803 2924 1847 2958 In
1863 2935 1905 2959 eo

161 2974 341 3018 siquidem
362 2975 572 3009 subtiliores
590 2977 780 3019 quaelibet
807 2977 891 3011 fidei
917 2978 1152 3021 quaestiones
1170 2977 1405 3020 reperiuntur
1420 3007 1426 3013 .
1444 3004 1450 3010 .
1468 3002 1476 3009 .
1496 2976 1564 3011 Hie
1587 2978 1621 3024 (J
1626 2984 1775 3021 oannes)
1793 2989 1904 3022 quam

161 3040 182 3061 ιι
210 3028 300 3061 Filio
328 3028 504 3062 hauserat-
531 3040 574 3063 ac
602 3029 783 3063 didicerat
810 3031 929 3070 (Joan.
951 3033 1005 3070 13,
1025 3034 1081 3071 23)
1109 3030 1290 3064 scientiae
1317 3029 1393 3064 vim
1411 3029 1543 3074 postea
1559 3029 1756 3074 patefecit;
1784 3032 1823 3064 at
1839 3031 1904 3065 ille

160 3081 316 3121 (Petrus)
335 3081 435 3115 istud
453 3082 576 3126 ipsum
595 3092 615 3115 a
630 3082 737 3117 Patre
758 3085 973 3117 consecutus
993 3085 1058 3124 est.
1078 3085 1118 3117 ut
1137 3083 1223 3118 fidei
1237 3083 1454 3118 firmitatem
1473 3083 1647 3118 fundaret
1664 3094 1705 3118 ac
1724 3083 1902 3120 fulciret}
