2175 3382
251 153 336 194 438
434 148 550 182 Tract.
571 147 630 183 ΙΙΙ.
651 146 696 181 de
715 146 887 192 primatu.
905 147 1032 182 Thesis
1051 146 1205 182 LXXIX.
1227 147 1326 181 Rom.
1346 145 1530 192 pontificis
1547 145 1796 181 infallibilitas

250 270 472 318 appellatur
493 270 604 307 firma
634 272 673 307 et
696 269 931 307 solidissima
958 271 1082 319 petru,
1115 282 1232 318 super
1263 282 1379 317 quam
1403 269 1582 307 Salvator
1602 269 1814 308 Ecclesiam
1848 271 1981 309 aedifi-

251 329 364 371 cavit.
388 329 533 367 Christi
556 328 724 366 vicarius
746 329 786 366 in
810 330 924 372 terra,
949 329 1213 378 apostolorum
1227 330 1419 377 princeps.
1435 328 1629 366 Ecclesiae
1644 333 1772 378 caput,
1789 330 1981 374 columna,

250 401 435 437 magnum
458 391 498 427 et-
519 388 674 425 firmum
696 387 1008 427 fundamentum.
1044 388 1332 425 firmamentum
1356 387 1443 424 fidei
1466 390 1537 425 etc.
1581 388 1654 424 Sed
1678 399 1749 425 nec
1780 401 1801 425 a
1822 390 1981 438 patrum

249 448 463 486 traditione
485 447 649 486 concilia
669 460 843 495 unquam
865 459 1055 484 recessere
1079 478 1085 485 .
1110 476 1118 483 .
1142 476 1148 483 .
1173 448 1266 484 Cum
1298 447 1422 495 igitur
1452 447 1624 494 pontifex
1658 459 1841 486 romanus
1871 447 1914 485 in
1942 448 1983 488 b.

250 507 377 549 Petro,
400 509 512 557 cujus
533 507 787 554 apostolicam
810 506 940 543 sedem
962 510 1137 554 occupat,
1172 506 1398 543 mandatum
1421 506 1613 554 acceperit
1643 519 1664 543 a
1686 506 1838 544 Christo
1859 519 1980 557 agnos

250 569 290 603 ct
311 578 401 604 oves
423 569 600 604 totumve
621 578 778 615 gregem
801 565 1057 602 christianum
1079 565 1271 614 pascendi,
1304 577 1452 602 necnon
1486 565 1611 602 claves
1643 565 1752 614 regni
1783 566 1981 603 coelorum

250 637 338 662 cum
360 637 538 675 suprema
559 627 751 674 potestate
775 625 815 661 in
837 624 1018 661 universo
1041 624 1132 662 orbe
1166 626 1360 661 terrarum
1392 623 1542 673 ligandi
1573 636 1614 661 ac
1646 624 1836 669 solvendi,
1869 623 1980 662 illius

249 684 388 733 utique
412 684 581 722 officium
606 686 662 720 est
686 696 728 721 ac
750 695 908 725 munus,
942 696 1019 720 non
1042 684 1171 720 solum
1193 684 1398 720 veritatem
1430 683 1657 720 catholicam
1689 683 1909 728 defendere,
1941 685 1983 722 et

250 743 284 780 si
307 756 406 791 quae
428 744 474 781 de
497 743 570 780 fide
592 755 794 780 morumve
816 742 965 792 regulis
988 742 1170 779 subortae
1192 742 1338 779 fuerint
1371 742 1632 790 quaestiones,
1666 754 1735 780 suo
1768 742 1901 781 irref
1908 754 1930 781 0
1941 756 1980 780 r-

249 803 429 840 mabili
452 803 610 851 quidem
628 801 775 850 judicio
798 801 971 846 definire,
994 801 1061 838 sed
1083 801 1201 838 etiam
1233 802 1366 839 eadem
1398 802 1633 838 auctoritate
1665 801 1857 850 quidquid
1890 801 1979 840 uni-

248 863 387 899 versali
411 862 601 899 Ecclesiae
624 861 803 910 expedire
821 860 1071 909 judicaverit,
1104 860 1144 897 in
1175 861 1222 898 iis
1254 873 1353 908 quae
1376 861 1430 897 'ad
1462 861 1599 909 populi
1632 860 1834 898 christiani
1865 860 1981 899 disci·

249 921 396 969 plinam
418 921 631 969 pertinent,
657 922 840 965 statuere,
863 920 929 961 ita,
954 922 1000 956 ut
1021 932 1111 956 vera
1123 919 1233 956 illius
1248 919 1414 956 decretis
1430 922 1469 956 et
1483 919 1833 957 constitutionibus
1847 921 1979 966 cuius-

249 992 402 1028 cunque
426 980 505 1016 sint
527 979 692 1029 generis,
716 978 939 1016 obedientia
958 979 1148 1027 praestari
1170 978 1310 1016 debeat
1330 978 1378 1015 ab
1399 978 1582 1016 omnibus
1605 978 1784 1016 fidelibus
1798 990 1841 1016 ac
1863 979 1981 1017 etiam

249 1039 495 1076 ecclesiarum
519 1037 704 1087 praelatis
728 1042 799 1076 etc.
811 1043 826 1060 «
852 1059 909 1064 —
924 1038 1139 1075 Concilium
1160 1038 1663 1075 westmonasteriense
1685 1050 1718 1074 a.
1746 1044 1853 1080 1852
1877 1038 1981 1076 decr.

253 1106 295 1137 T:
331 1097 672 1141 „Fundamentum
704 1097 828 1146 igitur
849 1109 961 1133 verae
993 1100 1032 1134 et
1067 1097 1302 1134 orthodoxae
1334 1096 1423 1134 fidei
1453 1097 1646 1145 ponimus,
1680 1097 1783 1145 quod
1806 1097 1848 1134 D.
1870 1097 1917 1136 N.
1939 1097 1977 1135 J.

249 1157 426 1194 Christus
450 1169 590 1206 ponere
614 1156 739 1193 voluit
762 1157 1030 1193 inconcussam
1063 1156 1143 1193 scil.
1167 1156 1273 1193 Petri
1296 1156 1530 1198 cathedram,
1563 1156 1686 1193 totius
1719 1157 1823 1194 orbis
1853 1156 1978 1206 magi-

249 1218 369 1253 stram
399 1219 437 1253 et
460 1218 623 1253 matrem
647 1227 675 1252 s.
698 1228 896 1252 romanam
919 1215 1130 1252 ecclesiam.
1165 1215 1368 1263 Quidquid
1389 1215 1436 1252 ab
1459 1215 1540 1264 ipsa
1556 1215 1671 1252 semel
1689 1215 1892 1253 definitum
1906 1219 1979 1261 est,

249 1287 292 1312 eo
316 1275 396 1323 ipso
417 1277 547 1312 ratum
570 1278 609 1312 et
630 1278 780 1312 certum
801 1278 1021 1311 tenemus<
1044 1297 1102 1302 —
1124 1274 1340 1311 Concilium
1364 1274 1688 1322 spoletanum
1711 1287 1743 1311 a.
1773 1279 1893 1315 1849.
1916 1274 1981 1312 cui

248 1334 428 1371 interfuit
465 1334 642 1372 Joaehim
663 1334 785 1378 Peoei,
817 1334 932 1371 modo
962 1334 1128 1371 feliciter
1157 1346 1324 1383 regnans
1356 1345 1532 1370 summus
1555 1332 1734 1370 Pontifex
1757 1333 1841 1371 Leo
1862 1333 1977 1377 XIII„

248 1394 290 1429 in
312 1406 370 1442 ep.
393 1393 441 1430 ad
462 1394 577 1431 Pium
599 1393 674 1433 IX..
712 1406 788 1440 qua
820 1392 857 1429 ei
889 1393 1049 1441 subjicit
1079 1393 1233 1430 decreta
1264 1393 1378 1437 edita,
1409 1393 1635 1441 profitetur:
1669 1393 1743 1436 „In
1774 1393 1981 1430 sanctitate

247 1455 318 1489 tua
340 1464 602 1490 successorem
624 1464 856 1489 veneramur
877 1452 913 1489 b.
937 1452 1053 1498 Petri,
1079 1452 1141 1489 cui
1163 1451 1593 1489 infallibilitatis
1615 1451 1889 1502 praerogativa
1910 1451 1978 1489 do-

248 1514 339 1548 nato
362 1524 505 1549 munus
528 1512 667 1549 fratres
692 1523 782 1549 suos
804 1511 844 1548 in
866 1511 940 1548 fide
963 1511 1216 1549 confirmandi
1237 1511 1314 1548 fuit
1336 1511 1382 1547 ab
1400 1510 1482 1559 ipso
1498 1510 1649 1548 Christo
1672 1510 1978 1551 concreditumst

254 1593 299 1597 —
328 1571 542 1608 Concilium
564 1571 861 1608 coloniense
895 1583 926 1607 a.
955 1576 1063 1611 1860
1088 1583 1124 1618 p.
1154 1578 1166 1610 1
1195 1570 1256 1607 tit.
1283 1578 1304 1608 6
1329 1582 1358 1607 c.
1385 1575 1458 1609 24:
1493 1570 1607 1619 „Ipse
1640 1567 1752 1620 (rom.
1783 1566 1978 1623 pontifex)

249 1632 307 1667 est
329 1630 505 1667 omnium
528 1630 832 1667 christianorum
855 1632 966 1678 pater
987 1632 1027 1667 et
1049 1629 1193 1672 doctor,
1217 1629 1329 1677 cujus
1353 1629 1395 1665 in
1418 1629 1507 1666 fidei
1528 1629 1825 1677 quaestionibus
1847 1641 1916 1678 per
1938 1641 1980 1666 se

247 1689 638 1726 irreformabile
661 1689 965 1737 est-iudicium«
981 1688 1271 1725 -Concilium
1292 1689 1648 1736 ultrajectense
1670 1701 1702 1725 a.
1727 1694 1850 1729 1865:
1875 1688 1979 1732 „Ro-

248 1748 352 1784 mani
373 1748 569 1797 pontificis
585 1748 783 1796 judicium
804 1748 846 1784 in
876 1748 937 1793 iis,
970 1760 1068 1796 quae
1100 1747 1148 1784 ad
1178 1747 1291 1784 fidem
1324 1759 1528 1795 moresque
1559 1749 1746 1796 spectant,
1779 1747 1978 1784 infalli-

247 1807 349 1844 bile
373 1819 455 1844 esse
477 1807 752 1844 indubitanter
773 1807 996 1844 retinemus.
1009 1813 1025 1830 ⁸
1060 1807 1085 1843 J
1088 1820 1149 1844 am
1171 1819 1262 1844 vero
1285 1807 1554 1855 episcoporum
1575 1806 1668 1844 ordo
1689 1819 1769 1844 non
1790 1806 1917 1844 solum
1937 1806 1979 1843 in

248 1866 456 1903 concilium
477 1867 765 1903 oecumenicum
791 1867 988 1906 collectus,
1023 1866 1088 1903 sed
1112 1866 1228 1902 etiam
1261 1878 1331 1914 per
1353 1866 1486 1903 orbem
1517 1865 1718 1914 dispersus
1751 1865 1792 1902 in
1824 1865 1979 1903 unitate

248 1937 336 1962 cum
357 1938 514 1962 romano
537 1926 720 1974 pontifice
742 1925 881 1962 docens
903 1928 963 1962 est
984 1925 1204 1962 infallibilis
1227 1921 1281 1976 (n.
1309 1921 1421 1977 271).
1466 1924 1540 1961 Sed
1563 1925 1718 1973 quando
1740 1924 1864 1974 magis
1886 1936 1977 1962 con-

248 1987 326 2021 stat
348 1985 547 2033 episcopos
582 1998 651 2033 per
673 1985 804 2022 orbem
826 1985 1021 2034 dispersos
1053 1984 1203 2032 aliquid
1234 1984 1381 2029 docere,
1415 1996 1534 2031 quam
1564 1996 1653 2021 cum
1683 1983 1724 2020 id
1754 1984 1980 2021 solemniter

249 2043 384 2080 docent
405 2044 551 2092 ubique
573 2046 767 2081 terrarum
800 2043 842 2080 in
865 2044 1026 2081 concilia
1055 2043 1310 2092 provincialia
1341 2043 1518 2080 collecti?
1549 2043 1674 2091 Atqui
1704 2043 1876 2091 episcopi
1909 2055 1980 2091 per

247 2102 379 2139 orbem
403 2103 568 2151 dispersi
590 2103 666 2150 iam
688 2106 777 2139 ante
806 2103 1014 2140 concilium
1046 2102 1267 2139 vaticanum
1298 2104 1359 2139 tot
1389 2102 1430 2138 in
1461 2102 1638 2139 conciliis
1669 2101 1979 2151 provincialibus

248 2161 574 2199 infallibilitatem
597 2162 747 2199 romani
777 2162 972 2211 pontificis
1008 2162 1235 2199 docuerunt.
1276 2161 1378 2211 Ergo
1413 2160 1567 2198 concilii
1599 2161 1768 2198 vaticani
1801 2159 2000 2198 definitio‘

247 2220 407 2257 nonnisi
440 2221 648 2258 solemnior
679 2222 739 2258 est
772 2221 1028 2258 manifestatio
1051 2220 1141 2257 fidei
1174 2221 1293 2265 illius.
1330 2232 1428 2268 quae
1463 2220 1602 2257 diffusa
1630 2221 1712 2269 jam
1749 2220 1903 2269 vigebat
1936 2220 1978 2256 in

247 2279 415 2316 Ecclesia
437 2279 647 2316 infallibili.
691 2279 936 2329 Quapropter
968 2279 1195 2316 admiranda
1225 2283 1285 2316 est
1316 2280 1468 2327 sapiens
1491 2278 1562 2316 Dei
1592 2279 1847 2328 providentia,
1879 2291 1979 2327 quae

249 2337 294 2374 ad
318 2339 534 2375 obturanda
570 2350 636 2375 ora
658 2340 968 2376 a‹.·lversariorum
1000 2341 1079 2376 tam
1111 2338 1375 2375 universalem
1406 2339 1696 2386 solemnemque
1727 2337 1819 2375 fidei
1850 2338 1977 2375 mani-

247 2397 495 2434 festationem
515 2398 718 2446 pra-emisit
738 2398 814 2447 ipsi
836 2398 997 2435 concilio
1019 2397 1209 2435 vaticano.

378 2479 476 2521 413.
526 2476 786 2518 Traditionis
827 2478 1088 2530 suffrayimn.
1131 2503 1187 2507 —-
1228 2475 1388 2517 Eadem
1431 2477 1727 2529 praerogativa
1769 2476 1978 2528 colligitur

249 2547 438 2598 quinto
463 2558 513 2587 ex
536 2559 663 2588 sensu
685 2548 1002 2589 theoretico
1027 2552 1068 2589 et
1089 2548 1337 2600 practico
1361 2547 1632 2600 antiquitatis.
1677 2546 1784 2598 Quid
1806 2547 1918 2588 enim

370 2631 406 2672 1.
438 2635 682 2681 supponunt
715 2636 777 2670 tot
812 2643 835 2671 c
847 2643 871 2671 o
884 2643 911 2670 n
922 2644 942 2671 s
953 2631 1004 2672 ul
1017 2636 1029 2671 t
1042 2632 1115 2671 ati
1129 2643 1153 2671 0
1165 2643 1193 2670 n
1205 2642 1228 2671 e
1241 2644 1261 2671 s
1294 2630 1477 2682 undique
1507 2641 1714 2670 romanae
1745 2629 1975 2671 cathedrae

248 2701 506 2752 propositae,
528 2702 608 2740 nisi
630 2701 827 2742 omnihus
850 2713 943 2742 esse
957 2714 1220 2754 persuasum,
1241 2701 1338 2742 inde
1352 2701 1521 2753 prodire
1534 2713 1741 2753 responsa
1756 2700 1978 2741 doctrinae

248 2783 384 2822 purae
407 2770 520 2811 nullo
544 2782 688 2812 errore
710 2772 895 2812 infecta?

364 2867 492 2904 Factis
513 2879 630 2915 supra
651 2881 687 2904 n.
713 2874 762 2907 32
774 2876 792 2907 7
817 2869 947 2905 allatis
961 2868 1036 2906 alia
1049 2868 1158 2905 adde.
1191 2870 1453 2918 Proposuerat
1475 2868 1498 2905 S
1511 2881 1530 2906 e
1542 2881 1566 2906 v
1577 2881 1597 2905 e
1609 2881 1629 2905 r
1641 2881 1667 2906 u
1680 2881 1697 2905 s
1720 2868 1978 2906 scholasticus

248 2926 696 2975 constantinopolitanus
717 2927 926 2976 Fulgentio
947 2927 1141 2964 Ferrando
1173 2928 1333 2969 diacono
1365 2927 1666 2976 carthaginiensi
1697 2927 1976 2975 quaestionem,

246 2998 342 3023 num
355 2985 381 3022 J
383 2997 472 3023 esus
483 2985 658 3022 Christus
681 2985 755 3022 dici
776 2986 900 3033 possit
922 2998 1038 3031 ‚unus
1061 2986 1108 3023 de
1130 2989 1261 3024 sancta
1283 2989 1322 3023 et
1342 2986 1548 3023 individua
1569 2986 1784 3023 Trinitate.‘
1819 2985 1893 3030 Qui
1913 2998 1975 3022 re-

248 3045 408 3093 spondit
429 3057 487 3093 ep.
513 3051 534 3084 5
560 3057 596 3081 n.
620 3052 631 3083 1
653 3057 661 3080 ε
685 3044 924 3093 ,Interroga
948 3045 1008 3081 vir
1021 3045 1333 3093 prudentissime,
1357 3045 1390 3082 si
1405 3045 1499 3093 quid
1513 3045 1691 3082 veritatis
1707 3044 1814 3093 cupis
1828 3044 1975 3090 audire,

246 3103 522 3152 principaliter
544 3102 779 3152 apostolicae
802 3103 903 3140 sedis
925 3103 1155 3149 antistitem,
1191 3105 1303 3153 cujus
1326 3116 1420 3142 sana
1441 3104 1619 3141 doctrina
1648 3105 1800 3141 constat
1825 3103 1977 3152 judicio
