2175 3382
308 142 332 163 -›
759 129 1032 172 l'rolegoinena.
1052 128 1275 172 Tlicologiae
1295 128 1431 171 species
1451 127 1585 160 variae.

308 173 328 180 .-

307 266 405 294 suas
429 253 565 292 haurit
582 249 865 300 cognitiones;
889 247 975 299 obj
990 259 1012 288 e
1027 252 1189 295 ctum,
1211 246 1324 299 quod
1339 246 1662 297 contemplatur,
1686 251 1727 286 et
1750 245 1936 286 modus
1958 258 2042 298 quo

308 325 419 364 circa
441 321 540 362 illud
554 325 758 361 versatur.
784 319 825 362 l.
840 318 1020 359 Ratione
1042 318 1090 359 t'o
1104 318 1212 357 ntis
1233 322 1274 357 et
1294 317 1462 357 luminis
1483 316 1679 368 distingui
1699 321 1839 368 potest
1859 317 1901 357 in
1921 317 2043 358 theo-

312 395 466 445 logiam
498 390 828 432 naturalem.
861 400 970 442 quae
997 388 1291 440 philosophiae
1315 392 1379 428 est
1400 399 1510 440 pars,
1541 388 1575 427 si
1598 387 1683 428 scil.
1705 387 1797 428 sola
1820 387 1927 428 ratio
1951 386 2045 428 fons

308 470 372 505 est
394 463 665 515 cognitionis,
690 466 731 502 et
753 460 939 501 revela
954 465 1056 500 tam
1080 471 1155 500 seu
1177 458 1559 511 supernaturalem,
1583 458 1617 498 si
1637 458 1895 499 revelatione
1915 457 2046 498 utitur

308 537 414 576 duce
446 539 487 575 et
522 533 745 584 magistra:
779 543 888 584 quae
910 530 1087 583 proinde
1110 542 1197 570 non
1219 530 1356 570 solum
1380 530 1491 570 circa
1515 529 1648 570 Deuni
1672 533 1877 578 versatur,
1907 527 1982 569 sed
2005 532 2046 568 et

308 620 331 648 a
356 607 443 647 Deo
467 606 558 657 ipso
582 604 759 644 docetur
782 607 823 643 et
846 602 899 642 ad
921 601 1056 643 Deum
1080 601 1204 644 ducit.
1247 600 1307 641 De
1329 601 1410 641 hac
1432 600 1556 642 nobis
1579 600 1657 641 erit
1678 611 1831 640 sermo.

425 677 466 720 2.
489 675 746 727 Theologiae
771 673 856 726 obj
872 677 1048 714 ectum
1072 676 1146 720 est,
1169 676 1215 713 ut
1237 672 1430 721 diximus,
1451 671 1577 725 Deus,
1601 671 1675 712 sed
1696 682 1773 722 pro
1797 669 1932 723 magis
1954 668 2046 710 vul-

306 753 403 800 gata
435 752 476 788 et
506 745 657 786 laxiori
689 744 937 796 acceptione
966 743 1211 784 universum
1235 741 1329 783 fidei
1362 743 1457 798 (seu
1478 741 1766 796 revelationis)
1789 741 2046 781 christianae

306 819 532 871 obJeetum,
556 816 668 857 unde
692 815 857 856 ratione
881 814 1037 866 objecti
1057 814 1140 854 dici
1160 818 1306 866 posset
1324 813 1502 854 scientia
1523 812 1618 854 fidei
1633 813 1726 868 (seu
1746 812 2044 866 revelationis).

304 889 449 930 Potest
472 893 617 928 tamen
640 887 885 927 universum
907 884 1004 926 fidei
1028 884 1241 937 objectum
1264 885 1459 925 revocari
1481 884 1535 925 ad
1557 883 1704 932 Deum,
1737 883 1844 924 adeo
1867 887 1913 924 ut
1933 882 2046 923 Deus

308 972 394 1000 non
408 959 546 1000 solum
561 959 613 999 sit
629 958 844 1010 obJ'ectum
858 956 984 1008 hujus
999 956 1201 997 scientiae
1216 956 1427 1008 princeps,
1443 967 1590 996 verum
1605 956 1745 1004 etiarn,
1760 959 1806 995 ut
1818 954 2047 1007 loquuntur

306 1030 494 1082 theologi
513 1029 699 1076 scholae,
722 1028 960 1080 subjectum
982 1027 1268 1068 attributionis
1285 1027 1337 1083 1):
1356 1039 1485 1075 „nam
1506 1027 1650 1068 omnia
1671 1029 1985 1078 pertractantur
2003 1025 2046 1065 in

306 1114 431 1143 sacra
453 1100 647 1142 doctrina
670 1099 748 1140 sub
771 1099 938 1139 ratione
962 1098 1048 1148 Dei,
1081 1097 1147 1138 vel
1171 1098 1269 1150 quia
1292 1102 1390 1138 sunt
1411 1097 1501 1150 ipse
1523 1097 1646 1146 Deus,
1676 1096 1745 1137 vel
1767 1096 1865 1149 quia
1886 1095 2047 1137 habent

307 1173 498 1215 ordinem
533 1171 587 1212 ad
610 1170 756 1212 Deum.
791 1175 838 1211 ut
859 1169 913 1210 ad
936 1169 1190 1221 principium
1213 1173 1255 1209 et
1276 1168 1438 1218 finem,“
1466 1173 1513 1209 ut
1534 1169 1668 1221 inquit
1690 1181 1720 1209 s.
1743 1167 1976 1208 Thomas
1991 1168 2047 1223 2);

305 1244 372 1285 vel
395 1244 534 1285 omnis
556 1242 760 1283 revelatio
783 1240 964 1282 refertur
992 1240 1069 1291 „ad
1091 1239 1225 1281 Deum
1246 1239 1480 1281 secundum
1501 1251 1548 1280 se
1571 1244 1612 1280 et
1633 1244 1680 1280 ut
1701 1237 2000 1292 assequibilem
2021 1249 2047 1279 a

305 1315 428 1357 nobis
445 1316 522 1371 3);“
544 1314 611 1355 vel
634 1325 683 1354 ea
707 1311 879 1353 exhibet
899 1311 1023 1352 nobis
1037 1311 1173 1352 Deum
1195 1311 1430 1352 secundum
1452 1322 1498 1352 se
1521 1315 1594 1351 aut
1615 1310 1848 1352 secundum
1871 1321 1972 1350 suas
1993 1308 2047 1349 ad

306 1391 426 1428 extra
448 1385 881 1433 communicationes,
905 1388 946 1425 et
968 1384 1068 1437 quia
1090 1383 1500 1424 communicationes
1520 1383 1595 1424 Dei
1618 1377 1673 1423 a'd
1695 1387 1815 1424 extra
1835 1395 1960 1424 suum
1982 1386 2046 1423 at-

304 1458 489 1509 tigerunt
520 1455 731 1508 fastigium
764 1460 804 1497 et
837 1455 1253 1496 consummationem
1276 1455 1320 1495 in
1341 1455 1648 1504 incarnatione,
1679 1454 1723 1494 in
1745 1453 1912 1495 Christo
1933 1452 2047 1502 Jesu,

305 1527 542 1581 subjectum
575 1527 861 1568 attributionis
893 1526 975 1567 dici
1006 1526 1162 1578 poterit
1183 1525 1296 1567 Deus
1328 1530 1369 1566 et
1390 1525 1423 1567 J.
1448 1524 1650 1575 Christus,
1681 1538 1765 1578 quo
1796 1537 1884 1566 non
1905 1524 2047 1577 inepte

304 1599 543 1641 referuntur
565 1597 697 1639 verba
719 1596 896 1640 Christi:
928 1598 1047 1639 Haec
1078 1601 1135 1637 est
1163 1601 1298 1638 autem
1330 1598 1416 1638 ‘cita
1439 1601 1633 1638 aeterna:
1673 1597 1725 1638 Ut
1747 1599 1991 1651 coynoscant
2012 1599 2049 1636 te

305 1670 435 1711 solum
456 1683 594 1710 verum
609 1669 745 1710 Deum
767 1673 803 1709 et
822 1682 937 1724 quem
958 1669 1108 1709 misisti
1121 1667 1266 1709 Jesum
1289 1668 1496 1710 Christum
1512 1670 1558 1722 4).
1581 1667 1767 1709 Eatenus
1789 1671 1932 1709 autern
1952 1671 2048 1708 tan-

305 1747 394 1782 tum
418 1740 575 1793 aliquid
598 1740 653 1781 ad
675 1740 810 1781 Deum
832 1745 1033 1793 spectans
1056 1745 1120 1781 est
1143 1739 1359 1792 objectum
1381 1739 1635 1792 theologiae,
1675 1743 1885 1792 quatenus
1907 1750 1959 1780 ex
1979 1750 2048 1779 re-

304 1812 531 1861 velatione,
554 1823 681 1865 quem
704 1811 794 1864 ejus
818 1810 979 1852 fontem
1002 1823 1097 1853 esse
1119 1824 1249 1864 supra
1272 1811 1466 1860 diximus,
1490 1816 1555 1852 est
1577 1810 1929 1852 demonstrabile:
1950 1809 2050 1850 hinc

304 1884 412 1924 haec
444 1882 835 1924 demonstrabilitas
868 1895 919 1923 ex
951 1883 1212 1923 revelatione
1234 1887 1412 1923 vocatur
1443 1882 1659 1935 objectum
1685 1881 1862 1922 formale
1883 1880 2048 1922 theolo-
2109 1910 2115 1913 ,

304 1954 408 2007 giae.
431 1953 573 2006 Quare
596 1954 651 1994 ad
673 1966 764 1995 rem
788 1953 962 1995 Pesch
985 1954 1112 2006 prael.
1137 1954 1275 2006 dogm.
1302 1953 1317 1994 Ι
1339 1967 1377 1998 n.
1403 1957 1425 1997 7
1451 1953 1709 2006 theologiam
1733 1952 1887 2002 definit,
1910 1953 2048 1993 scien-

305 2025 408 2066 tiam
431 2037 593 2076 eorum,
617 2037 727 2078 quae
751 2025 802 2066 de
826 2025 913 2066 Deo
938 2037 989 2066 ex
1011 2025 1272 2066 revelatione
1295 2030 1393 2066 sunt
1415 2025 1775 2068 demonstrabilia.

424 2099 467 2141 3.
491 2096 524 2137 T
535 2096 723 2149 riplici
744 2101 889 2138 autem
911 2096 1165 2149 praesertim
1188 2109 1229 2136 m
1242 2108 1266 2137 o
1282 2095 1308 2136 d
1320 2108 1344 2137 0
1368 2097 1531 2137 versari
1546 2100 1686 2148 potest
1699 2095 1922 2147 theologus
1936 2095 2049 2136 circa

305 2168 576 2210 revelationis
599 2167 826 2220 objectum.
850 2167 997 2208 Potest
1020 2168 1131 2208 enim
1156 2167 1343 2220 singulas
1364 2167 1567 2208 veritates
1588 2167 1800 2208 revelatas
1816 2171 1858 2208 et
1871 2166 2048 2207 creden-

303 2240 381 2281 das
404 2252 480 2281 seu
503 2239 598 2280 fidei
620 2239 822 2292 dogmata
845 2251 867 2280 e
890 2238 1162 2279 revelationis
1182 2238 1298 2280 fonte
1313 2250 1475 2288 eruere,
1498 2243 1641 2279 erutas
1656 2238 1882 2279 defendere
1897 2237 2049 2278 adver·
2077 2284 2084 2290 ‚

303 2323 376 2351 sus
407 2310 504 2351 fidei
534 2311 679 2351 hostes
707 2322 941 2363 eorumque
963 2309 1155 2351 refellere
1181 2321 1360 2358 errores,
1394 2314 1576 2351 statutas
1598 2314 1640 2350 et
1661 2313 1951 2362 propugnatas
1972 2321 2049 2361 pro

304 2381 463 2422 viribus
485 2381 716 2422 illustrare:
752 2393 828 2434 pro
853 2393 936 2434 quo
959 2381 1112 2433 triplici
1135 2393 1312 2422 munere
1334 2381 1560 2433 theologia,
1583 2392 1693 2433 quae
1715 2380 1829 2421 circa
1850 2380 2051 2431 dogmata

304 2457 499 2493 versatur
531 2464 606 2493 seu
638 2452 892 2505 dogmatica,
925 2452 1194 2504 distinguitur
1225 2452 1268 2492 in
1299 2452 1619 2504 positivam,
1651 2451 1979 2504 polemicam
2009 2455 2051 2491 et

306 2536 324 2563 s
337 2535 359 2563 c
370 2523 398 2563 h
411 2523 498 2564 ola
510 2536 529 2563 s
544 2523 616 2563 tic
629 2535 654 2564 a
665 2536 707 2563 m
724 2524 770 2579 ὃ).
814 2523 1045 2575 Theologia
1076 2534 1178 2563 vero
1210 2516 1393 2575 positiva
1422 2535 1500 2575 pro
1532 2523 1739 2564 varietate
1771 2521 1820 2563 fo
1831 2522 1941 2563 ntis
1974 2532 2050 2562 seu

451 2620 477 2659 ¹)
497 2618 692 2660 Subjectum
713 2619 954 2652 attributionis
971 2627 1036 2650 seu
1050 2616 1270 2662 simpliciter
1290 2618 1498 2663 subjectum
1515 2619 1555 2651 in
1573 2617 1698 2661 aliqua
1714 2616 1868 2651 scientia
1886 2615 1982 2650 illud
1999 2615 2051 2649 di-

307 2671 416 2710 citur,
430 2670 488 2703 cui
500 2672 626 2704 omnia
640 2671 898 2715 subjiciuntur,
914 2673 949 2703 et
965 2670 1012 2703 ad
1024 2671 1121 2714 quod
1137 2672 1273 2713 omnia,
1298 2682 1539 2715 quaecunque
1559 2671 1790 2705 disseruntur
1803 2669 2051 2714 exponuntur-

307 2735 390 2768 que,
412 2724 623 2760 referuntur
641 2731 753 2769 atque
770 2725 985 2768 respiciunt.
1020 2725 1254 2759 Attributum
1283 2736 1368 2759 vero
1394 2735 1456 2759 seu
1473 2724 1669 2769 objectum,
1694 2726 1736 2758 ut
1753 2724 1818 2759 alii
1839 2720 2051 2767 loquuntur.

308 2778 443 2812 dicitur
462 2789 569 2812 omne
587 2778 634 2819 id,
656 2779 755 2822 quod
774 2778 821 2812 ad
840 2778 934 2812 illud
954 2779 1160 2824 subjectum
1178 2779 1338 2812 refertur
1357 2789 1421 2812 seu
1438 2778 1478 2811 in
1494 2777 1560 2812 illa
1579 2777 1735 2815 scientia
1753 2777 1962 2822 attingitur.
1997 2776 2051 2813 Cf.

308 2830 331 2864 S
343 2841 361 2863 c
373 2830 397 2864 h
412 2841 430 2863 1·
441 2842 461 2863 a
474 2831 494 2863 d
509 2842 527 2864 e
540 2842 557 2863 1·
575 2830 614 2864 in
635 2831 901 2864 commentario
920 2832 964 2865 de
983 2831 1175 2875 theologia
1194 2833 1399 2876 generatim
1417 2842 1454 2865 n.
1473 2834 1493 2864 2
1508 2842 1553 2864 ss.
1567 2846 1573 2866 :
1593 2831 1628 2864 M
1642 2842 1660 2864 a
1673 2843 1690 2864 z
1703 2842 1720 2864 z
1733 2829 1828 2864 ella
1846 2830 1890 2864 de
1908 2831 2053 2864 virtuti-

306 2885 376 2918 bus
394 2883 527 2917 infusis
546 2884 639 2928 disp.
659 2887 679 2918 2
699 2895 730 2918 a.
751 2887 789 2922 2:
811 2884 832 2918 S
845 2885 897 2918 ch
911 2894 928 2917 e
941 2894 959 2918 e
972 2885 995 2919 b
1008 2896 1060 2919 en
1080 2889 1096 2926 ξ
1118 2888 1157 2920 51
1178 2885 1399 2929 praesertim
1415 2896 1451 2918 n.
1470 2887 1551 2920 953.
1570 2887 1649 2919 958.

452 2940 479 2981 2)
502 2939 532 2970 1.
552 2949 586 2981 p.
607 2949 640 2981 q.
664 2940 679 2970 1
701 2948 733 2971 a.
752 2938 774 2971 7
794 2938 875 2971 roll.
895 2949 927 2972 a.
947 2941 977 2976 3,
1125 2942 1152 2981 3)
1172 2938 1227 2971 lta
1245 2937 1374 2981 Lugo
1395 2938 1439 2972 de
1458 2937 1530 2972 fide
1548 2938 1640 2982 disp.
1660 2940 1681 2972 3
1700 2950 1726 2972 s.
1750 2942 1760 2972 1
1785 2950 1820 2971 n.
1843 2942 1895 2972 15.

452 2994 479 3031 4)
499 2990 604 3024 Joan.
629 2992 680 3030 17,
700 2994 739 3029 3;
760 2991 804 3026 cf.
823 2990 968 3025 Kleut
981 3003 1071 3036 gen
1090 2991 1219 3025 Theol.
1239 2992 1301 3025 der
1318 2991 1469 3025 Vorzeit
1486 2992 1513 3025 t.
1532 2991 1599 3027 ult.
1618 3004 1652 3025 n.
1672 2993 1740 3026 296
1759 3002 1805 3025 ss.

455 3044 482 3086 ⁵)
501 3044 570 3078 Per
590 3053 627 3078 se
644 3047 770 3079 autem
789 3046 890 3089 patet
905 3046 972 3079 hos
986 3048 1061 3078 tres
1076 3044 1292 3089 disputandi
1309 3045 1435 3079 modos
1448 3055 1523 3078 non
1538 3055 1614 3079 esse
1628 3045 1674 3079 ab
1688 3044 1846 3078 invicem
1860 3044 2053 3090 sejungen-

311 3098 387 3141 dos,
407 3097 469 3132 sed
488 3098 672 3143 optimum
690 3098 800 3132 illum
815 3098 894 3131 foro
909 3098 1137 3143 theologum,
1152 3099 1216 3142 qui
1232 3108 1292 3132 eos
1307 3102 1393 3142 apte
1408 3098 1611 3143 conjungat>
1623 3098 1828 3141 iisdemque
1838 3108 1903 3142 pro
1923 3107 2052 3142 oppor-
