2175 3382
267 118 348 158 112»
539 110 660 143 'ri-act.
681 109 705 143 1.
727 109 909 154 Apologia
931 108 1040 154 relig.
1059 110 1185 144 christ.
1202 109 1328 144 Thesis
1346 108 1456 143 XXII.
1479 108 1726 143 Revelationis

384 231 673 274 Declaratio.
718 233 762 270 In
798 233 866 270 hac
901 233 1002 270 thesi
1038 246 1056 270 c
1070 233 1109 269 ri
1127 233 1205 270 sin
1240 231 1524 281 quodammodo
1560 233 1813 271 instituemus
1847 234 2006 272 demon-

260 293 462 332 strationis
504 293 706 340 hucusque
739 292 954 336 exhibitae,
998 292 1162 340 ejusque
1196 292 1363 328 valorem
1386 303 1430 328 ac
1451 291 1623 340 pretinm
1647 291 2005 334 determinabimus.

263 354 380 390 Prius
403 356 533 389 tumen
555 351 683 389 notari
706 351 834 392 debet,
859 350 1138 389 certitudinem
1171 363 1253 388 esse
1277 349 1433 387 firmum
1456 350 1597 388 mentis
1619 362 1824 389 assensum
1846 351 2005 390 veritati

261 412 485 461 propositae
508 411 738 449 exhibitum.
775 411 967 448 motivum
991 422 1082 446 vero
1104 409 1265 463 formale
1289 409 1392 446 hunc
1413 421 1614 446 assensum
1636 409 1903 448 determinans
1923 423 2004 450 esse

261 473 387 520 ipsam
411 470 616 508 veritatem
639 483 677 507 se
700 469 1028 507 manifestantem.
1072 469 1191 506 Porro
1222 468 1370 505 veritas
1392 468 1541 517 duplici
1564 468 1677 506 modo
1698 481 1738 507 se
1760 469 2005 508 manifestat:

262 531 325 567 rel
347 533 458 580 tapta
480 529 667 578 claritate.
702 541 801 578 quae
824 532 994 565 mentem
1021 527 1068 564 ad
1099 539 1303 564 assensum
1334 527 1478 576 rapiat:
1513 527 1574 565 vel
1606 528 1873 579 easlsfflatffi
1905 541 2006 578 quae

262 592 433 626 mentem
457 601 535 626 non
558 588 714 637 quidem
739 592 849 637 cogat
873 587 920 624 ad
945 599 1159 631 assensum,
1183 587 1362 623 attamen'
1380 586 1638 624 sufficientem
1661 587 1853 625 rationem
1876 587 2005 626 eidem

263 647 486 697 suppeditet
509 648 555 685 ad
578 647 795 696 prudenter
816 645 1120 684 assentiendum.
1156 644 1269 689 Quod
1292 646 1322 682 si
1346 645 1646 694 prius‘obtinet,
1671 652 1802 684 certus
1823 659 2006 685 assensus

260 708 310 744 ab
332 706 530 745 evidentia
554 706 862 744 determinatur:
886 705 916 742 si
940 705 1120 749 alterum,
1143 716 1325 742 assensus
1347 704 1506 753 quidem
1529 708 1660 742 certus
1676 717 1759 742 esse
1773 707 1915 754 potest,
1938 706 2006 744 sed

261 779 338 805 non
361 766 527 803 habetur
548 766 631 803 sine
662 765 813 802 influxu
844 764 1074 802 voluntatis.
1117 763 1216 801 Hinc
1247 764 1383 812 liquet,
1416 763 1790 802 certitudinem
1822 761 1865 805 l.
1887 765 2007 803 latius

261 829 395 874 patere
418 824 703 861 evidentia:
738 836 829 860 nam
851 824 975 860 omnis
997 823 1195 860 evidentia
1225 822 1505 860 certitudinem
1536 823 1650 872 parit,
1683 823 1751 862 sed
1780 836 1859 862 non
1889 823 2005 872 quid-

260 885 357 933 quid
382 892 439 921 est
463 892 624 922 certum.
649 886 709 920 est
730 882 850 920 etiam
872 882 1042 920 evidens.
1085 882 1146 919 Ad
1167 882 1259 919 haec
1280 879 1323 921 2.
1348 882 1541 919 certitudo
1563 884 1622 919 est
1642 882 1754 920 firma
1774 883 1918 921 mentis
1938 882 2005 921 ad-

265 944 391 981 haesio
413 955 500 980 cum
524 942 743 980 exclusione
765 942 890 979 omnis
913 941 1023 978 dubii
1057 941 1193 978 saltem
1223 941 1524 990 prudentis:
1557 941 1626 978 111ιί
1658 954 1750 980 vero
1783 941 1893 980 adest
1921 942 2006 979 evi—

263 1003 406 1045 dentia,
431 1001 655 1038 excluditur
677 1014 755 1038 non
779 1001 908 1038 solum
930 1000 1095 1037 dubium
1117 1000 1303 1048 prudens.
1338 999 1408 1037 sed
1429 1003 1469 1037 et
1489 1001 1551 1037 im
1566 1000 1793 1049 prudens
1824 1003 1865 1038 et
1893 1000 2004 1038 inde-

263 1061 497 1099 liberatum:
520 1060 687 1098 dubium
709 1072 821 1097 omne
843 1059 1026 1097 funditus
1049 1060 1313 1107 exstirpatur:
1336 1071 1456 1107 quare
1479 1056 1519 1099 3.
1542 1071 1631 1097 cum
1653 1071 1790 1097 sumus
1811 1060 1919 1105 certi,
1942 1059 2004 1098 in-

261 1120 484 1170 telligimus
508 1132 591 1157 rem
612 1120 668 1156 ita
690 1132 729 1157 se
752 1119 904 1157 habere.
937 1122 982 1156 ut
1015 1118 1254 1161 affirmatum
1286 1117 1485 1155 evidentia
1514 1118 1676 1166 insuper
1705 1118 1891 1170 ostendit,
1922 1131 2004 1157 rem

262 1180 379 1216 aliter
402 1191 442 1216 se
465 1179 605 1216 habere
641 1189 718 1215 non
750 1190 873 1226 posse.
916 1175 957 1218 4.
979 1177 1188 1214 Evidentia
1219 1177 1266 1214 ad
1298 1189 1499 1215 assensum
1529 1177 1644 1226 rapit,
1677 1177 1914 1216 determinat
1942 1179 2007 1216 vel

263 1238 438 1275 inritum
460 1238 654 1287 patefacta
676 1237 853 1282 veritate,
890 1237 958 1274 ubi
979 1249 1072 1274 vero
1095 1249 1139 1274 ea
1160 1236 1271 1274 deest
1293 1240 1333 1273 et
1353 1239 1511 1274 tantum
1543 1237 1688 1274 adsunt
1716 1237 1865 1275 motiva
1895 1237 2006 1287 paria

260 1298 310 1335 ad
333 1297 572 1347 gignendam
595 1296 884 1334 certitudinem.
908 1301 952 1333 ut
976 1296 1070 1333 haec
1093 1299 1183 1333 actu
1204 1295 1403 1345 gignatur,
1426 1296 1516 1344 plus
1539 1295 1720 1334 minusve
1747 1296 1852 1334 bona
1871 1296 2004 1345 requi-

264 1357 367 1393 ritur
390 1356 573 1393 voluntas
593 1354 636 1391 ll.

382 1439 450 1480 96.
472 1435 835 1479 Demonstratio
871 1449 916 1490 p.
940 1435 979 1477 I.
1015 1434 1301 1475 Revelationis
1330 1433 1487 1474 factum
1519 1446 1605 1475 non
1637 1446 1732 1476 esse
1763 1434 2002 1484 evidens,

262 1506 415 1546 saltem
446 1517 534 1547 non
565 1517 616 1546 ea
649 1505 872 1550 evidentia,
905 1516 1033 1558 quam
1060 1517 1099 1545 n.
1121 1504 1315 1557 praeced.
1338 1504 1650 1557 descripsimus,
1683 1517 1769 1546 non
1801 1516 1853 1546 ex
1875 1505 2002 1546 moti-

262 1588 412 1617 vorum
436 1581 477 1617 et
499 1576 875 1617 demonstrationis
897 1575 1074 1618 defectu.
1111 1575 1185 1616 sed
1208 1580 1380 1628 propter
1402 1576 1554 1617 mentis
1576 1581 1751 1617 nostrae
1773 1576 2003 1629 angustias

383 1647 424 1690 1.
449 1647 640 1699 gravium
662 1647 959 1699 theologorum
992 1652 1055 1687 est
1077 1647 1298 1688 sententia.
1332 1647 1404 1699 qui
1426 1646 1581 1688 docent
1603 1658 1827 1688 assensum
1850 1647 2004 1689 mentis

261 1718 303 1758 iu
327 1718 528 1759 veritates
558 1717 768 1759 revelatas
799 1730 887 1758 non
919 1716 1008 1758 fore
1040 1717 1220 1770 amplius
1252 1717 1443 1759 liberum.
1474 1718 1511 1758 si
1540 1717 1815 1759 revelationis
1845 1717 2004 1760 factum

263 1793 377 1829 esset
399 1789 571 1830 evidens
588 1790 642 1844 2);
674 1790 753 1829 etsi
786 1788 892 1829 sorte
924 1793 1045 1829 actus
1077 1787 1172 1829 fidei
1202 1787 1333 1829 libere
1365 1788 1447 1828 dici
1477 1788 1617 1830 adhuc
1648 1789 1783 1841 possit
1806 1787 2005 1845 (cf.inf1'·a

263 1872 300 1899 11.
316 1863 401 1903 4ῖῖ
420 1862 484 1912 (1.).
507 1858 635 1912 Cujus
658 1860 906 1901 assertionis
927 1860 1036 1900 ratio
1061 1864 1126 1900 est
1140 1860 1265 1900 haec:
1290 1871 1494 1900 assensus
1515 1860 1558 1900 in
1579 1859 1782 1912 specialia
1802 1859 2005 1912 dogmata

262 1942 297 1969 V.
321 1942 379 1980 gr.
395 1930 438 1970 in
458 1943 512 1971 ss.
526 1930 742 1971 Trinitatis
765 1931 1015 1984 mysterium
1036 1930 1192 1971 resolvi
1212 1935 1354 1982 potest
1374 1931 1418 1970 in
1441 1931 1554 1971 hanc
1575 1930 1780 1971 sormam:
1803 1930 2005 1984 quidquid

408 2075 431 2105 ¹)
449 2070 500 2104 Cf.
523 2071 751 2115 Kleutgen
769 2070 943 2116 Theolog.
963 2071 997 2105 d.
1010 2071 1113 2105 Vorz.
1131 2074 1220 2104 tom.
1239 2071 1305 2106 ult,
1318 2083 1353 2105 11.
1367 2073 1435 2106 209
1447 2083 1512 2106 ss:
1530 2071 1771 2106 Franzelin
1787 2073 1827 2105 in
1841 2071 2003 2117 append.

262 2123 307 2156 de
325 2123 544 2157 habitudine
562 2126 631 2158 rat.
650 2124 749 2158 hum.
769 2125 826 2158 ad.
846 2124 919 2158 div.
938 2124 1048 2158 fidem
1065 2135 1092 2161 c.
1115 2127 1130 2158 1
1150 2125 1167 2162 ἓ
1186 2128 1206 2158 2
1225 2125 1265 2158 in
1280 2126 1326 2158 tr.
1346 2123 1392 2158 de
1409 2123 1481 2158 div.
1501 2123 1594 2158 trad.

405 2178 432 2200 's‘
450 2175 504 2212 Cf.
520 2176 686 2211 Suarez
709 2178 754 2212 de
766 2177 838 2211 fide
858 2177 986 2222 di>p.3
1006 2180 1144 2213 sect.8:
1163 2177 1256 2222 disp.
1276 2179 1296 2211 6
1315 2179 1451 2215 sect.6:
1469 2176 1737 2222 Klentgenl.
1757 2189 1785 2212 c.
1809 2190 1844 2212 n.
1859 2170 2006 2215 24'1ss.;

263 2230 292 2263 D
307 2231 542 2275 enzinger
568 2231 655 2265 Vier
683 2231 825 2265 31101101·
850 2242 924 2265 von
950 2231 1015 2265 der
1041 2230 1238 2275 religiosen
1255 2229 1481 2264 Erkenntnis
1511 2230 1535 2265 l.
1553 2234 1578 2265 4
1603 2241 1639 2264 n.
1658 2232 1715 2265 32.
1749 2229 1855 2272 Quod
1881 2231 1914 2265 si
1939 2230 2006 2274 qui

258 2284 426 2328 theologi
443 2286 595 2318 tuentur
611 2285 850 2319 revelationis
868 2284 1009 2318 factum
1027 2294 1105 2318 csse
1132 2285 1294 2326 evidens
1321 2284 1365 2318 ut
1390 2285 1422 2317 A
1433 2285 1485 2318 nt
1496 2284 1541 2317 oi
1553 2296 1577 2318 11
1589 2294 1608 2318 0
1633 2284 1747 2319 theol.
1773 2296 1877 2319 univ.
1892 2285 1940 2319 tr.
1957 2283 2007 2318 de

260 2335 331 2370 ride
349 2336 422 2372 div.
441 2349 467 2371 s.
488 2341 503 2370 1
526 2348 558 2371 a.
578 2340 611 2373 3.
630 2338 666 2371 M
678 2348 787 2371 azze
799 2337 811 2371 l
823 2337 833 2371 l
847 2347 869 2371 a
887 2337 931 2371 de
949 2337 1035 2372 virt.
1054 2337 1186 2371 infusis
1204 2337 1298 2382 disp.
1313 2340 1336 2373 3
1353 2348 1384 2371 a.
1400 2340 1422 2372 7
1436 2338 1517 2377 etc„
1534 2337 1741 2382 loquuntur
1757 2337 1803 2372 de
1816 2337 2005 2372 evidentia

262 2388 393 2423 laxiori
412 2400 517 2424 5011511
537 2393 690 2434 accepta
709 2395 745 2424 et
763 2390 895 2424 docent
915 2390 951 2426 1.
969 2390 1018 2424 ad
1046 2400 1128 2423 eam
1154 2389 1382 2424 evidentiam
1408 2389 1619 2423 habendam
1644 2387 1782 2432 requiri
1805 2385 2003 2432 specialem

261 2443 507 2476 attentionem
526 2446 562 2476 et
579 2443 722 2488 ingenii
749 2443 994 2487 sagacitatem
1021 2443 1181 2486 ideoque
1207 2452 1282 2477 non
1309 2453 1386 2477 esse
1417 2442 1602 2481 omnium;
1628 2442 1666 2477 2.
1693 2452 1775 2476 eam
1793 2439 1941 2475 differre
1956 2440 2004 2475 ab

264 2495 450 2529 evidentia
468 2495 708 2529 rationalium
727 2495 928 2529 veritatum
945 2497 983 2530 et.
998 2496 1195 2539 factorum,
1207 2505 1302 2540 qnae
1319 2498 1375 2530 est
1392 2496 1499 2540 quasi
1516 2495 1698 2529 naturalis
1714 2497 1753 2529 et
1767 2493 1906 2529 rationi
1921 2503 2004 2528 oon-

262 2558 363 2582 sona.
382 2559 463 2582 cum
482 2558 556 2582 nou
573 2551 739 2583 versetur
756 2550 849 2582 circa
867 2550 1045 2593 mysteria
1062 2551 1206 2584 creditu
1223 2552 1303 2584 tam
1320 2549 1498 2589 difficilia,
1519 2559 1676 2593 quorum
1692 2547 2004 2592 incomprehensi-

263 2599 389 2634 bilitas
408 2611 551 2646 semper
567 2609 733 2635 moratur
749 2601 963 2636 intellectus
981 2612 1169 2636 assensum
1186 2603 1375 2647 exigitque
1388 2601 1593 2636 voluntatis
1609 2601 1832 2645 impulsum:
1847 2601 2005 2644 ideoque

258 2655 297 2690 3.
313 2664 392 2688 eam
412 2666 487 2689 non
504 2665 582 2689 esse
598 2665 727 2699 parem
753 2655 800 2689 ad
827 2654 1094 2700 exstinguenda
1119 2655 1235 2690 dubia
1262 2655 1393 2689 saltem
1420 2655 1685 2699 imprudentia.
1717 2653 1878 2688 Etiamsi
1893 2654 1933 2690 4.
1946 2664 2005 2688 ex·

259 2711 432 2751 torqueat
451 2718 648 2742 assensum.
668 2710 793 2742 actum
809 2709 935 2742 tamen
953 2708 1038 2742 fidei
1068 2719 1215 2743 manere
1233 2708 1393 2742 liberum
1410 2710 1448 2742 et
1464 2708 1505 2740 in
1534 2719 1589 2753 ge
1600 2718 1726 2748 nere,
1752 2707 1851 2750 quod
1868 2717 1912 2741 ea
1928 2705 2003 2741 evi-

262 2762 388 2794 dentia
406 2771 480 2794 non
500 2761 547 2794 sit
565 2760 652 2795 fidei
669 2762 849 2795 motivum
868 2760 932 2795 sed
949 2763 1150 2796 auctoritas
1169 2761 1246 2801 Dei,
1264 2761 1325 2795 cui
1341 2771 1379 2795 se
1396 2761 1507 2795 homo
1535 2772 1579 2795 ex
1595 2761 1660 2805 pio
1678 2763 1716 2794 et
1731 2760 1850 2795 libero
1866 2758 2004 2794 affeetu

263 2814 417 2859 subjicit-
429 2825 578 2849 assensu
595 2826 706 2859 super
722 2816 846 2849 omnia
859 2818 1013 2860 propter
1030 2816 1152 2861 ipsam
1169 2817 1210 2850 in
1227 2826 1268 2850 ea
1289 2815 1464 2858 sistendo,
1494 2827 1570 2849 non
1598 2814 1824 2848 attendendo
1841 2812 2004 2858 amplius

262 2867 310 2902 ad
327 2867 568 2902 evidentiam:
588 2872 624 2902 et
642 2870 682 2902 in
699 2881 714 2901 s
725 2880 750 2913 p
762 2880 781 2903 e
792 2879 810 2902 c
821 2870 835 2903 i
845 2880 865 2903 e
882 2871 978 2904 circa
996 2870 1143 2914 singula
1161 2870 1352 2914 mysteria.
1370 2868 1476 2910 Quod
1489 2868 1593 2902 sicui
1608 2868 1795 2901 sententia
1806 2866 1900 2902 haec
1912 2866 2004 2902 arri-

262 2922 359 2961 deat,
379 2931 453 2955 non
469 2920 629 2955 multum
645 2923 947 2967 repugnabimus,
975 2933 1058 2956 cum
1076 2934 1208 2967 parum
1225 2923 1375 2956 intersit
1392 2922 1468 2956 sive
1485 2921 1694 2955 affirmatur
1709 2920 1898 2955 evidentia
1913 2920 2003 2954 facti

262 2973 498 3008 revelationis
516 2975 593 3008 sive
609 2976 767 3018 negatur
784 2974 963 3018 (admissa
976 2976 1100 3009 tamen
1119 2986 1262 3009 summa
1280 2974 1445 3020 ejusdem
1464 2973 1712 3019 certitudine),
1727 2972 1925 3007 dummodo
1942 2972 2003 3007 de-

259 3027 437 3062 fendatur
454 3027 542 3062 hinc
558 3026 707 3071 quidem
726 3027 811 3061 fidei
828 3028 900 3062 lib
912 3038 931 3062 e
941 3039 960 3061 r
970 3030 986 3062 t
997 3039 1018 3062 a
1029 3039 1045 3061 s
1064 3029 1252 3073 (physica).
1269 3027 1355 3062 inde
1372 3038 1459 3062 vero
1477 3027 1628 3062 evidens
1645 3037 1666 3060 0
1679 3027 1703 3061 b
1715 3027 1788 3073 lig
1797 3037 1819 3061 a
1828 3027 1901 3060 tio
1919 3036 2003 3061 ean-

262 3081 346 3115 dem
365 3080 625 3125 amplectendi.
646 3080 725 3115 Erit
743 3081 791 3115 lis
810 3081 855 3115 de
872 3081 995 3123 verbo,
1014 3093 1089 3116 non
1106 3082 1150 3115 (10
1167 3092 1217 3115 re.
1718 3076 1721 3077 ⁷
