2175 3382
786 141 1035 185 independens
1055 142 1109 175 est
1127 151 1149 175 a
1168 142 1346 175 societate
1364 141 1461 175 civili
1904 145 1991 186 283

249 276 376 302 mores
399 266 439 302 et
459 264 635 314 regimen
657 263 861 313 spirituale
893 227 1124 312 pertinenti)
1150 264 1251 300 Hinc
1281 265 1411 312 potest
1444 263 1489 300 ‹le
1521 263 1853 300 instructionibus
1880 263 1988 312 judi-

250 336 344 369 care,
368 336 463 371 quas
484 323 679 361 Ecclesiae
700 324 872 372 pastores
893 322 941 359 ad
967 322 1295 361 conscientiarum
1310 334 1489 359 normam
1506 334 1574 369 pro
1591 334 1660 358 suo
1676 335 1837 359 munere
1853 322 1992 359 edunt.

250 383 348 431 quin
369 382 486 419 etiam
507 384 639 430 potest
661 382 706 419 de
729 381 954 419 divinorum
978 383 1311 419 sacramentorum
1334 380 1678 419 administratione
1701 384 1740 418 et
1763 381 1986 446 dispositio-

249 442 366 479 nibus
388 441 435 478 ad
457 453 501 478 ea
522 440 768 489 suscipienda
789 440 1018 477 necessariis
1041 441 1288 478 decernere«
1334 439 1384 476 Cf.
1410 440 1510 476 infra
1542 452 1577 478 n.
1604 446 1684 479 396
1711 449 1750 479 θ.
1777 447 1851 479 45:
1887 440 1987 493 »Tc-

249 503 335 550 tugi
357 500 576 537 scholarum
598 499 845 548 publicarum
867 499 1054 549 regi-[gem
1092 499 1133 536 in
1164 499 1310 548 quibus
1329 499 1522 546 juventus
1556 499 1787 535 christianae
1820 500 1989 546 alicujus

248 559 487 608 reipublicae
509 557 748 603 instituitur,
772 558 1055 607 episcopalibus
1079 558 1284 595 dumtaxat
1320 557 1541 594 seminariis
1577 557 1707 605 aliqua
1739 559 1889 595 ratione
1924 571 1988 594 ex-

250 618 386 667 ceptis,
418 619 547 666 potest
568 629 611 654 ac
633 617 748 654 debet
777 617 942 654 attribui
973 617 1201 654 auctoritati
1233 616 1350 660 civili,
1384 618 1423 653 et
1454 617 1509 653 ita
1542 616 1701 664 quidem
1733 617 1907 659 attribui,
1944 620 1987 653 ut

249 677 408 714 nullum
429 676 497 713 alii
518 676 737 723 cuicunque
771 676 996 713 auctoritati
1028 678 1329 725 recognoscatur
1355 676 1422 723 jus
1455 675 1700 712 immiscendi
1732 688 1770 712 se
1802 676 1842 712 in
1875 676 1989 712 disci-

249 736 358 785 plina
374 735 603 779 scholarum,
629 735 669 771 in
681 734 875 784 regimine
897 735 1128 779 scholarum,
1153 735 1195 772 in
1216 734 1413 784 graduum
1436 735 1654 778 collatione,
1679 734 1719 771 in
1743 735 1895 771 delectu
1920 742 1985 771 aut

249 794 528 843 approbatione
550 794 838 843 magistrorum.
882 800 933 834 46
950 777 1072 831 :⁸1mo
1094 794 1135 831 in
1157 794 1250 842 ipsis
1273 793 1505 830 clericorum
1528 793 1747 844 serninaijis
1780 793 1987 830 methodus

249 853 473 891 studiorum
494 852 713 890 adhibenda
745 853 851 890 civili
881 853 1103 890 auctoritati
1138 845 1384 901 subjicitur?
1405 859 1456 892 47
1483 856 1520 889 et
1544 858 1618 892 48:
1653 852 1864 890 Catholicis
1895 852 1991 889 viri>-

249 912 406 961 probari
427 914 556 961 potest
577 925 619 949 ea
637 912 861 961 juventutis
883 912 1152 949 instituendae
1174 911 1286 956 ratio,
1324 924 1423 959 quae
1447 912 1499 948 sit
1521 925 1542 948 a
1564 911 1753 949 catholica
1774 911 1849 948 fide
1881 914 1920 949 et
1942 911 1989 948 ab

249 971 441 1009 Ecclesiae
461 972 655 1020 potestate
687 971 874 1019 sejuncta,
910 983 1086 1019 qua-eque
1117 984 1250 1009 rerum
1281 971 1485 1007 dumtaxat
1506 970 1748 1008 naturalium
1782 970 1988 1007 scientiam

250 1042 292 1067 ac
313 1032 490 1068 terrenae
512 1030 665 1067 socialis
687 1030 792 1067 vitae
814 1029 910 1067 fines
931 1030 1203 1068 tantummodo
1236 1030 1298 1066 vel
1322 1030 1462 1066 saltem
1484 1029 1674 1078 primario
1707 1032 1866 1078 spectet.
1913 1035 1962 1069 28
1982 1044 1989 1066 z

253 1095 326 1130 33:
350 1090 437 1126 Non
458 1089 631 1138 pertinet
652 1089 765 1126 unice
788 1089 833 1125 ad
857 1089 1152 1126 ecclesiasticam
1170 1088 1464 1137 jurisdictionis
1487 1091 1722 1137 potestatem
1757 1089 1912 1137 proprio
1948 1100 1991 1125 ac

250 1148 382 1186 nativo
399 1149 490 1196 jure
513 1148 680 1197 dirigere
702 1148 1013 1197 theologicarum
1035 1160 1165 1185 rerum
1190 1148 1448 1185 doctrinam<<

368 1227 492 1269 Hisce
514 1226 876 1280 propositionibus
899 1228 1141 1268 auctoritati
1173 1227 1283 1267 civili
1315 1227 1518 1267 asseritur
1540 1227 1828 1267 instructionis
1851 1226 1989 1278 publi-

251 1310 327 1339 cae
354 1298 645 1350 monopolium
679 1302 720 1338 et
751 1298 1052 1338 instructiones
1075 1302 1295 1350 pastorum
1317 1297 1544 1346 Ecclesiae,
1577 1302 1711 1338 totum
1743 1297 1987 1338 scholarum

250 1369 516 1421 publicarum
539 1369 755 1410 societatis
778 1369 1036 1409 christianae
1058 1369 1249 1421 regimen
1280 1381 1331 1409 ac
1363 1368 1588 1409 methodus
1620 1368 1662 1408 in
1688 1368 1788 1420 ipsis
1811 1368 1986 1409 clerico-

249 1452 344 1481 rum
378 1440 617 1481 seminariis
652 1439 894 1480 adhibenda
929 1451 1136 1480 censurae
1183 1445 1224 1480 et
1267 1439 1520 1491 inspectioni
1555 1440 1820 1480 auctoritatis
1856 1439 1990 1479 civilis

250 1511 550 1564 subjiciuntur:
587 1511 662 1553 sed
697 1523 825 1564 quam
859 1516 1145 1564 praepostere.
1201 1511 1310 1553 Nam
1346 1512 1507 1560 omnia,
1549 1522 1658 1564 quae
1693 1510 1746 1551 ad
1781 1510 1987 1551 homines.

250 1587 462 1635 quatenus
485 1587 583 1623 sunt
605 1583 731 1632 cives,
754 1587 960 1635 spectant,
983 1583 1149 1635 disponi
1173 1583 1378 1635 dirigique
1401 1583 1460 1623 ita
1483 1582 1650 1630 debent,
1673 1586 1719 1622 ut
1741 1581 1993 1622 ordinentur

249 1653 292 1693 in
323 1653 413 1706 ejus
444 1653 641 1694 ultimum
674 1652 813 1702 finem,
846 1653 911 1694 vel
943 1654 1094 1694 saltem
1126 1654 1250 1706 hujus
1281 1654 1594 1694 assecutionem
1627 1665 1714 1693 non
1736 1651 1990 1704 impediant:

251 1724 334 1764 hoc
366 1725 477 1764 enim
511 1724 637 1776 exigit
669 1725 734 1765 vel
765 1725 874 1765 ratio
907 1737 1025 1767 sana.
1067 1724 1195 1777 Atqui
1225 1725 1396 1765 ultimus
1420 1725 1641 1765 hominum
1663 1723 1755 1764 finis
1791 1728 1853 1764 est
1876 1723 1991 1763 salus

252 1798 427 1836 aeterna
450 1807 527 1847 per
550 1794 675 1836 fidem
698 1800 740 1836 et
761 1795 877 1836 bona
900 1807 1032 1847 opera
1054 1796 1096 1836 in
1117 1795 1306 1836 Ecclesia
1329 1795 1570 1839 obtinenda.
1609 1795 1715 1846 Ergo
1739 1794 1906 1847 publica
1928 1794 1990 1834 in-

248 1865 409 1906 stitutio
432 1866 528 1907 talis
551 1877 645 1908 esse
668 1866 794 1908 debet
817 1878 868 1908 ex
886 1867 981 1919 jure
1004 1866 1069 1907 vel
1091 1867 1361 1915 naturali,
1392 1872 1437 1907 ut
1460 1867 1611 1908 saltem
1634 1878 1722 1907 non
1744 1865 1993 1906 adversetur

247 1935 342 1977 fidei
357 1936 409 1977 ad
424 1937 606 1978 salutem
622 1939 904 1978 necessariae.
928 1937 1054 1990 Atqui
1070 1949 1196 1978 omne
1206 1938 1412 1990 judicium
1440 1938 1491 1979 de
1514 1938 1530 1978 f
1537 1938 1549 1978 i
1562 1937 1587 1978 d
1602 1949 1624 1978 e
1648 1937 1783 1989 deque
1799 1936 1990 1976 doctrina

249 2007 288 2047 ei
312 2008 530 2048 contraria
558 2012 722 2060 spectat
744 2008 799 2049 ad
818 2008 1061 2051 Ecclesiam.
1114 2007 1381 2061 Quapropter
1403 2009 1616 2050 Ecclesiae
1639 2007 1893 2048 vindicanda
1928 2012 1993 2047 est.

248 2078 479 2118 auctoritas
502 2078 557 2119 ad
581 2079 858 2120 directionem
882 2079 1137 2127 scholarum,
1160 2084 1366 2132 quantum
1389 2081 1478 2132 ipse
1501 2079 1596 2120 finis
1611 2078 1823 2119 Ecclesiae
1846 2084 1989 2130 postu-

245 2148 316 2195 lat,
339 2148 532 2202 adeoque
558 2150 837 2191 asserendum
860 2154 923 2191 est
946 2151 984 2191 ei
1001 2151 1071 2203 jus
1095 2155 1135 2191 et
1158 2150 1342 2192 officium
1366 2150 1652 2203 prospiciendi
1674 2149 1770 2190 fidei
1794 2154 1834 2190 et
1857 2149 1988 2188 mori-

247 2218 326 2260 bus
356 2219 598 2262 christianis
625 2222 858 2274 Juventutis
891 2221 1127 2262 catholicae
1158 2222 1325 2274 hocque
1356 2222 1447 2275 ipso
1483 2221 1676 2269 cavendi,
1715 2232 1768 2261 ne
1800 2220 1987 2272 pretiosa

246 2290 354 2331 haec
387 2290 502 2332 bona
540 2303 615 2344 per
649 2293 787 2344 ipsam
819 2292 1126 2333 institutionem
1162 2293 1203 2332 in
1235 2293 1392 2333 scholis
1430 2295 1768 2344 corrumpantur.
1822 2290 1925 2330 Hinc
1958 2303 1987 2332 s,

247 2360 280 2401 T
291 2361 318 2401 h
331 2374 355 2402 o
368 2375 409 2402 m
423 2374 448 2402 a
461 2376 480 2403 s
504 2375 650 2415 opusc,
668 2366 723 2406 14
738 2367 888 2404 contra
902 2363 1199 2415 impugnantes
1214 2362 1287 2403 Dei
1304 2363 1462 2403 cultum
1479 2374 1514 2403 e.
1533 2366 1557 2405 3
1574 2362 1738 2420 scribit:
1760 2360 1989 2412 „Ordinare

246 2519 385 2563 dosque
402 2520 441 2553 in
460 2520 511 2554 eis
530 2531 647 2555 mores
675 2521 895 2555 christianos
920 2522 1192 2565 perpetrantur,
1220 2520 1286 2553 illa
1314 2521 1371 2554 est
1397 2519 1454 2554 vel
1486 2521 1643 2554 maxime
1671 2520 1888 2565 perniciosa,
1916 2530 1986 2562 quai

245 2572 472 2607 fraudulenti
490 2573 658 2608 homines
678 2573 916 2614 contendunt,
932 2573 1075 2607 scholas
1091 2582 1215 2606 omnes
1229 2572 1424 2607 directioni
1440 2584 1480 2607 ac
1495 2573 1648 2607 arbitrio
1665 2573 1777 2607 solius
1791 2573 1988 2618 potestatis

246 2626 363 2660 laicae
381 2626 627 2671 subjiciendas
647 2638 736 2667 esse,
754 2627 808 2660 ita
826 2628 867 2660 ut
886 2628 1085 2660 auctoritas
1105 2626 1287 2660 Ecclesiae
1315 2627 1361 2660 ad
1387 2627 1655 2671 providendum
1673 2627 1869 2672 religiosae
1886 2627 1988 2660 insti-

246 2679 385 2713 tutioni
402 2680 439 2713 et
456 2680 667 2715 educationi
681 2681 889 2725 juventutis
908 2681 1129 2714 christianae
1148 2681 1298 2714 omnino
1325 2680 1562 2724 impediatur.
1599 2680 1694 2722 Quin
1713 2689 1754 2714 eo
1774 2690 1888 2723 usquc
1907 2689 1986 2724 pro-

247 2733 362 2776 gressi
381 2733 477 2773 sunt,
495 2735 537 2766 ut
554 2734 673 2777 ipsam
694 2734 916 2767 catholicam
934 2733 1151 2778 religionem
1171 2744 1193 2766 a
1209 2732 1359 2777 publica
1378 2733 1596 2767 educatione
1615 2743 1747 2774 arcere,
1776 2734 1887 2776 atque
1908 2734 1986 2766 uni-

246 2794 368 2818 versas
386 2785 527 2819 scholas
545 2786 683 2820 nullius
702 2786 937 2830 professionis
955 2786 1159 2830 religiosae,
1179 2786 1242 2820 sed
1260 2786 1444 2820 literarias
1462 2787 1719 2820 tantummodo
1749 2795 1824 2820 esse
1854 2786 1985 2819 debere

247 2837 382 2872 dicant,
417 2837 551 2872 Contra
568 2838 781 2883 hujusmodi
808 2849 916 2872 sanae
945 2838 1134 2872 doctrinae
1161 2849 1378 2883 morumque
1408 2839 1637 2883 corruptelas
1665 2848 1707 2872 ex
1736 2839 1815 2882 ipso
1835 2838 1904 2871 fine
1924 2838 1986 2870 Et·-

249 2890 380 2924 clesiae
398 2902 417 2924 a
437 2890 581 2926 Christo
602 2892 790 2926 Salvatore
807 2890 998 2935 fundatae,
1017 2892 1059 2924 ut
1076 2890 1243 2925 homines
1261 2902 1325 2936 per
1344 2892 1545 2925 salutarem
1563 2892 1670 2925 fidem
1691 2901 1733 2924 ac
1751 2890 1985 2934 disciplinam

245 2943 410 2977 docendo
428 2945 665 2989 regendoque
684 2946 730 2978 ad
748 2945 863 2979 vitani
881 2946 1070 2978 aeternam
1088 2944 1256 2985 adducat,
1286 2944 1332 2978 ab
1363 2946 1535 2979 omnibus
1565 2944 1837 2989 agnoscendum
1856 2946 1909 2977 est
1925 2943 1985 2987 jus

248 3000 284 3031 et
302 2996 474 3037 officium,
489 3008 564 3046 'quo
583 2998 664 3042 ipsa
680 2998 892 3042 pervigilat,
912 2999 953 3031 ut
969 2997 1140 3041 juventus
1160 2998 1344 3032 catholica
1361 2998 1399 3032 in
1418 2998 1546 3042 primis
1575 3006 1659 3031 vera
1687 2997 1757 3030 fide
1786 2997 1822 3030 et
1850 2996 1985 3029 sanctis

248 3049 411 3084 moribus
441 3050 511 3097 rite
540 3051 792 3084 instituatur.‘
829 3050 882 3087 Cf.
915 3051 1042 3084 contra
1072 3050 1137 3085 hos
1167 3051 1297 3085 noxios
1328 3061 1464 3085 errores
1497 3050 1519 3084 S
1531 3052 1576 3084 te
1588 3052 1637 3083 nt
1649 3062 1665 3083 r
1677 3062 1699 3083 u
1711 3062 1734 3094 p
1767 3048 1986 3082 solidissime

248 3102 503 3147 disputantem
520 3102 559 3136 in
578 3102 751 3136 Zeitschr.
772 3102 831 3136 fiir
848 3103 950 3137 kath.
969 3102 1094 3137 Theol.
1118 3104 1205 3138 1895
1224 3115 1259 3147 p.
1283 3104 1347 3138 193
1367 3115 1413 3137 ss.
