2175 3382
228 151 313 192 4Q2
435 147 554 179 Tract.
577 145 636 179 lll.
655 145 699 179 de
719 145 889 189 primatu.
908 145 1034 178 'l'liesis
1054 144 1230 178 LXXVII.
1254 144 1291 177 ln
1312 144 1502 178 haeresum
1521 144 1757 178 damnatione

229 282 376 306 veneno
401 269 563 305 infectos
585 280 719 305 curare
741 268 859 305 etiam
882 268 1123 317 satagebant.
1159 268 1404 315 Quapropter
1425 279 1513 303 cum
1536 266 1802 303 Coelestin
1816 280 1870 303 us
1900 279 1969 304 au-

229 329 362 372 disset,
386 327 608 377 Agricolam
631 327 828 376 quendam
852 327 1061 363 Hiberniae
1084 326 1263 364 ecclesias
1294 338 1520 374 perversum
1554 325 1624 361 hoc
1647 325 1787 375 dogma
1820 325 1969 369 docere,

228 390 330 425 teste
353 387 606 434 Prospero
629 386 670 423 in
693 386 824 423 chron.
847 385 893 422 ad
917 399 948 422 a.
974 392 1069 429 4:3⁴2,
1096 385 1277 430 ,actione
1302 384 1449 421 Paladii
1473 383 1624 421 diaconi
1641 384 1878 421 Germanum
1901 396 1970 421 an-

229 446 524 484 tisiodorensem
548 445 769 494 episcopum
794 445 876 482 vice
899 457 971 482 sua
992 445 1129 489 mittit,
1157 446 1204 481 ut
1230 443 1449 481 deturbatis
1472 443 1678 480 haereticis
1700 442 1902 480 britannos
1923 442 1971 480 ad

230 505 456 543 catholicam
480 504 593 542 fidem
617 504 773 553 dirigat.
785 509 801 527 ‘¹
827 503 1196 552 Apollinaristarum
1212 502 1403 540 haeresim
1419 502 1596 550 quamvis
1611 502 1651 539 in
1668 501 1826 539 Oriente
1840 504 1972 539 natam

230 565 261 601 D
274 577 295 602 a
307 578 342 601 m
356 578 376 602 a
388 576 405 601 s
418 577 443 601 u
456 577 473 602 s
497 564 537 601 in
558 563 697 612 primis
720 563 921 600 damnavit
943 562 1049 600 edita
1064 562 1303 600 confessione
1318 561 1507 598 catholica
1523 558 1571 611 (a.
1590 557 1702 613 378).
1717 560 1973 599 Jovinianum

231 623 434 661 damnavit
466 623 704 660 Siricius.
748 622 994 670 Quapropter
1016 621 1323 659 Ambrosius
1355 633 1441 657 cum
1475 620 1561 657 aliis
1593 619 1782 668 episcopis
1815 619 1892 668 ipsi
1912 631 1972 657 re-

231 683 368 720 scribit
399 695 457 731 ep.
483 688 504 722 8
540 681 662 731 (inter
685 681 813 718 Siricii
845 677 943 733 ep.):
978 680 1316 729 „Recognovimus
1350 679 1477 716 literis
1509 678 1727 717 sanctitatis
1757 681 1851 716 tuae
1880 678 1973 716 boni

230 742 399 790 pastoris
431 741 625 785 excubias,
659 740 727 788 qui
759 739 975 788 diligenter
1006 740 1251 777 commissam
1283 739 1356 776 tibi
1385 739 1547 785 januam
1571 750 1700 776 serves
1722 739 1762 775 et
1784 737 1848 786 pia
1868 738 1974 776 solli-

231 801 406 838 citudine
429 800 571 838 Christi
605 799 705 836 ovile
728 798 938 842 custodias,
971 798 1114 848 dignus
1139 811 1256 847 quem
1279 810 1370 836 oves
1393 797 1540 835 Christi
1563 797 1725 835 audiant
1747 799 1787 834 et
1807 809 1974 845 sequan-

230 869 309 906 tur,
342 868 382 897 et
412 860 497 897 ideo
530 859 622 907 quia
651 857 757 895 nosti
787 857 960 895 oviculas
984 857 1139 903 Christi,
1173 858 1288 906 lupos
1320 856 1433 894 facile
1464 856 1723 905 deprehendis
1746 858 1786 894 et
1807 855 1975 894 occurris

231 920 342 967 quasi
364 919 550 968 providus
573 920 715 966 pastor,
753 928 801 953 ne
825 915 894 953 isti
916 910 1112 953 morsibus
1134 915 1321 965 perfidiae
1344 928 1435 953 suae
1458 916 1647 964 feralique
1668 915 1831 952 ululatu
1851 914 1975 953 domi·

230 978 363 1016 nicum
385 978 485 1015 ovile
508 977 775 1025 dispergant«

350 1061 395 1097 In
428 1060 562 1109 primis
586 1071 677 1097 vere
707 1070 888 1095 romanae
921 1057 1022 1094 sedis
1057 1057 1253 1106 primatus
1276 1057 1451 1094 cernitur
1472 1057 1513 1094 in
1535 1057 1785 1095 damnatione
1807 1057 1976 1095 haeresis

229 1119 569 1157 nestorianae
601 1119 640 1155 et
671 1116 1031 1166 eutychianae.
1077 1116 1128 1153 Et
1158 1116 1264 1164 quod
1296 1118 1445 1165 spectat
1476 1116 1668 1154 haeresim
1699 1116 1975 1162 nestorianam,

233 1178 401 1216 sufficiet
422 1177 654 1226 expendisse
675 1176 813 1213 literas
836 1176 942 1212 ultro
966 1176 1143 1221 citroque
1165 1175 1318 1221 missas,
1352 1177 1397 1212 ut
1420 1175 1581 1223 liqueat.
1607 1176 1801 1224 synodum
1822 1175 1976 1224 ephesi-

231 1251 320 1275 nam
343 1235 391 1291 (a.
415 1234 516 1287 431)
540 1235 697 1274 nonnisi
719 1235 959 1272 exsecutioni
981 1234 1186 1272 mandasse
1209 1234 1417 1272 Coelestini
1434 1234 1643 1283 judicium.
1687 1234 1785 1272 Sane
1808 1235 1978 1284 Cyrinus

231 1309 308 1334 non
331 1296 449 1334 audet
470 1295 696 1333 Nestorium
720 1294 916 1336 damnare,
940 1296 1154 1342 antequam
1176 1296 1299 1330 totam
1322 1305 1478 1331 cansam
1502 1293 1549 1330 ad
1573 1293 1704 1331 sedem
1726 1293 1977 1343 apostolicam

230 1355 415 1393 retulerit
434 1352 487 1408 1);
517 1353 762 1393 coelestinus
785 1353 1046 1390 damnationis
1070 1353 1302 1390 sententiam
1325 1352 1475 1401 profert
1497 1353 1663 1401 ejusque
1685 1352 1978 1391 exsecutionem

232 1415 375 1464 Cyrillo
408 1414 617 1452 demandat
647 1413 702 1450 ita
732 1413 779 1450 ad
811 1425 901 1450 eum
933 1425 991 1461 ep.
1018 1419 1041 1452 4
1065 1425 1102 1449 n.
1128 1419 1151 1452 4
1175 1412 1366 1449 scribens:
1401 1412 1674 1456 ,Auctoritate
1702 1412 1827 1462 igitur
1846 1413 1976 1450 tecum

228 1476 388 1511 nostrae
420 1473 521 1511 sedis
553 1472 714 1513 adscita.
747 1473 882 1509 nostra
904 1472 987 1508 vice
1018 1483 1131 1519 usus,
1163 1471 1262 1508 hanc
1284 1470 1508 1519 exsequeris
1531 1470 1710 1509 districto
1734 1471 1868 1521 vigore
1889 1483 1978 1509 sen-

228 1533 407 1578 tentiam,
430 1534 477 1570 ut
499 1534 568 1570 aut
590 1532 697 1569 intra
718 1531 850 1568 decem
873 1530 956 1568 dies
978 1531 1025 1568 ab
1049 1531 1168 1579 hujus
1192 1530 1462 1568 conventionis
1486 1530 1549 1567 die
1563 1530 1826 1568 numerandos
1841 1541 1978 1579 pravas

231 1592 540 1641 praedicationes
571 1603 662 1629 suas
697 1590 846 1639 scripta
875 1590 1117 1639 professione
1149 1589 1393 1635 condemnet,
1425 1591 1465 1626 et
1494 1589 1592 1627 hanc
1624 1601 1663 1627 se
1695 1590 1741 1627 de
1772 1589 1980 1627 nativitate

228 1652 376 1688 Christi
400 1651 469 1689 Dei
499 1650 624 1689 nostri
659 1649 775 1687 fidem
798 1652 933 1686 tenere
956 1649 1169 1693 confirmet,
1202 1662 1322 1696 quam
1345 1651 1384 1686 et
1405 1661 1564 1686 romana
1585 1651 1625 1686 et
1645 1650 1737 1686 tuae
1759 1648 1980 1686 sanctitatis

228 1711 391 1748 ecclesia
411 1713 451 1748 et
471 1709 709 1748 universalis
731 1708 888 1746 devotio
910 1710 1039 1754 tenet3
1063 1711 1134 1745 aut
1154 1708 1231 1745 nisi
1255 1708 1326 1745 hoc
1347 1707 1493 1751 fecerit,
1517 1720 1605 1745 mox
1628 1707 1816 1746 sanctitas
1837 1709 1907 1745 tua
1919 1707 1980 1744 illi

229 1769 415 1807 ecclesiae
448 1769 668 1819 provisura,
701 1781 723 1805 a
743 1770 879 1805 nostro
901 1780 988 1805 eum
1010 1779 1169 1816 corpore
1191 1767 1318 1804 modis
1340 1767 1525 1804 omnibus
1549 1766 1648 1804 sciat
1669 1779 1752 1804 esse
1773 1779 1978 1805 removen-

230 1829 338 1866 dum.
349 1835 366 1853 «
403 1829 457 1867 Cf.
480 1842 540 1877 ep.
570 1835 617 1868 13
642 1840 680 1865 n.
709 1835 771 1867 11.
808 1826 914 1871 Quae
937 1826 1135 1864 sententia
1157 1826 1316 1863 Domini
1337 1828 1411 1875 sui,
1448 1828 1495 1863 ut
1517 1826 1696 1875 loquitur
1716 1826 1888 1864 Joannes
1909 1838 1977 1863 an-

233 1888 437 1926 tiochenus
469 1901 527 1937 ep.
557 1895 573 1927 1
601 1887 649 1924 ad
672 1886 778 1923 Nest.
801 1899 838 1925 n.
873 1893 909 1931 3,
933 1886 1010 1935 ipsi
1033 1885 1118 1923 visa
1150 1888 1212 1922 est
1228 1886 1348 1934 justa,
1381 1885 1477 1923 adeo
1508 1887 1555 1922 ut
1585 1885 1810 1923 hortaretur
1835 1885 1977 1922 Nesto-

234 1947 337 1984 rium
369 1947 418 1985 ad
447 1946 779 1990 retractationem,
814 1945 994 1994 quamvis
1025 1945 1220 1982 terminus
1252 1944 1484 1993 praefinitus
1507 1945 1622 1982 valde
1654 1947 1848 1994 angustus
1873 1945 1980 1981 esset

235 2006 296 2052 (cf.
319 2007 404 2046 Act.
428 2018 532 2044 conc.
556 2005 686 2053 ephes.
709 2017 745 2053 p.
780 2012 791 2043 l
822 2017 851 2042 c.
891 2002 970 2055 15).
1012 2004 1073 2041 Ad
1106 2004 1301 2053 synodum
1332 2003 1494 2041 interim
1525 2006 1772 2041 convocatam
1803 2003 1979 2052 pontifex

234 2066 383 2114 legatos
404 2066 540 2109 mittit,
574 2064 641 2102 sed
669 2063 738 2112 qui
758 2066 916 2101 tantum
939 2067 1088 2109 curent,
1121 2069 1168 2100 ut
1189 2063 1384 2100 sententia
1405 2064 1485 2100 lata
1506 2062 1747 2100 exsecutioni
1769 2062 1980 2100 mandetur

235 2124 309 2174 (ep.
339 2132 400 2165 17.
426 2131 478 2167 1²3
502 2138 542 2162 n.
568 2121 631 2176 5);
664 2123 872 2160 concilium
906 2122 1144 2160 sententiam
1176 2122 1295 2159 latam
1326 2122 1517 2170 approbat
1548 2122 1721 2159 scribens
1742 2121 1791 2159 ad
1812 2121 1979 2169 impera-

235 2188 381 2221 torem:
400 2210 416 2228 »
427 2184 557 2232 Hujus
580 2182 636 2220 rei
659 2193 775 2219 causa
796 2181 1024 2219 Nestorium
1047 2181 1207 2229 quidem
1229 2194 1250 2217 a
1273 2181 1488 2218 sacerdotio
1511 2183 1550 2219 et
1571 2180 1782 2228 pestilente
1802 2180 1981 2218 doctrina

237 2255 383 2280 cessare
402 2243 594 2291 jussimus
617 2241 841 2279 canonicam
863 2240 904 2277 in
927 2253 1017 2278 eum
1041 2239 1279 2278 sententiam
1302 2241 1545 2288 proferentes
1575 2242 1615 2277 et
1637 2239 1906 2277 collaudantes
1929 2251 1981 2277 ss.

237 2301 461 2350 episcopum
482 2313 647 2351 magnae
669 2300 810 2338 Romae
833 2300 1109 2344 Coelestinum,
1134 2300 1202 2348 qui
1224 2301 1314 2336 ante
1337 2302 1510 2336 nostram
1533 2299 1766 2336 sententiam
1787 2298 1981 2336 haeretica

237 2361 404 2398 Nestorii
429 2361 612 2410 dogmata
634 2359 846 2404 damnavit,
883 2361 923 2396 et
945 2363 1035 2396 ante
1058 2371 1127 2396 nos
1151 2359 1383 2396 sententiam
1407 2358 1447 2395 in
1469 2358 1600 2406 ipsum
1621 2357 1719 2395 tulit
1739 2357 1980 2406 prospiciens

238 2419 440 2456 securitati
463 2419 713 2457 ecclesiarum
735 2420 775 2455 et
796 2418 882 2467 piae
906 2423 1143 2466 sanctaeque
1169 2417 1259 2455 fidei
1281 2421 1384 2454 etcss
1427 2417 1477 2454 Et
1499 2417 1664 2454 iterum:
1691 2416 1890 2460 ,Ooacti
1912 2429 1982 2465 per

239 2490 285 2515 ss.
317 2490 480 2515 canones
513 2480 552 2515 et
583 2478 790 2526 epistolam
824 2490 870 2514 ss.
893 2477 1059 2525 patris
1090 2477 1217 2515 nostri
1249 2478 1289 2514 et
1322 2476 1582 2514 comministri
1605 2475 1813 2514 Coelestini
1836 2505 1844 2512 .
1867 2505 1875 2513 .
1899 2504 1906 2512 .
1933 2475 1981 2512 ad

237 2537 447 2587 lugubrem
479 2537 577 2574 hanc
608 2538 741 2574 contra
771 2549 861 2574 eum
904 2536 1142 2574 sententiam
1172 2535 1468 2573 necessario
1500 2535 1679 2573 venimus
1711 2534 1830 2585 (apud
1862 2534 1981 2571 Har-

239 2596 395 2633 douin
415 2595 444 2637 I.
474 2602 582 2635 1422
608 2596 762 2633 collatis
784 2595 915 2632 verbis
937 2595 1059 2632 Firmi
1081 2608 1139 2644 ep.
1163 2607 1261 2632 caes.
1284 2595 1336 2632 ib.
1365 2592 1533 2647 1471).«
1560 2593 1685 2637 Quare
1706 2593 1982 2642 Philippus

237 2667 332 2692 rom.
365 2654 466 2692 sedis
496 2654 675 2703 legatus:
711 2681 728 2698 »
740 2654 895 2692 Gratias
918 2655 1080 2704 agimus,
1114 2654 1256 2703 inquit,
1290 2655 1447 2691 sanctae
1478 2653 1802 2701 venerandaeque
1823 2652 1982 2701 synodo,

240 2714 344 2762 quod
376 2713 500 2750 literis
536 2713 662 2750 sancti
683 2713 868 2761 beatique
889 2726 1012 2763 papae
1034 2713 1161 2751 nostri
1189 2712 1303 2750 vobis
1325 2712 1512 2757 recitatis,
1544 2714 1677 2749 sancta
1697 2711 1872 2748 membra
1893 2723 1980 2748 san-

241 2772 312 2810 ctis
332 2772 472 2810 vestris
494 2772 654 2809 vocibus
688 2775 823 2810 sancto
846 2773 964 2821 capiti
988 2772 1133 2810 sanctis
1155 2771 1271 2809 etiam
1297 2771 1435 2808 vestris
1456 2770 1802 2808 exclamationibus
1822 2782 1891 2808 vos
1913 2770 1980 2807 ad-

234 2831 462 2880 junxeritis.
505 2830 594 2868 Non
626 2831 731 2867 enim
762 2831 920 2880 ignorat
940 2835 1072 2868 vestra
1093 2830 1308 2875 beatitudo,
1344 2829 1468 2867 totius
1489 2829 1580 2867 fidei
1602 2830 1663 2867 vel
1686 2829 1803 2867 etiam
1823 2830 1981 2878 aposto-

387 2956 412 3002 ¹)
430 2956 497 3000 Ep.
516 2959 537 2990 2
555 2956 603 2990 al.
622 2959 655 2991 8.
675 2956 769 2989 Hinc
786 2957 815 2989 A
828 2968 879 2990 rn
892 2967 911 2990 o
923 2956 1005 2990 biu
1017 2968 1032 2990 s
1060 2957 1084 2991 1.
1102 2959 1123 2990 2
1142 2956 1186 2990 de
1205 2955 1308 2990 confi.
1327 2966 1409 2989 cum
1429 2954 1553 2999 Ser-ap.
1572 2955 1641 2988 hac
1660 2955 1704 2989 de
1722 2964 1831 2989 causa
1847 2954 1974 2988 refert:

245 3009 298 3049 ,S.
318 3008 515 3053 Cyrillu
530 3020 546 3042 s
566 3035 574 3042 .
594 3035 602 3043 .
623 3036 630 3043 .
650 3008 696 3042 ad
716 3020 742 3044 S.
762 3008 1007 3042 Coelestinum
1028 3009 1253 3053 apostolicae
1271 3008 1541 3042 recordationis
1560 3007 1661 3041 misit
1678 3007 1822 3041 dicens:
1841 3007 1887 3040 ad
1904 3005 1981 3040 lau-

243 3062 324 3096 dem
346 3073 450 3096 suam
466 3062 662 3107 pertinere,
682 3060 712 3095 si
731 3062 777 3095 ab
796 3072 849 3100 eo,
869 3062 931 3105 qui
950 3062 1190 3106 pontificatus
1217 3072 1335 3095 arcem
1354 3062 1515 3101 tenebat,
1542 3061 1676 3094 fuisset
1701 3059 1843 3104 aliquid
1860 3069 1980 3094 emen-

251 3116 413 3149 datum.‘
450 3115 502 3150 Cf.
522 3114 698 3160 epistolas
715 3114 755 3148 in
772 3115 840 3148 hac
858 3125 965 3148 causa
984 3125 1104 3159 opusc.
1122 3116 1149 3149 t.
1168 3114 1299 3149 XVlII.

2171 2420 2175 2431 -
2173 2390 2175 2396 .
2163 1738 2175 2380 -Q-ln-a—mffln-e-—m———Qss
2170 1710 2175 1729 ...
2164 1599 2175 1697 -Λ-ι
