2175 3382
705 110 756 144 De
774 109 846 144 fide
864 109 1001 148 divina,
1019 109 1214 150 catholica,
1233 110 1491 144 ecclesiastica.
1871 115 1956 156 521

223 227 320 270 fidei
343 229 537 270 meritum
571 233 613 269 et
643 233 688 269 ut
721 227 1039 269 connaturalius
1061 239 1136 280 per
1159 240 1385 269 commune
1418 234 1458 269 et
1483 228 1646 270 visibile
1669 230 1958 281 magisterium

222 299 466 341 obtineatur
487 299 679 340 omnium
702 299 743 339 in
767 298 979 339 credendo
1003 298 1262 350 conspiratio
1295 303 1337 339 et
1368 299 1530 339 unitas:
1563 299 1660 340 hinc
1692 300 1842 341 dicitur
1872 311 1958 340 re-

221 370 346 422 gula
368 369 474 411 fidei.
505 370 620 411 Bene
643 370 694 411 de
717 381 769 410 ea
791 369 976 422 disputat
999 367 1283 410 Scheeben
1305 370 1326 424 ξ
1348 374 1404 414 43
1428 371 1677 422 praesertim
1701 383 1739 410 n.
1758 374 1840 415 768
1863 384 1893 411 S.
1918 374 1960 412 et

223 441 303 482 KL.
327 444 389 491 52,
412 445 510 490 639,
531 440 604 482 uhi
626 440 750 481 simul
771 444 904 488 notat,
934 440 1127 492 spiritum
1150 452 1250 480 vere
1273 439 1406 481 fidelis
1429 445 1470 481 et
1492 441 1689 481 catholici
1710 452 1755 481 se
1778 441 1958 493 prodere

223 511 487 565 subjectione
519 511 596 552 sub
631 512 712 552 hac
735 511 991 551 auctoritate
1013 510 1139 551 fidem
1160 516 1353 551 nostram
1375 511 1614 563 regulante:
1646 512 1753 551 sicut
1785 516 1825 552 et
1855 512 1957 553 hae-

220 584 327 624 resis
358 595 404 623 se
430 582 571 635 prodit
593 581 824 622 rebellione
847 593 934 622 non
956 586 1044 621 tam
1068 581 1272 622 adversus
1294 581 1439 627 Deum,
1471 594 1599 634 quam
1623 582 1826 622 adversus
1848 583 1958 622 hanc

222 654 521 694 auctoritatem
544 653 742 698 divinitus
764 653 1002 693 institutam
1025 653 1223 705 vicesque
1246 652 1400 693 Christi
1427 658 1654 705 gerentem,
1687 665 1770 705 qua
1801 653 1959 704 reiecta

221 724 301 765 sibi
315 725 408 777 ipsa
422 724 546 765 fidem
563 723 816 764 determinat
840 728 882 764 et
908 723 1029 775 elegit
1045 723 1162 779 (hinc
1176 735 1334 764 nomen
1349 736 1471 764 suurn
1496 723 1550 764 ab
1574 723 1709 780 αἱρὲω)
1724 736 1800 775 pro
1815 723 1959 764 lubitu.

340 817 435 850 499.
459 807 692 851 Scholion
718 807 755 849 Ι.
785 810 843 847 De
864 810 938 856 fide
960 811 1103 858 divina,
1126 810 1319 858 catholiea,
1346 810 1605 847 ecclesiastica.
1626 833 1684 836 —
1706 810 1845 846 Differt
1866 822 1958 859 ergo

218 869 314 907 fides
337 869 513 907 divina
546 883 566 906 a
596 869 672 906 fide
704 869 975 906 catholica.
1018 869 1077 905 Ad
1110 869 1219 906 illam
1241 869 1397 913 sufficit,
1430 871 1476 906 ut
1507 869 1703 917 objectum
1735 869 1787 906 sit
1819 868 1959 905 divini-

217 930 284 965 tus
315 929 531 966 revelatum
563 930 602 965 et
632 931 677 965 ut
710 928 756 965 de
788 928 856 965 hac
887 928 1125 965 revelatione
1157 930 1262 965 certo
1284 928 1395 965 nobis
1417 930 1588 973 constet;
1621 929 1668 965 ad
1691 928 1805 965 fidem
1828 932 1957 964 autem

218 987 459 1032 catholicam,
483 988 530 1024 ad
554 1000 669 1035 quam
694 987 776 1026 scil.
792 987 921 1024 omnia
935 987 1127 1024 Ecclesiae
1141 987 1317 1024 membra
1340 987 1578 1036 obligantur,
1602 987 1823 1036 requiritur
1845 1000 1957 1035 prae-

217 1048 325 1083 terea
345 1047 559 1095 propositio
583 1046 809 1090 Eccclesiae‚
843 1059 941 1094 quae
968 1046 1126 1083 omnino
1149 1050 1210 1083 est
1231 1046 1454 1089 necessaria,
1487 1048 1533 1083 ut
1555 1046 1687 1083 unitas
1710 1046 1800 1083 fidei
1823 1046 1864 1082 in
1887 1046 1957 1083 Ec-

216 1105 333 1143 clesia
354 1105 495 1155 vigeat.
537 1105 628 1142 Ideo
659 1105 755 1142 fides
779 1105 967 1142 catholica
999 1117 1151 1153 semper
1173 1108 1232 1142 est
1253 1105 1349 1142 fides
1373 1105 1517 1150 divina,
1551 1106 1643 1153 quia
1664 1105 1836 1142 Ecclesia
1858 1105 1959 1141 nihil

217 1164 453 1202 credendum
475 1164 671 1213 proponit,
708 1165 787 1202 nisi
809 1165 912 1212 quod
936 1167 995 1201 est
1017 1165 1256 1201 revelatum:
1291 1164 1358 1201 sed
1379 1177 1458 1201 non
1481 1165 1605 1201 omnis
1627 1164 1722 1202 fides
1746 1164 1877 1200 divina
1899 1167 1959 1201 est

216 1224 419 1269 catholica,
455 1224 488 1261 si
520 1224 600 1260 scil.
623 1223 731 1261 deest
761 1223 975 1272 propositio
1017 1223 1218 1261 Ecclesiae.
1241 1224 1301 1260 Ita
1331 1223 1408 1265 ille,
1441 1223 1503 1260 0111
1535 1224 1774 1260 revelatione
1806 1224 1959 1271 privata

218 1282 369 1331 aliquid
390 1283 677 1327 manifestatur,
700 1282 855 1331 poterit,
879 1282 957 1319 imo
982 1283 1139 1320 debebit
1161 1283 1201 1319 id
1225 1282 1379 1320 credere
1393 1283 1468 1319 fide
1483 1283 1630 1330 divina,
1655 1296 1773 1331 quam
1786 1283 1957 1331 primum

180 1336 186 1340 ’
216 1342 263 1378 de
293 1341 544 1379 revelationis
574 1341 676 1378 facto
709 1344 837 1378 certus
869 1341 1060 1379 redditur.
1103 1343 1163 1379 Ita
1194 1342 1403 1391 theologus
1426 1342 1576 1391 ingenii
1598 1342 1806 1391 sagacitate
1829 1345 1958 1378 certus

215 1400 325 1438 reddi
356 1403 485 1449 potest
507 1401 715 1438 veritatem
747 1401 919 1448 aliquam
941 1413 1030 1437 vere
1063 1401 1257 1438 contineri
1278 1401 1320 1437 in
1342 1401 1475 1438 divina
1497 1401 1747 1445 revelatione,
1781 1401 1958 1449 quamvis

214 1459 389 1497 Ecclesia
410 1460 519 1496 illam
541 1460 722 1508 explicite
745 1460 977 1497 credendam
1000 1460 1173 1497 nondum
1198 1460 1468 1509 proposuerit:
1494 1473 1570 1508 qua
1591 1461 1632 1497 in
1656 1460 1863 1509 hypothesi
1886 1472 1954 1508 po-

213 1519 310 1556 terit
331 1519 439 1555 illam
463 1519 618 1556 credere
640 1519 716 1556 fide
739 1519 872 1555 divina
886 1516 984 1571 (scil.
1000 1522 1160 1568 propter
1176 1520 1245 1556 Dei
1263 1519 1473 1556 revelantis
1489 1516 1794 1569 auctoritatem),
1819 1532 1954 1566 quam-

216 1578 273 1615 vis
297 1590 343 1615 ea
364 1590 409 1615 ex
432 1578 586 1615 defectu
607 1578 886 1627 propositionis
908 1578 956 1614 ab
978 1579 1065 1615 aliis
1088 1579 1264 1615 nondum
1287 1579 1337 1615 sit
1360 1578 1560 1623 credenda,
1584 1579 1661 1616 imo
1684 1578 1766 1615 sine
1788 1578 1956 1615 haeresis

212 1642 370 1686 peccato
401 1638 536 1686 negari
568 1638 704 1685 possit.
748 1638 909 1674 Praeter
938 1636 1055 1674 fidem
1078 1637 1251 1675 divinam
1283 1642 1321 1674 et
1351 1638 1580 1674 catholicam
1603 1638 1824 1686 loquuntur
1845 1638 1954 1674 theo-

213 1696 293 1745 logi
308 1696 425 1733 etiam
442 1696 609 1733 subinde
625 1696 671 1733 de
686 1696 762 1733 fide
783 1708 802 1732 e
815 1708 834 1733 c
846 1696 919 1732 cle
932 1696 973 1733 si
987 1709 1008 1733 a
1020 1709 1036 1733 s
1049 1699 1065 1733 t
1076 1696 1089 1733 i
1101 1709 1120 1733 0
1131 1710 1171 1741 5,
1197 1709 1296 1744 (11156
1310 1696 1500 1733 innititur
1514 1696 1716 1733 infallibili
1730 1697 1956 1734 auctoritati

212 1755 412 1792 Ecclesiae
434 1767 476 1792 ac
498 1768 567 1803 pro
589 1755 740 1804 objecto
764 1754 881 1792 habet
909 1755 977 1792 illa
998 1756 1191 1792 Ecclesiae
1209 1755 1370 1804 judicia,
1404 1768 1502 1804 quae
1525 1758 1732 1792 versantur
1754 1768 1832 1792 non
1855 1756 1956 1792 circa

213 1814 401 1851 veritates
424 1814 626 1858 revelatas,
652 1814 718 1851 sed
741 1814 841 1851 circa
863 1827 918 1861 ea,
943 1827 1043 1862 quae
1059 1815 1228 1851 diximus
1243 1827 1331 1851 cum
1346 1815 1584 1851 revelatione
1599 1827 1770 1852 connexa
1783 1827 1825 1851 ac
1840 1827 1955 1864 prop-

211 1877 319 1910 terea
341 1873 601 1910 ecclesiastico
623 1873 850 1922 magisterio
873 1873 1038 1910 obnoxia
1061 1871 1115 1924 (n.
1134 1880 1214 1914 275
1240 1886 1287 1911 55.
1303 1876 1340 1910 61
1363 1874 1464 1911 infra
1485 1887 1522 1910 n.
1549 1881 1629 1914 50ss
1654 1871 1711 1926 5.).
1734 1874 1837 1910 Η560
1859 1874 1955 1910 tides

213 1932 361 1970 dicitur
391 1932 616 1969 mediate
648 1932 790 1975 divina,
825 1932 919 1980 quia
949 1933 1058 1969 illius
1091 1945 1270 1970 assensus
1301 1933 1492 1970 innititur
1512 1933 1804 1970 infallibili
1826 1933 1955 1970 Eccle-

213 1991 291 2028 siae
315 1991 554 2037 auctoritati,
579 2004 695 2040 quam
719 1991 794 2028 fide
818 1992 992 2028 divina
1015 1995 1053 2028 et
1076 1992 1334 2029 catholica
1356 1992 1559 2031 credimus,

334 2081 428 2114 500.
453 2071 686 2115 Scholion
708 2072 776 2114 II.
809 2075 868 2111 De
899 2075 1185 2112 revelationibus
1215 2077 1388 2123 privatis.
1411 2098 1468 2102 --
1491 2075 1701 2119 Quaeritur
1733 2087 1809 2122 quo
1842 2078 1955 2123 pacto

211 2133 347 2171 fideles
379 2146 419 2171 se
450 2146 584 2183 gerere
620 2133 787 2170 debeant
809 2134 907 2171 circa
928 2135 1186 2171 revelationes
1208 2135 1383 2183 personis
1407 2134 1483 2183 piis
1506 2135 1639 2179 factaS,
1673 2147 1771 2182 quae
1793 2135 1955 2183 priva-

211 2194 293 2229 tae
325 2192 403 2229 dici
435 2193 562 2230 solent
593 2205 685 2241 prae
719 2193 896 2241 deposito
924 2193 1176 2230 revelationis
1200 2207 1220 2230 a
1243 2194 1396 2230 Christo
1419 2206 1487 2242 per
1509 2193 1706 2241 apostolos
1738 2193 1778 2229 in
1800 2194 1955 2242 generis

211 2251 375 2288 humani
406 2252 697 2288 institutionem
729 2253 866 2289 relicto
898 2265 940 2289 ac
971 2255 1095 2289 morte
1128 2252 1260 2289 ultimi
1292 2253 1461 2300 apostoli
1497 2252 1725 2301 consignato
1749 2249 1814 2304 (cf.
1838 2265 1956 2301 supra

211 2307 715 2358 111.31).Ε6511011(16111115

333 2366 373 2408 1.
398 2370 472 2406 Ρ61·
487 2381 526 2406 56
541 2372 650 2418 patet
663 2382 865 2418 personam
881 2371 1001 2415 illam,
1030 2370 1093 2407 cui
1113 2371 1211 2407 sacta
1234 2372 1293 2407 est
1315 2370 1503 2407 revelatio
1526 2370 1693 2417 privata,
1719 2370 1885 2420 obligari
1908 2370 1955 2407 ad

210 2441 298 2465 eam
328 2428 558 2465 credendam
589 2428 663 2465 fide
693 2429 837 2471 divina,
870 2430 1014 2477 reliqui
1046 2442 1138 2466 vero
1171 2429 1304 2466 fideles
1339 2441 1423 2465 eam
1452 2429 1607 2466 credere
1638 2441 1717 2466 non
1755 2431 1954 2474 tenentur,

212 2499 301 2524 cum
330 2500 410 2524 non
441 2487 488 2524 ad
521 2500 585 2524 eos
617 2488 837 2525 destinetur
861 2485 915 2540 (n.
942 2486 1065 2539 5015)
1089 2491 1127 2525 et
1150 2488 1227 2536 ipsi
1259 2488 1338 2524 fere
1360 2501 1563 2536 nunquam
1586 2488 1863 2525 certitudinem
1888 2489 1954 2525 ha-

211 2546 302 2583 bere
324 2546 479 2594 possint
502 2547 547 2583 de
575 2547 659 2595 ejus
681 2547 1040 2595 genuinitate,
1065 2560 1181 2595 quam
1207 2558 1285 2584 non
1311 2547 1471 2596 praebet
1484 2547 1676 2584 Ecclesiae
1702 2547 1953 2596 approbatio:

211 2605 284 2642 hac
305 2605 410 2642 enim
431 2605 605 2642 Ecclesia
626 2618 705 2643 non
722 2606 894 2643 declarat
906 2607 1004 2643 tales
1020 2605 1280 2643 revelat-iones
1295 2618 1384 2643 vere
1408 2606 1550 2643 divin
1563 2619 1634 2651 as,
1660 2606 1727 2643 sed
1749 2607 1876 2644 solum
1891 2619 1953 2643 eas

211 2664 270 2701 nil
293 2665 502 2710 continere,
527 2665 631 2712 quod
654 2666 884 2702 adversetur
905 2665 994 2702 fidei
1018 2664 1224 2702 catholicae
1248 2667 1287 2701 et
1308 2665 1420 2702 bonis
1444 2666 1640 2709 moribus3
1675 2665 1840 2713 ideoque
1865 2678 1953 2713 per-

211 2723 350 2766 mittit,
374 2724 420 2759 ut
441 2723 610 2760 edantur
631 2724 678 2760 ad
701 2724 875 2761 fidelium
899 2724 1218 2761 aedificationem.

330 2780 372 2821 2.
394 2782 603 2830 Propterea
623 2785 754 2820 tamen
777 2796 854 2820 non
877 2784 967 2820 licet
990 2795 1052 2819 eas
1077 2795 1269 2830 spernere,
1294 2795 1380 2820 cum
1402 2784 1555 2831 possint
1577 2796 1658 2821 esse
1673 2783 1840 2827 divinae,
1865 2794 1953 2819 cum

212 2840 469 2888 probabiliter
491 2841 573 2877 sint
595 2841 762 2887 divinae,
787 2854 874 2878 cum
896 2842 1164 2890 praesumptio
1188 2845 1265 2878 stet
1286 2841 1951 2894 111011115(10(1111111111·5011.(1611115,

212 2911 311 2947 quae
333 2899 477 2947 passim
499 2899 541 2936 in
562 2900 732 2938 Ecclesia
754 2914 774 2937 5
795 2901 890 2937 viris
913 2901 987 2948 piis
1009 2903 1048 2937 et
1070 2900 1193 2937 doctis
1215 2913 1285 2949 pro
1307 2901 1617 2938 revelationibus
1640 2897 1864 2952 habentur).

333 2955 375 2997 3.
399 2958 481 2995 Imo
504 2958 641 2995 licebit
663 2971 724 2996 eas
747 2959 913 3003 credere,
939 2972 1055 3007 quam
1077 2959 1248 3007 primum
1272 2963 1377 2997 certo
1392 2959 1439 2997 de
1454 2973 1587 2997 earum
1602 2959 1849 3009 genuinitate
1863 2971 1952 2996 con-

213 3018 292 3053 stat
323 3013 444 3068 (quod
476 3014 646 3070 rarum);
679 3018 785 3066 quod
817 3018 851 3054 si
882 3018 1142 3066 probabiliter
1172 3020 1330 3056 tantum
1365 3019 1410 3056 de
1442 3019 1511 3056 hac
1535 3021 1698 3064 constat,
1730 3018 1866 3055 licebit
1888 3031 1951 3055 eas

215 3075 383 3120 credere,
421 3075 489 3112 sed
512 3076 575 3113 hio
597 3088 788 3122 assensus,
822 3088 910 3113 cum
932 3089 1011 3113 non
1033 3077 1159 3125 possit
1179 3078 1384 3115 excludere
1405 3078 1621 3126 prudenter
1642 3088 1796 3114 omnem
1817 3075 1952 3114 formi-
