<?xml version="1.0" encoding="UTF-8"?>
<!DOCTYPE html PUBLIC "-//W3C//DTD XHTML 1.0 Transitional//EN"
    "http://www.w3.org/TR/xhtml1/DTD/xhtml1-transitional.dtd">
<html xmlns="http://www.w3.org/1999/xhtml" xml:lang="en" lang="en">
 <head>
  <title>
</title>
<meta http-equiv="Content-Type" content="text/html;charset=utf-8" />
  <meta name='ocr-system' content='tesseract 3.04.00' />
  <meta name='ocr-capabilities' content='ocr_page ocr_carea ocr_par ocr_line ocrx_word'/>
</head>
<body>
  <div class='ocr_page' id='page_1' title='image "./theologiaedogmat01hurt/theologiaedogmat01hurt_0246.png"; bbox 0 0 2175 3382; ppageno 0'>
   <div class='ocr_carea' id='block_1_1' title="bbox 219 128 1577 175">
    <p class='ocr_par' dir='ltr' id='par_1_1' title="bbox 219 128 1577 175">
     <span class='ocr_line' id='line_1_1' title="bbox 219 128 1577 175; baseline 0.002 -15"><span class='ocrx_word' id='word_1_1' title='bbox 219 134 303 175; x_wconf 38' lang='grc' dir='ltr'><strong>ζῳῆς</strong></span> <span class='ocrx_word' id='word_1_2' title='bbox 603 128 722 162; x_wconf 81' lang='lat' dir='ltr'><strong>&#39;l&#39;i·act.</strong></span> <span class='ocrx_word' id='word_1_3' title='bbox 746 128 803 162; x_wconf 87' lang='lat' dir='ltr'><strong>lll.</strong></span> <span class='ocrx_word' id='word_1_4' title='bbox 827 129 875 162; x_wconf 87' lang='lat' dir='ltr'><strong>De</strong></span> <span class='ocrx_word' id='word_1_5' title='bbox 900 128 1068 163; x_wconf 68' lang='lat' dir='ltr'><strong>Ecclesia.</strong></span> <span class='ocrx_word' id='word_1_6' title='bbox 1090 128 1269 163; x_wconf 78' lang='lat' dir='ltr'>Ecclesiae</span> <span class='ocrx_word' id='word_1_7' title='bbox 1287 129 1577 174; x_wconf 78' lang='lat' dir='ltr'><strong>praerogativae.</strong></span> 
     </span>
    </p>
   </div>
   <div class='ocr_carea' id='block_1_2' title="bbox 211 252 1951 1364">
    <p class='ocr_par' dir='ltr' id='par_1_2' title="bbox 211 252 1951 1364">
     <span class='ocr_line' id='line_1_2' title="bbox 335 252 1949 301; baseline 0.001 -12"><span class='ocrx_word' id='word_1_8' title='bbox 335 253 442 289; x_wconf 83' lang='lat' dir='ltr'><strong>Idem</strong></span> <span class='ocrx_word' id='word_1_9' title='bbox 465 254 580 301; x_wconf 78' lang='lat' dir='ltr'><strong>urget</strong></span> <span class='ocrx_word' id='word_1_10' title='bbox 601 252 787 289; x_wconf 83' lang='lat' dir='ltr'><strong>adversus</strong></span> <span class='ocrx_word' id='word_1_11' title='bbox 809 253 1024 289; x_wconf 85' lang='lat' dir='ltr'><strong>donatistas</strong></span> <span class='ocrx_word' id='word_1_12' title='bbox 1048 258 1096 289; x_wconf 88' lang='lat' dir='ltr'><strong>tr.</strong></span> <span class='ocrx_word' id='word_1_13' title='bbox 1129 260 1174 291; x_wconf 87' lang='lat'><strong>10</strong></span> <span class='ocrx_word' id='word_1_14' title='bbox 1201 264 1239 288; x_wconf 85' lang='lat' dir='ltr'><strong>in</strong></span> <span class='ocrx_word' id='word_1_15' title='bbox 1263 264 1321 300; x_wconf 90' lang='lat' dir='ltr'><strong>ep.</strong></span> <span class='ocrx_word' id='word_1_16' title='bbox 1353 260 1383 291; x_wconf 93' lang='lat' dir='ltr'><strong>l.</strong></span> <span class='ocrx_word' id='word_1_17' title='bbox 1407 264 1434 288; x_wconf 84' lang='lat' dir='ltr'><strong>s.</strong></span> <span class='ocrx_word' id='word_1_18' title='bbox 1450 252 1560 289; x_wconf 82' lang='lat' dir='ltr'><strong>Joan.</strong></span> <span class='ocrx_word' id='word_1_19' title='bbox 1577 265 1614 289; x_wconf 89' lang='lat' dir='ltr'><strong>n.</strong></span> <span class='ocrx_word' id='word_1_20' title='bbox 1632 260 1675 292; x_wconf 76' lang='lat'><strong>3:</strong></span> <span class='ocrx_word' id='word_1_21' title='bbox 1695 279 1710 297; x_wconf 76' lang='lat'><strong>,</strong></span> <span class='ocrx_word' id='word_1_22' title='bbox 1725 253 1824 291; x_wconf 83' lang='lat' dir='ltr'><strong>Dicit</strong></span> <span class='ocrx_word' id='word_1_23' title='bbox 1840 254 1949 292; x_wconf 91' lang='lat' dir='ltr'><strong>Chri-</strong></span> 
     </span>
     <span class='ocr_line' id='line_1_3' title="bbox 216 309 1949 362; baseline 0.002 -16"><span class='ocrx_word' id='word_1_24' title='bbox 216 315 300 349; x_wconf 54' lang='lat' dir='ltr'><strong>stus</strong></span> <span class='ocrx_word' id='word_1_25' title='bbox 323 313 362 348; x_wconf 89' lang='lat' dir='ltr'><strong>et</strong></span> <span class='ocrx_word' id='word_1_26' title='bbox 391 310 620 361; x_wconf 71' lang='lat' dir='ltr'><strong>psalmus(1</strong></span> <span class='ocrx_word' id='word_1_27' title='bbox 642 319 698 355; x_wconf 70' lang='lat'><strong>13,</strong></span> <span class='ocrx_word' id='word_1_28' title='bbox 728 309 798 359; x_wconf 72' lang='grc'><strong>96)</strong></span> <span class='ocrx_word' id='word_1_29' title='bbox 822 311 844 347; x_wconf 86' lang='lat' dir='ltr'><strong>i.</strong></span> <span class='ocrx_word' id='word_1_30' title='bbox 871 324 902 348; x_wconf 91' lang='lat' dir='ltr'><strong>e.</strong></span> <span class='ocrx_word' id='word_1_31' title='bbox 928 311 1099 359; x_wconf 79' lang='lat' dir='ltr'><strong>Spiritus</strong></span> <span class='ocrx_word' id='word_1_32' title='bbox 1121 311 1210 348; x_wconf 89' lang='lat' dir='ltr'><strong>Dei:</strong></span> <span class='ocrx_word' id='word_1_33' title='bbox 1237 311 1377 347; x_wconf 47' lang='lat' dir='ltr'><strong>[latum</strong></span> <span class='ocrx_word' id='word_1_34' title='bbox 1399 311 1625 348; x_wconf 82' lang='lat' dir='ltr'><strong>mandatum</strong></span> <span class='ocrx_word' id='word_1_35' title='bbox 1647 317 1755 349; x_wconf 76' lang='lat' dir='ltr'><strong>tuum</strong></span> <span class='ocrx_word' id='word_1_36' title='bbox 1777 313 1893 362; x_wconf 81' lang='lat' dir='ltr'><strong>valde,</strong></span> <span class='ocrx_word' id='word_1_37' title='bbox 1911 316 1949 350; x_wconf 83' lang='lat' dir='ltr'><strong>et</strong></span> 
     </span>
     <span class='ocr_line' id='line_1_4' title="bbox 217 370 1951 419; baseline 0.001 -12"><span class='ocrx_word' id='word_1_38' title='bbox 217 370 348 408; x_wconf 86' lang='lat' dir='ltr'><strong>nescio</strong></span> <span class='ocrx_word' id='word_1_39' title='bbox 379 370 468 418; x_wconf 87' lang='lat' dir='ltr'><strong>quis</strong></span> <span class='ocrx_word' id='word_1_40' title='bbox 501 370 611 418; x_wconf 89' lang='lat' dir='ltr'><strong>ponit</strong></span> <span class='ocrx_word' id='word_1_41' title='bbox 641 370 682 407; x_wconf 93' lang='lat' dir='ltr'><strong>in</strong></span> <span class='ocrx_word' id='word_1_42' title='bbox 704 370 833 407; x_wconf 86' lang='lat' dir='ltr'><strong>Africa</strong></span> <span class='ocrx_word' id='word_1_43' title='bbox 865 371 959 407; x_wconf 75' lang='lat' dir='ltr'><strong>fines</strong></span> <span class='ocrx_word' id='word_1_44' title='bbox 990 370 1183 407; x_wconf 83' lang='lat' dir='ltr'><strong>caritatis!</strong></span> <span class='ocrx_word' id='word_1_45' title='bbox 1229 370 1401 407; x_wconf 80' lang='lat' dir='ltr'>Extende</span> <span class='ocrx_word' id='word_1_46' title='bbox 1423 370 1624 407; x_wconf 83' lang='lat' dir='ltr'><strong>caritatem</strong></span> <span class='ocrx_word' id='word_1_47' title='bbox 1647 383 1715 419; x_wconf 89' lang='lat' dir='ltr'><strong>per</strong></span> <span class='ocrx_word' id='word_1_48' title='bbox 1735 373 1863 409; x_wconf 83' lang='lat' dir='ltr'><strong>totum</strong></span> <span class='ocrx_word' id='word_1_49' title='bbox 1889 385 1951 409; x_wconf 90' lang='lat' dir='ltr'><strong>or-</strong></span> 
     </span>
     <span class='ocr_line' id='line_1_5' title="bbox 215 428 1950 478; baseline 0.001 -12"><span class='ocrx_word' id='word_1_50' title='bbox 215 431 315 468; x_wconf 82' lang='lat' dir='ltr'><strong>bem.</strong></span> <span class='ocrx_word' id='word_1_51' title='bbox 350 429 379 466; x_wconf 83' lang='lat' dir='ltr'><strong>si</strong></span> <span class='ocrx_word' id='word_1_52' title='bbox 403 430 462 467; x_wconf 86' lang='lat' dir='ltr'><strong>vis</strong></span> <span class='ocrx_word' id='word_1_53' title='bbox 483 429 680 466; x_wconf 74' lang='lat' dir='ltr'><strong>Christum</strong></span> <span class='ocrx_word' id='word_1_54' title='bbox 706 442 843 471; x_wconf 78' lang='lat' dir='ltr'><strong>amare,</strong></span> <span class='ocrx_word' id='word_1_55' title='bbox 877 429 970 477; x_wconf 87' lang='lat' dir='ltr'><strong>quia</strong></span> <span class='ocrx_word' id='word_1_56' title='bbox 991 429 1165 466; x_wconf 86' lang='lat' dir='ltr'><strong>membra</strong></span> <span class='ocrx_word' id='word_1_57' title='bbox 1188 429 1331 466; x_wconf 75' lang='lat' dir='ltr'><strong>Christi</strong></span> <span class='ocrx_word' id='word_1_58' title='bbox 1359 441 1427 478; x_wconf 85' lang='lat' dir='ltr'><strong>per</strong></span> <span class='ocrx_word' id='word_1_59' title='bbox 1448 428 1580 466; x_wconf 87' lang='lat' dir='ltr'><strong>orbem</strong></span> <span class='ocrx_word' id='word_1_60' title='bbox 1597 430 1739 477; x_wconf 82' lang='lat' dir='ltr'><strong>jacent.</strong></span> <span class='ocrx_word' id='word_1_61' title='bbox 1783 430 1823 467; x_wconf 93' lang='lat' dir='ltr'><strong>Si</strong></span> <span class='ocrx_word' id='word_1_62' title='bbox 1846 444 1950 468; x_wconf 83' lang='lat' dir='ltr'><strong>amas</strong></span> 
     </span>
     <span class='ocr_line' id='line_1_6' title="bbox 217 488 1951 538; baseline 0.001 -13"><span class='ocrx_word' id='word_1_63' title='bbox 217 491 377 538; x_wconf 82' lang='lat' dir='ltr'><strong>partem,</strong></span> <span class='ocrx_word' id='word_1_64' title='bbox 402 488 550 526; x_wconf 86' lang='lat' dir='ltr'><strong>divisus</strong></span> <span class='ocrx_word' id='word_1_65' title='bbox 571 500 632 531; x_wconf 85' lang='lat' dir='ltr'><strong>es;</strong></span> <span class='ocrx_word' id='word_1_66' title='bbox 665 488 695 525; x_wconf 90' lang='lat' dir='ltr'><strong>si</strong></span> <span class='ocrx_word' id='word_1_67' title='bbox 718 488 868 525; x_wconf 85' lang='lat' dir='ltr'><strong>divisus</strong></span> <span class='ocrx_word' id='word_1_68' title='bbox 891 500 943 533; x_wconf 88' lang='lat' dir='ltr'><strong>es,</strong></span> <span class='ocrx_word' id='word_1_69' title='bbox 969 488 1007 525; x_wconf 91' lang='lat' dir='ltr'><strong>in</strong></span> <span class='ocrx_word' id='word_1_70' title='bbox 1030 500 1189 537; x_wconf 85' lang='lat' dir='ltr'><strong>corpore</strong></span> <span class='ocrx_word' id='word_1_71' title='bbox 1212 501 1291 525; x_wconf 92' lang='lat' dir='ltr'><strong>non</strong></span> <span class='ocrx_word' id='word_1_72' title='bbox 1313 501 1373 529; x_wconf 86' lang='lat' dir='ltr'><strong>es;</strong></span> <span class='ocrx_word' id='word_1_73' title='bbox 1401 488 1434 525; x_wconf 88' lang='lat' dir='ltr'><strong>si</strong></span> <span class='ocrx_word' id='word_1_74' title='bbox 1456 488 1497 525; x_wconf 90' lang='lat' dir='ltr'><strong>in</strong></span> <span class='ocrx_word' id='word_1_75' title='bbox 1521 500 1678 537; x_wconf 85' lang='lat' dir='ltr'><strong>corpore</strong></span> <span class='ocrx_word' id='word_1_76' title='bbox 1701 500 1779 526; x_wconf 91' lang='lat' dir='ltr'><strong>non</strong></span> <span class='ocrx_word' id='word_1_77' title='bbox 1801 501 1854 531; x_wconf 81' lang='lat' dir='ltr'><strong>es.</strong></span> <span class='ocrx_word' id='word_1_78' title='bbox 1878 491 1951 527; x_wconf 86' lang='lat' dir='ltr'><strong>sub</strong></span> 
     </span>
     <span class='ocr_line' id='line_1_7' title="bbox 214 547 1951 597; baseline 0.001 -12"><span class='ocrx_word' id='word_1_79' title='bbox 214 548 340 597; x_wconf 77' lang='lat' dir='ltr'><strong>capite</strong></span> <span class='ocrx_word' id='word_1_80' title='bbox 371 560 448 584; x_wconf 88' lang='lat' dir='ltr'><strong>non</strong></span> <span class='ocrx_word' id='word_1_81' title='bbox 480 560 531 586; x_wconf 79' lang='lat' dir='ltr'><strong>es.</strong></span> <span class='ocrx_word' id='word_1_82' title='bbox 583 547 683 591; x_wconf 86' lang='lat' dir='ltr'><strong>Quid</strong></span> <span class='ocrx_word' id='word_1_83' title='bbox 715 547 885 595; x_wconf 81' lang='lat' dir='ltr'><strong>prodest,</strong></span> <span class='ocrx_word' id='word_1_84' title='bbox 919 547 1013 595; x_wconf 86' lang='lat' dir='ltr'><strong>quia</strong></span> <span class='ocrx_word' id='word_1_85' title='bbox 1042 547 1167 584; x_wconf 85' lang='lat' dir='ltr'><strong>credis</strong></span> <span class='ocrx_word' id='word_1_86' title='bbox 1199 550 1238 584; x_wconf 89' lang='lat' dir='ltr'><strong>et</strong></span> <span class='ocrx_word' id='word_1_87' title='bbox 1270 547 1541 595; x_wconf 80' lang='lat' dir='ltr'><strong>blasphemas?</strong></span> <span class='ocrx_word' id='word_1_88' title='bbox 1584 548 1732 585; x_wconf 85' lang='lat' dir='ltr'><strong>Adoras</strong></span> <span class='ocrx_word' id='word_1_89' title='bbox 1763 548 1878 586; x_wconf 92' lang='lat' dir='ltr'><strong>illum</strong></span> <span class='ocrx_word' id='word_1_90' title='bbox 1908 549 1951 587; x_wconf 89' lang='lat' dir='ltr'><strong>in</strong></span> 
     </span>
     <span class='ocr_line' id='line_1_8' title="bbox 214 606 1950 655; baseline 0.001 -11"><span class='ocrx_word' id='word_1_91' title='bbox 214 607 355 654; x_wconf 79' lang='lat' dir='ltr'><strong>capite,</strong></span> <span class='ocrx_word' id='word_1_92' title='bbox 387 607 633 655; x_wconf 83' lang='lat' dir='ltr'><strong>blasphemas</strong></span> <span class='ocrx_word' id='word_1_93' title='bbox 659 607 699 642; x_wconf 90' lang='lat' dir='ltr'><strong>in</strong></span> <span class='ocrx_word' id='word_1_94' title='bbox 722 618 888 654; x_wconf 86' lang='lat' dir='ltr'><strong>corpore.</strong></span> <span class='ocrx_word' id='word_1_95' title='bbox 934 607 1049 643; x_wconf 88' lang='lat' dir='ltr'><strong>Amat</strong></span> <span class='ocrx_word' id='word_1_96' title='bbox 1071 607 1137 643; x_wconf 90' lang='lat' dir='ltr'><strong>ille</strong></span> <span class='ocrx_word' id='word_1_97' title='bbox 1160 618 1300 654; x_wconf 88' lang='lat' dir='ltr'><strong>corpus</strong></span> <span class='ocrx_word' id='word_1_98' title='bbox 1323 619 1448 643; x_wconf 88' lang='lat' dir='ltr'><strong>suum.</strong></span> <span class='ocrx_word' id='word_1_99' title='bbox 1493 606 1532 643; x_wconf 91' lang='lat' dir='ltr'><strong>Si</strong></span> <span class='ocrx_word' id='word_1_100' title='bbox 1555 610 1601 644; x_wconf 91' lang='lat' dir='ltr'><strong>tu</strong></span> <span class='ocrx_word' id='word_1_101' title='bbox 1622 609 1661 644; x_wconf 86' lang='lat' dir='ltr'><strong>te</strong></span> <span class='ocrx_word' id='word_1_102' title='bbox 1683 607 1906 655; x_wconf 82' lang='lat' dir='ltr'><strong>praecidisti</strong></span> <span class='ocrx_word' id='word_1_103' title='bbox 1929 622 1950 646; x_wconf 87' lang='lat' dir='ltr'><strong>a</strong></span> 
     </span>
     <span class='ocr_line' id='line_1_9' title="bbox 213 665 1950 715; baseline 0.001 -12"><span class='ocrx_word' id='word_1_104' title='bbox 213 678 374 715; x_wconf 85' lang='lat' dir='ltr'><strong>corpore</strong></span> <span class='ocrx_word' id='word_1_105' title='bbox 405 666 545 714; x_wconf 82' lang='lat' dir='ltr'><strong>ipsius,</strong></span> <span class='ocrx_word' id='word_1_106' title='bbox 579 667 696 714; x_wconf 87' lang='lat' dir='ltr'><strong>caput</strong></span> <span class='ocrx_word' id='word_1_107' title='bbox 718 678 794 702; x_wconf 93' lang='lat' dir='ltr'><strong>non</strong></span> <span class='ocrx_word' id='word_1_108' title='bbox 819 677 858 701; x_wconf 90' lang='lat' dir='ltr'><strong>se</strong></span> <span class='ocrx_word' id='word_1_109' title='bbox 881 665 1070 713; x_wconf 80' lang='lat' dir='ltr'><strong>praecidit</strong></span> <span class='ocrx_word' id='word_1_110' title='bbox 1092 679 1113 702; x_wconf 87' lang='lat' dir='ltr'><strong>a</strong></span> <span class='ocrx_word' id='word_1_111' title='bbox 1134 678 1292 713; x_wconf 88' lang='lat' dir='ltr'><strong>corpore</strong></span> <span class='ocrx_word' id='word_1_112' title='bbox 1314 677 1395 703; x_wconf 85' lang='lat' dir='ltr'><strong>suo.</strong></span> <span class='ocrx_word' id='word_1_113' title='bbox 1439 665 1529 703; x_wconf 86' lang='lat' dir='ltr'><strong>Sine</strong></span> <span class='ocrx_word' id='word_1_114' title='bbox 1551 678 1666 703; x_wconf 85' lang='lat' dir='ltr'><strong>causa</strong></span> <span class='ocrx_word' id='word_1_115' title='bbox 1688 679 1750 703; x_wconf 88' lang='lat' dir='ltr'><strong>me</strong></span> <span class='ocrx_word' id='word_1_116' title='bbox 1772 667 1950 714; x_wconf 83' lang='lat' dir='ltr'><strong>honoras,</strong></span> 
     </span>
     <span class='ocr_line' id='line_1_10' title="bbox 215 724 1951 773; baseline 0.001 -11"><span class='ocrx_word' id='word_1_117' title='bbox 215 726 357 762; x_wconf 86' lang='lat' dir='ltr'><strong>clamat</strong></span> <span class='ocrx_word' id='word_1_118' title='bbox 378 725 452 762; x_wconf 82' lang='lat' dir='ltr'><strong>tibi</strong></span> <span class='ocrx_word' id='word_1_119' title='bbox 475 728 593 773; x_wconf 89' lang='lat' dir='ltr'><strong>eaput</strong></span> <span class='ocrx_word' id='word_1_120' title='bbox 615 725 792 772; x_wconf 82' lang='lat' dir='ltr'><strong>desuper,</strong></span> <span class='ocrx_word' id='word_1_121' title='bbox 825 724 906 761; x_wconf 87' lang='lat' dir='ltr'><strong>sine</strong></span> <span class='ocrx_word' id='word_1_122' title='bbox 929 735 1047 761; x_wconf 88' lang='lat' dir='ltr'><strong>causa</strong></span> <span class='ocrx_word' id='word_1_123' title='bbox 1068 737 1128 761; x_wconf 90' lang='lat' dir='ltr'><strong>me</strong></span> <span class='ocrx_word' id='word_1_124' title='bbox 1151 725 1328 761; x_wconf 81' lang='lat' dir='ltr'><strong>honoras.</strong></span> <span class='ocrx_word' id='word_1_125' title='bbox 1371 725 1585 773; x_wconf 84' lang='lat' dir='ltr'><strong>Tamquam</strong></span> <span class='ocrx_word' id='word_1_126' title='bbox 1608 725 1640 762; x_wconf 89' lang='lat' dir='ltr'><strong>si</strong></span> <span class='ocrx_word' id='word_1_127' title='bbox 1662 725 1761 762; x_wconf 89' lang='lat' dir='ltr'><strong>velit</strong></span> <span class='ocrx_word' id='word_1_128' title='bbox 1782 726 1855 762; x_wconf 91' lang='lat' dir='ltr'><strong>tibi</strong></span> <span class='ocrx_word' id='word_1_129' title='bbox 1879 727 1951 764; x_wconf 82' lang='lat' dir='ltr'><strong>ali-</strong></span> 
     </span>
     <span class='ocr_line' id='line_1_11' title="bbox 213 782 1950 834; baseline 0.001 -13"><span class='ocrx_word' id='word_1_130' title='bbox 213 784 304 833; x_wconf 87' lang='lat' dir='ltr'><strong>quis</strong></span> <span class='ocrx_word' id='word_1_131' title='bbox 326 784 492 821; x_wconf 84' lang='lat' dir='ltr'><strong>osculari</strong></span> <span class='ocrx_word' id='word_1_132' title='bbox 513 786 641 831; x_wconf 77' lang='lat' dir='ltr'><strong>caput,</strong></span> <span class='ocrx_word' id='word_1_133' title='bbox 665 782 705 819; x_wconf 81' lang='lat' dir='ltr'><strong>e&#39;t</strong></span> <span class='ocrx_word' id='word_1_134' title='bbox 726 783 870 820; x_wconf 84' lang='lat' dir='ltr'><strong>calcare</strong></span> <span class='ocrx_word' id='word_1_135' title='bbox 893 782 967 819; x_wconf 82' lang='lat' dir='ltr'><strong>tibi</strong></span> <span class='ocrx_word' id='word_1_136' title='bbox 990 783 1118 831; x_wconf 77' lang='lat' dir='ltr'><strong>pedeS,</strong></span> <span class='ocrx_word' id='word_1_137' title='bbox 1142 784 1241 820; x_wconf 87' lang='lat' dir='ltr'><strong>forte</strong></span> <span class='ocrx_word' id='word_1_138' title='bbox 1264 784 1402 833; x_wconf 78' lang='lat' dir='ltr'><strong>caligis</strong></span> <span class='ocrx_word' id='word_1_139' title='bbox 1425 784 1584 821; x_wconf 83' lang='lat' dir='ltr'><strong>clavatis</strong></span> <span class='ocrx_word' id='word_1_140' title='bbox 1599 787 1820 822; x_wconf 85' lang='lat' dir='ltr'><strong>contereret</strong></span> <span class='ocrx_word' id='word_1_141' title='bbox 1833 785 1950 834; x_wconf 85' lang='lat' dir='ltr'><strong>pedes</strong></span> 
     </span>
     <span class='ocr_line' id='line_1_12' title="bbox 213 842 1949 890; baseline 0.001 -10"><span class='ocrx_word' id='word_1_142' title='bbox 213 848 303 881; x_wconf 71' lang='lat' dir='ltr'><strong>tuos</strong></span> <span class='ocrx_word' id='word_1_143' title='bbox 326 843 459 879; x_wconf 88' lang='lat' dir='ltr'><strong>volens</strong></span> <span class='ocrx_word' id='word_1_144' title='bbox 481 843 557 879; x_wconf 90' lang='lat' dir='ltr'><strong>tibi</strong></span> <span class='ocrx_word' id='word_1_145' title='bbox 578 844 712 879; x_wconf 90' lang='lat' dir='ltr'><strong>tenere</strong></span> <span class='ocrx_word' id='word_1_146' title='bbox 734 844 852 890; x_wconf 88' lang='lat' dir='ltr'><strong>caput</strong></span> <span class='ocrx_word' id='word_1_147' title='bbox 873 844 913 878; x_wconf 89' lang='lat' dir='ltr'><strong>et</strong></span> <span class='ocrx_word' id='word_1_148' title='bbox 934 842 1122 882; x_wconf 87' lang='lat' dir='ltr'><strong>osculari:</strong></span> <span class='ocrx_word' id='word_1_149' title='bbox 1146 853 1276 879; x_wconf 89' lang='lat' dir='ltr'><strong>nonne</strong></span> <span class='ocrx_word' id='word_1_150' title='bbox 1298 842 1403 880; x_wconf 88' lang='lat' dir='ltr'><strong>inter</strong></span> <span class='ocrx_word' id='word_1_151' title='bbox 1416 843 1534 880; x_wconf 85' lang='lat' dir='ltr'><strong>verba</strong></span> <span class='ocrx_word' id='word_1_152' title='bbox 1555 843 1783 881; x_wconf 86' lang='lat' dir='ltr'><strong>honorantis</strong></span> <span class='ocrx_word' id='word_1_153' title='bbox 1807 844 1949 882; x_wconf 83' lang='lat' dir='ltr'><strong>clama-</strong></span> 
     </span>
     <span class='ocr_line' id='line_1_13' title="bbox 216 900 1950 952; baseline 0.001 -13"><span class='ocrx_word' id='word_1_154' title='bbox 216 915 275 940; x_wconf 82' lang='lat' dir='ltr'><strong>res</strong></span> <span class='ocrx_word' id='word_1_155' title='bbox 297 905 337 939; x_wconf 89' lang='lat' dir='ltr'><strong>et</strong></span> <span class='ocrx_word' id='word_1_156' title='bbox 358 902 534 939; x_wconf 81' lang='lat' dir='ltr'><strong>diceres?</strong></span> <span class='ocrx_word' id='word_1_157' title='bbox 557 900 658 945; x_wconf 83' lang='lat' dir='ltr'><strong>Quid</strong></span> <span class='ocrx_word' id='word_1_158' title='bbox 681 901 776 938; x_wconf 87' lang='lat' dir='ltr'><strong>facis</strong></span> <span class='ocrx_word' id='word_1_159' title='bbox 799 901 939 938; x_wconf 72' lang='lat' dir='ltr'><strong>homo?</strong></span> <span class='ocrx_word' id='word_1_160' title='bbox 963 901 1084 938; x_wconf 88' lang='lat' dir='ltr'><strong>calcas</strong></span> <span class='ocrx_word' id='word_1_161' title='bbox 1106 914 1178 938; x_wconf 90' lang='lat' dir='ltr'><strong>me.</strong></span> <span class='ocrx_word' id='word_1_162' title='bbox 1214 903 1302 939; x_wconf 89' lang='lat' dir='ltr'><strong>Non</strong></span> <span class='ocrx_word' id='word_1_163' title='bbox 1324 901 1491 939; x_wconf 80' lang='lat' dir='ltr'><strong>diceres:</strong></span> <span class='ocrx_word' id='word_1_164' title='bbox 1516 902 1644 939; x_wconf 79' lang='lat' dir='ltr'><strong>Galeas</strong></span> <span class='ocrx_word' id='word_1_165' title='bbox 1669 906 1787 952; x_wconf 89' lang='lat' dir='ltr'><strong>caput</strong></span> <span class='ocrx_word' id='word_1_166' title='bbox 1807 916 1950 949; x_wconf 87' lang='lat' dir='ltr'><strong>meum,</strong></span> 
     </span>
     <span class='ocr_line' id='line_1_14' title="bbox 212 960 1951 1011; baseline 0.001 -13"><span class='ocrx_word' id='word_1_167' title='bbox 212 962 306 1009; x_wconf 87' lang='lat' dir='ltr'><strong>quia</strong></span> <span class='ocrx_word' id='word_1_168' title='bbox 329 964 445 1009; x_wconf 87' lang='lat' dir='ltr'><strong>caput</strong></span> <span class='ocrx_word' id='word_1_169' title='bbox 467 960 701 997; x_wconf 86' lang='lat' dir='ltr'><strong>honorabat:</strong></span> <span class='ocrx_word' id='word_1_170' title='bbox 726 960 792 997; x_wconf 85' lang='lat' dir='ltr'><strong>sed</strong></span> <span class='ocrx_word' id='word_1_171' title='bbox 814 960 904 1008; x_wconf 86' lang='lat' dir='ltr'><strong>plus</strong></span> <span class='ocrx_word' id='word_1_172' title='bbox 927 961 1111 1011; x_wconf 85' lang='lat' dir='ltr'><strong>clamaret</strong></span> <span class='ocrx_word' id='word_1_173' title='bbox 1133 962 1249 1009; x_wconf 87' lang='lat' dir='ltr'><strong>caput</strong></span> <span class='ocrx_word' id='word_1_174' title='bbox 1269 972 1338 1009; x_wconf 89' lang='lat' dir='ltr'><strong>pro</strong></span> <span class='ocrx_word' id='word_1_175' title='bbox 1353 961 1536 998; x_wconf 87' lang='lat' dir='ltr'><strong>membris</strong></span> <span class='ocrx_word' id='word_1_176' title='bbox 1558 961 1726 1006; x_wconf 83' lang='lat' dir='ltr'><strong>calcatis,</strong></span> <span class='ocrx_word' id='word_1_177' title='bbox 1750 975 1868 1010; x_wconf 86' lang='lat' dir='ltr'><strong>qnam</strong></span> <span class='ocrx_word' id='word_1_178' title='bbox 1883 975 1951 1011; x_wconf 87' lang='lat' dir='ltr'><strong>pro</strong></span> 
     </span>
     <span class='ocr_line' id='line_1_15' title="bbox 214 1019 1948 1069; baseline 0.001 -12"><span class='ocrx_word' id='word_1_179' title='bbox 214 1033 267 1064; x_wconf 82' lang='lat' dir='ltr'><strong>se,</strong></span> <span class='ocrx_word' id='word_1_180' title='bbox 297 1020 388 1069; x_wconf 87' lang='lat' dir='ltr'><strong>quia</strong></span> <span class='ocrx_word' id='word_1_181' title='bbox 409 1019 685 1058; x_wconf 74' lang='lat' dir='ltr'><strong>honorabatur.</strong></span> <span class='ocrx_word' id='word_1_182' title='bbox 728 1019 865 1056; x_wconf 88' lang='lat' dir='ltr'><strong>Nonne</strong></span> <span class='ocrx_word' id='word_1_183' title='bbox 888 1019 1029 1056; x_wconf 89' lang='lat' dir='ltr'><strong>clamat</strong></span> <span class='ocrx_word' id='word_1_184' title='bbox 1050 1019 1179 1068; x_wconf 87' lang='lat' dir='ltr'><strong>ipsum</strong></span> <span class='ocrx_word' id='word_1_185' title='bbox 1202 1022 1337 1068; x_wconf 87' lang='lat' dir='ltr'><strong>caput:</strong></span> <span class='ocrx_word' id='word_1_186' title='bbox 1382 1020 1479 1057; x_wconf 90' lang='lat' dir='ltr'><strong>Nolo</strong></span> <span class='ocrx_word' id='word_1_187' title='bbox 1503 1020 1688 1058; x_wconf 88' lang='lat' dir='ltr'><strong>honorem</strong></span> <span class='ocrx_word' id='word_1_188' title='bbox 1709 1023 1837 1066; x_wconf 89' lang='lat' dir='ltr'><strong>tuum,</strong></span> <span class='ocrx_word' id='word_1_189' title='bbox 1871 1022 1948 1060; x_wconf 88' lang='lat' dir='ltr'><strong>cal-</strong></span> 
     </span>
     <span class='ocr_line' id='line_1_16' title="bbox 213 1077 1950 1129; baseline 0.001 -13"><span class='ocrx_word' id='word_1_190' title='bbox 213 1092 296 1116; x_wconf 83' lang='lat' dir='ltr'><strong>care</strong></span> <span class='ocrx_word' id='word_1_191' title='bbox 327 1092 388 1116; x_wconf 90' lang='lat' dir='ltr'><strong>me</strong></span> <span class='ocrx_word' id='word_1_192' title='bbox 419 1079 500 1116; x_wconf 88' lang='lat' dir='ltr'><strong>noli</strong></span> <span class='ocrx_word' id='word_1_193' title='bbox 512 1081 528 1115; x_wconf 84' lang='lat'><strong>⁴?</strong></span> <span class='ocrx_word' id='word_1_194' title='bbox 571 1078 660 1116; x_wconf 81' lang='lat' dir='ltr'><strong>Jam</strong></span> <span class='ocrx_word' id='word_1_195' title='bbox 690 1079 736 1115; x_wconf 89' lang='lat' dir='ltr'><strong>tu</strong></span> <span class='ocrx_word' id='word_1_196' title='bbox 759 1077 831 1123; x_wconf 80' lang='lat' dir='ltr'><strong>dic,</strong></span> <span class='ocrx_word' id='word_1_197' title='bbox 864 1078 896 1115; x_wconf 90' lang='lat' dir='ltr'><strong>si</strong></span> <span class='ocrx_word' id='word_1_198' title='bbox 919 1081 1049 1127; x_wconf 70' lang='lat' dir='ltr'><strong>potes,</strong></span> <span class='ocrx_word' id='word_1_199' title='bbox 1086 1077 1211 1122; x_wconf 83' lang='lat' dir='ltr'><strong>Quare</strong></span> <span class='ocrx_word' id='word_1_200' title='bbox 1232 1080 1270 1115; x_wconf 88' lang='lat' dir='ltr'><strong>te</strong></span> <span class='ocrx_word' id='word_1_201' title='bbox 1293 1078 1464 1115; x_wconf 71' lang='lat' dir='ltr'><strong>calcavi?</strong></span> <span class='ocrx_word' id='word_1_202' title='bbox 1511 1079 1576 1116; x_wconf 91' lang='lat' dir='ltr'><strong>Dic</strong></span> <span class='ocrx_word' id='word_1_203' title='bbox 1598 1079 1698 1116; x_wconf 86' lang='lat' dir='ltr'><strong>illud</strong></span> <span class='ocrx_word' id='word_1_204' title='bbox 1721 1080 1858 1129; x_wconf 87' lang='lat' dir='ltr'><strong>capiti:</strong></span> <span class='ocrx_word' id='word_1_205' title='bbox 1897 1081 1950 1118; x_wconf 88' lang='lat' dir='ltr'><strong>Te</strong></span> 
     </span>
     <span class='ocr_line' id='line_1_17' title="bbox 212 1136 1949 1188; baseline 0.001 -13"><span class='ocrx_word' id='word_1_206' title='bbox 212 1138 377 1175; x_wconf 84' lang='lat' dir='ltr'><strong>osculari</strong></span> <span class='ocrx_word' id='word_1_207' title='bbox 399 1138 519 1180; x_wconf 81' lang='lat' dir='ltr'><strong>volui,</strong></span> <span class='ocrx_word' id='word_1_208' title='bbox 544 1136 729 1186; x_wconf 76' lang='lat' dir='ltr'><strong>amplecti</strong></span> <span class='ocrx_word' id='word_1_209' title='bbox 752 1137 872 1174; x_wconf 88' lang='lat' dir='ltr'><strong>volui.</strong></span> <span class='ocrx_word' id='word_1_210' title='bbox 895 1137 969 1175; x_wconf 88' lang='lat' dir='ltr'><strong>Sed</strong></span> <span class='ocrx_word' id='word_1_211' title='bbox 992 1150 1070 1175; x_wconf 89' lang='lat' dir='ltr'><strong>non</strong></span> <span class='ocrx_word' id='word_1_212' title='bbox 1091 1138 1212 1183; x_wconf 84' lang='lat' dir='ltr'><strong>vides,</strong></span> <span class='ocrx_word' id='word_1_213' title='bbox 1236 1150 1257 1175; x_wconf 94' lang='lat' dir='ltr'><strong>o</strong></span> <span class='ocrx_word' id='word_1_214' title='bbox 1279 1138 1413 1182; x_wconf 79' lang='lat' dir='ltr'><strong>stulte,</strong></span> <span class='ocrx_word' id='word_1_215' title='bbox 1437 1137 1532 1186; x_wconf 85' lang='lat' dir='ltr'><strong>quia</strong></span> <span class='ocrx_word' id='word_1_216' title='bbox 1554 1138 1658 1185; x_wconf 84' lang='lat' dir='ltr'><strong>quod</strong></span> <span class='ocrx_word' id='word_1_217' title='bbox 1673 1139 1731 1176; x_wconf 89' lang='lat' dir='ltr'><strong>vis</strong></span> <span class='ocrx_word' id='word_1_218' title='bbox 1751 1139 1949 1188; x_wconf 83' lang='lat' dir='ltr'><strong>amplecti,</strong></span> 
     </span>
     <span class='ocr_line' id='line_1_18' title="bbox 211 1196 1948 1246; baseline 0.002 -12"><span class='ocrx_word' id='word_1_219' title='bbox 211 1210 281 1246; x_wconf 86' lang='lat' dir='ltr'><strong>per</strong></span> <span class='ocrx_word' id='word_1_220' title='bbox 302 1197 499 1245; x_wconf 87' lang='lat' dir='ltr'><strong>quandam</strong></span> <span class='ocrx_word' id='word_1_221' title='bbox 522 1209 744 1246; x_wconf 82' lang='lat' dir='ltr'><strong>compagem</strong></span> <span class='ocrx_word' id='word_1_222' title='bbox 767 1197 934 1234; x_wconf 88' lang='lat' dir='ltr'><strong>unitatis</strong></span> <span class='ocrx_word' id='word_1_223' title='bbox 961 1196 1142 1245; x_wconf 89' lang='lat' dir='ltr'><strong>pervenit</strong></span> <span class='ocrx_word' id='word_1_224' title='bbox 1164 1197 1211 1234; x_wconf 88' lang='lat' dir='ltr'><strong>ad</strong></span> <span class='ocrx_word' id='word_1_225' title='bbox 1233 1197 1284 1241; x_wconf 86' lang='lat' dir='ltr'><strong>id,</strong></span> <span class='ocrx_word' id='word_1_226' title='bbox 1316 1197 1422 1244; x_wconf 89' lang='lat' dir='ltr'><strong>quod</strong></span> <span class='ocrx_word' id='word_1_227' title='bbox 1445 1197 1597 1234; x_wconf 79' lang='lat' dir='ltr'><strong>calcas?</strong></span> <span class='ocrx_word' id='word_1_228' title='bbox 1631 1198 1773 1235; x_wconf 86' lang='lat' dir='ltr'><strong>Susum</strong></span> <span class='ocrx_word' id='word_1_229' title='bbox 1798 1211 1858 1236; x_wconf 90' lang='lat' dir='ltr'><strong>me</strong></span> <span class='ocrx_word' id='word_1_230' title='bbox 1881 1199 1948 1237; x_wconf 89' lang='lat' dir='ltr'><strong>ho-</strong></span> 
     </span>
     <span class='ocr_line' id='line_1_19' title="bbox 212 1255 1948 1305; baseline 0.002 -12"><span class='ocrx_word' id='word_1_231' title='bbox 212 1269 336 1301; x_wconf 81' lang='lat' dir='ltr'><strong>noras,</strong></span> <span class='ocrx_word' id='word_1_232' title='bbox 354 1257 492 1305; x_wconf 88' lang='lat' dir='ltr'><strong>jusum</strong></span> <span class='ocrx_word' id='word_1_233' title='bbox 514 1268 576 1293; x_wconf 90' lang='lat' dir='ltr'><strong>me</strong></span> <span class='ocrx_word' id='word_1_234' title='bbox 597 1256 734 1294; x_wconf 28' lang='lat' dir='ltr'><strong>calcas*</strong></span> <span class='ocrx_word' id='word_1_235' title='bbox 778 1255 873 1292; x_wconf 91' lang='lat' dir='ltr'><strong>Plus</strong></span> <span class='ocrx_word' id='word_1_236' title='bbox 896 1255 1014 1299; x_wconf 82' lang='lat' dir='ltr'><strong>dolet,</strong></span> <span class='ocrx_word' id='word_1_237' title='bbox 1048 1256 1152 1305; x_wconf 86' lang='lat' dir='ltr'><strong>quod</strong></span> <span class='ocrx_word' id='word_1_238' title='bbox 1174 1256 1308 1301; x_wconf 85' lang='lat' dir='ltr'><strong>calcas,</strong></span> <span class='ocrx_word' id='word_1_239' title='bbox 1332 1268 1450 1304; x_wconf 86' lang='lat' dir='ltr'><strong>quam</strong></span> <span class='ocrx_word' id='word_1_240' title='bbox 1471 1256 1618 1305; x_wconf 82' lang='lat' dir='ltr'><strong>gaudet</strong></span> <span class='ocrx_word' id='word_1_241' title='bbox 1643 1257 1749 1305; x_wconf 85' lang='lat' dir='ltr'><strong>quod</strong></span> <span class='ocrx_word' id='word_1_242' title='bbox 1771 1257 1948 1303; x_wconf 85' lang='lat' dir='ltr'><strong>honoras,</strong></span> 
     </span>
     <span class='ocr_line' id='line_1_20' title="bbox 211 1315 1327 1364; baseline 0 -11"><span class='ocrx_word' id='word_1_243' title='bbox 211 1316 309 1364; x_wconf 83' lang='lat' dir='ltr'><strong>quia</strong></span> <span class='ocrx_word' id='word_1_244' title='bbox 331 1316 436 1364; x_wconf 89' lang='lat' dir='ltr'><strong>quod</strong></span> <span class='ocrx_word' id='word_1_245' title='bbox 459 1315 624 1352; x_wconf 90' lang='lat' dir='ltr'><strong>honoras</strong></span> <span class='ocrx_word' id='word_1_246' title='bbox 647 1315 754 1352; x_wconf 88' lang='lat' dir='ltr'><strong>dolet</strong></span> <span class='ocrx_word' id='word_1_247' title='bbox 775 1327 846 1364; x_wconf 89' lang='lat' dir='ltr'><strong>pro</strong></span> <span class='ocrx_word' id='word_1_248' title='bbox 870 1316 936 1359; x_wconf 86' lang='lat' dir='ltr'><strong>eis,</strong></span> <span class='ocrx_word' id='word_1_249' title='bbox 960 1327 1057 1363; x_wconf 90' lang='lat' dir='ltr'><strong>quos</strong></span> <span class='ocrx_word' id='word_1_250' title='bbox 1080 1316 1204 1352; x_wconf 88' lang='lat' dir='ltr'><strong>calcas</strong></span> <span class='ocrx_word' id='word_1_251' title='bbox 1227 1317 1327 1355; x_wconf 55' lang='lat' dir='ltr'><strong>etna«</strong></span> 
     </span>
    </p>
   </div>
   <div class='ocr_carea' id='block_1_3' title="bbox 210 1393 1954 1947">
    <p class='ocr_par' dir='ltr' id='par_1_3' title="bbox 210 1393 1954 1947">
     <span class='ocr_line' id='line_1_21' title="bbox 331 1393 1948 1448; baseline -0.001 -10"><span class='ocrx_word' id='word_1_252' title='bbox 331 1396 374 1438; x_wconf 81' lang='lat'><strong>3.</strong></span> <span class='ocrx_word' id='word_1_253' title='bbox 398 1393 485 1435; x_wconf 88' lang='lat' dir='ltr'><strong>Nec</strong></span> <span class='ocrx_word' id='word_1_254' title='bbox 516 1395 855 1447; x_wconf 84' lang='lat' dir='ltr'><strong>praetermittere</strong></span> <span class='ocrx_word' id='word_1_255' title='bbox 887 1395 985 1435; x_wconf 89' lang='lat' dir='ltr'><strong>licet</strong></span> <span class='ocrx_word' id='word_1_256' title='bbox 1015 1395 1128 1436; x_wconf 86' lang='lat' dir='ltr'><strong>aliud</strong></span> <span class='ocrx_word' id='word_1_257' title='bbox 1151 1394 1419 1447; x_wconf 84' lang='lat' dir='ltr'><strong>praeclarum</strong></span> <span class='ocrx_word' id='word_1_258' title='bbox 1442 1394 1713 1436; x_wconf 83' lang='lat' dir='ltr'><strong>corollarium</strong></span> <span class='ocrx_word' id='word_1_259' title='bbox 1736 1397 1948 1448; x_wconf 88' lang='lat' dir='ltr'><strong>practi-</strong></span> 
     </span>
     <span class='ocr_line' id='line_1_22' title="bbox 211 1466 1949 1521; baseline -0.001 -13"><span class='ocrx_word' id='word_1_260' title='bbox 211 1481 349 1512; x_wconf 82' lang='lat' dir='ltr'><strong>cum.</strong></span> <span class='ocrx_word' id='word_1_261' title='bbox 373 1468 487 1521; x_wconf 90' lang='lat' dir='ltr'><strong>quod</strong></span> <span class='ocrx_word' id='word_1_262' title='bbox 508 1469 605 1509; x_wconf 89' lang='lat' dir='ltr'><strong>inde</strong></span> <span class='ocrx_word' id='word_1_263' title='bbox 627 1467 752 1509; x_wconf 84' lang='lat' dir='ltr'><strong>infert</strong></span> <span class='ocrx_word' id='word_1_264' title='bbox 774 1482 804 1509; x_wconf 85' lang='lat' dir='ltr'><strong>s.</strong></span> <span class='ocrx_word' id='word_1_265' title='bbox 830 1468 980 1509; x_wconf 88' lang='lat' dir='ltr'><strong>doctor</strong></span> <span class='ocrx_word' id='word_1_266' title='bbox 1002 1472 1050 1510; x_wconf 83' lang='lat' dir='ltr'><strong>tr.</strong></span> <span class='ocrx_word' id='word_1_267' title='bbox 1067 1470 1122 1513; x_wconf 81' lang='lat'><strong>32</strong></span> <span class='ocrx_word' id='word_1_268' title='bbox 1138 1467 1254 1510; x_wconf 76' lang='lat' dir='ltr'><strong>inJo.</strong></span> <span class='ocrx_word' id='word_1_269' title='bbox 1270 1481 1308 1508; x_wconf 86' lang='lat' dir='ltr'><strong>n.</strong></span> <span class='ocrx_word' id='word_1_270' title='bbox 1325 1472 1362 1516; x_wconf 79' lang='lat' dir='ltr'><strong>S,</strong></span> <span class='ocrx_word' id='word_1_271' title='bbox 1386 1471 1427 1508; x_wconf 90' lang='lat' dir='ltr'><strong>et</strong></span> <span class='ocrx_word' id='word_1_272' title='bbox 1449 1479 1545 1508; x_wconf 89' lang='lat' dir='ltr'><strong>cum</strong></span> <span class='ocrx_word' id='word_1_273' title='bbox 1568 1469 1659 1519; x_wconf 87' lang='lat' dir='ltr'><strong>ipso</strong></span> <span class='ocrx_word' id='word_1_274' title='bbox 1683 1466 1740 1507; x_wconf 91' lang='lat' dir='ltr'><strong>Al</strong></span> <span class='ocrx_word' id='word_1_275' title='bbox 1755 1467 1949 1508; x_wconf 91' lang='lat' dir='ltr'><strong>cuinus</strong></span> 
     </span>
     <span class='ocr_line' id='line_1_23' title="bbox 212 1537 1950 1591; baseline -0.001 -12"><span class='ocrx_word' id='word_1_276' title='bbox 212 1540 254 1579; x_wconf 91' lang='lat' dir='ltr'><strong>in</strong></span> <span class='ocrx_word' id='word_1_277' title='bbox 276 1538 338 1580; x_wconf 91' lang='lat' dir='ltr'><strong>Jo.</strong></span> <span class='ocrx_word' id='word_1_278' title='bbox 361 1539 384 1582; x_wconf 87' lang='lat' dir='ltr'><strong>l.</strong></span> <span class='ocrx_word' id='word_1_279' title='bbox 407 1543 435 1583; x_wconf 84' lang='grc'>4</span> <span class='ocrx_word' id='word_1_280' title='bbox 457 1551 490 1582; x_wconf 82' lang='lat' dir='ltr'><strong>C.</strong></span> <span class='ocrx_word' id='word_1_281' title='bbox 519 1544 569 1584; x_wconf 80' lang='grc'><strong>18</strong></span> <span class='ocrx_word' id='word_1_282' title='bbox 594 1539 805 1580; x_wconf 86' lang='lat' dir='ltr'><strong>scribens:</strong></span> <span class='ocrx_word' id='word_1_283' title='bbox 846 1539 1112 1591; x_wconf 84' lang='lat' dir='ltr'><strong>„Accipimus</strong></span> <span class='ocrx_word' id='word_1_284' title='bbox 1143 1551 1242 1591; x_wconf 86' lang='lat' dir='ltr'><strong>ergo</strong></span> <span class='ocrx_word' id='word_1_285' title='bbox 1275 1543 1317 1580; x_wconf 91' lang='lat' dir='ltr'><strong>et</strong></span> <span class='ocrx_word' id='word_1_286' title='bbox 1347 1551 1427 1579; x_wconf 91' lang='lat' dir='ltr'><strong>nos</strong></span> <span class='ocrx_word' id='word_1_287' title='bbox 1450 1537 1651 1590; x_wconf 88' lang='lat' dir='ltr'><strong>Spiritum</strong></span> <span class='ocrx_word' id='word_1_288' title='bbox 1674 1542 1882 1586; x_wconf 84' lang='lat' dir='ltr'><strong>sanctum,</strong></span> <span class='ocrx_word' id='word_1_289' title='bbox 1914 1538 1950 1579; x_wconf 92' lang='lat' dir='ltr'><strong>si</strong></span> 
     </span>
     <span class='ocr_line' id='line_1_24' title="bbox 214 1608 1949 1662; baseline -0.001 -12"><span class='ocrx_word' id='word_1_290' title='bbox 214 1622 410 1650; x_wconf 89' lang='lat' dir='ltr'><strong>amamus</strong></span> <span class='ocrx_word' id='word_1_291' title='bbox 425 1609 671 1659; x_wconf 81' lang='lat' dir='ltr'><strong>Ecclesiam,</strong></span> <span class='ocrx_word' id='word_1_292' title='bbox 694 1610 729 1651; x_wconf 90' lang='lat' dir='ltr'><strong>si</strong></span> <span class='ocrx_word' id='word_1_293' title='bbox 751 1611 930 1651; x_wconf 81' lang='lat' dir='ltr'><strong>caritate</strong></span> <span class='ocrx_word' id='word_1_294' title='bbox 946 1610 1307 1662; x_wconf 82' lang='lat' dir='ltr'><strong>compaginamur,</strong></span> <span class='ocrx_word' id='word_1_295' title='bbox 1329 1610 1364 1650; x_wconf 91' lang='lat' dir='ltr'><strong>si</strong></span> <span class='ocrx_word' id='word_1_296' title='bbox 1386 1608 1597 1650; x_wconf 79' lang='lat' dir='ltr'><strong>catholico</strong></span> <span class='ocrx_word' id='word_1_297' title='bbox 1611 1609 1783 1650; x_wconf 90' lang='lat' dir='ltr'><strong>nomine</strong></span> <span class='ocrx_word' id='word_1_298' title='bbox 1806 1614 1847 1650; x_wconf 88' lang='lat' dir='ltr'><strong>et</strong></span> <span class='ocrx_word' id='word_1_299' title='bbox 1868 1608 1949 1650; x_wconf 86' lang='lat' dir='ltr'><strong>fide</strong></span> 
     </span>
     <span class='ocr_line' id='line_1_25' title="bbox 210 1672 1950 1734; baseline 0.001 -13.001"><span class='ocrx_word' id='word_1_300' title='bbox 210 1681 454 1732; x_wconf 80' lang='lat' dir='ltr'><strong>gaudemus</strong></span> <span class='ocrx_word' id='word_1_301' title='bbox 461 1672 616 1732; x_wconf 47' lang='lat' dir='ltr'><strong>*Igitur</strong></span> <span class='ocrx_word' id='word_1_302' title='bbox 638 1686 842 1734; x_wconf 87' lang='lat' dir='ltr'><strong>quantum</strong></span> <span class='ocrx_word' id='word_1_303' title='bbox 867 1681 1045 1734; x_wconf 86' lang='lat' dir='ltr'><strong>quisque</strong></span> <span class='ocrx_word' id='word_1_304' title='bbox 1068 1685 1184 1722; x_wconf 85' lang='lat' dir='ltr'><strong>amat</strong></span> <span class='ocrx_word' id='word_1_305' title='bbox 1198 1680 1431 1722; x_wconf 82' lang='lat' dir='ltr'><strong>Ecclesiam</strong></span> <span class='ocrx_word' id='word_1_306' title='bbox 1446 1679 1612 1729; x_wconf 82' lang='lat' dir='ltr'><strong>Christi,</strong></span> <span class='ocrx_word' id='word_1_307' title='bbox 1633 1683 1798 1720; x_wconf 82' lang='lat' dir='ltr'><strong>tantum</strong></span> <span class='ocrx_word' id='word_1_308' title='bbox 1820 1680 1950 1722; x_wconf 88' lang='lat' dir='ltr'><strong>habet</strong></span> 
     </span>
     <span class='ocr_line' id='line_1_26' title="bbox 213 1750 1950 1828; baseline 0 -36"><span class='ocrx_word' id='word_1_309' title='bbox 213 1750 415 1804; x_wconf 87' lang='lat' dir='ltr'><strong>Spiritum</strong></span> <span class='ocrx_word' id='word_1_310' title='bbox 437 1757 644 1793; x_wconf 85' lang='lat' dir='ltr'><strong>sanctum.</strong></span> <span class='ocrx_word' id='word_1_311' title='bbox 688 1751 904 1793; x_wconf 82' lang='lat' dir='ltr'><strong>Habemus</strong></span> <span class='ocrx_word' id='word_1_312' title='bbox 928 1764 1028 1804; x_wconf 86' lang='lat' dir='ltr'><strong>ergo</strong></span> <span class='ocrx_word' id='word_1_313' title='bbox 1052 1750 1253 1804; x_wconf 85' lang='lat' dir='ltr'><strong>Spiritum</strong></span> <span class='ocrx_word' id='word_1_314' title='bbox 1280 1756 1582 1828; x_wconf 47' lang='lat' dir='ltr'><strong>sanctuffiQ</strong></span> <span class='ocrx_word' id='word_1_315' title='bbox 1520 1751 1555 1791; x_wconf 85' lang='lat' dir='ltr'><strong>si</strong></span> <span class='ocrx_word' id='word_1_316' title='bbox 1587 1763 1782 1792; x_wconf 83' lang='lat' dir='ltr'><strong>amamus</strong></span> <span class='ocrx_word' id='word_1_317' title='bbox 1805 1750 1950 1792; x_wconf 88' lang='lat' dir='ltr'><strong>Eccle-</strong></span> 
     </span>
     <span class='ocr_line' id='line_1_27' title="bbox 210 1794 1954 1878; baseline 0 -15"><span class='ocrx_word' id='word_1_318' title='bbox 210 1823 341 1872; x_wconf 68' lang='lat' dir='ltr'><strong>siam,</strong></span> <span class='ocrx_word' id='word_1_319' title='bbox 374 1835 570 1864; x_wconf 87' lang='lat' dir='ltr'><strong>amamus</strong></span> <span class='ocrx_word' id='word_1_320' title='bbox 603 1827 758 1869; x_wconf 84' lang='lat' dir='ltr'><strong>autem</strong></span> <span class='ocrx_word' id='word_1_321' title='bbox 790 1824 825 1863; x_wconf 91' lang='lat' dir='ltr'><strong>si</strong></span> <span class='ocrx_word' id='word_1_322' title='bbox 858 1824 901 1863; x_wconf 89' lang='lat' dir='ltr'><strong>in</strong></span> <span class='ocrx_word' id='word_1_323' title='bbox 932 1823 1023 1876; x_wconf 83' lang='lat' dir='ltr'><strong>ejus</strong></span> <span class='ocrx_word' id='word_1_324' title='bbox 1021 1804 1414 1878; x_wconf 39' lang='lat' dir='ltr'><strong>eoffiefftim</strong></span> <span class='ocrx_word' id='word_1_325' title='bbox 1365 1826 1542 1863; x_wconf 82' lang='lat' dir='ltr'><strong>caritate</strong></span> <span class='ocrx_word' id='word_1_326' title='bbox 1512 1794 1888 1864; x_wconf 55' lang='lat' dir='ltr'><strong>consgfffi‘r&#39;iius</strong></span> <span class='ocrx_word' id='word_1_327' title='bbox 1874 1804 1954 1877; x_wconf 44' lang='grc' dir='ltr'><strong>ῑῖᾅ</strong></span> 
     </span>
     <span class='ocr_line' id='line_1_28' title="bbox 210 1892 1948 1947; baseline 0 -13"><span class='ocrx_word' id='word_1_328' title='bbox 210 1892 259 1934; x_wconf 85' lang='lat' dir='ltr'><strong>Et</strong></span> <span class='ocrx_word' id='word_1_329' title='bbox 289 1894 387 1934; x_wconf 88' lang='lat' dir='ltr'><strong>hinc</strong></span> <span class='ocrx_word' id='word_1_330' title='bbox 418 1906 502 1947; x_wconf 86' lang='lat' dir='ltr'><strong>quo</strong></span> <span class='ocrx_word' id='word_1_331' title='bbox 534 1894 698 1946; x_wconf 85' lang='lat' dir='ltr'><strong>plenior</strong></span> <span class='ocrx_word' id='word_1_332' title='bbox 729 1894 879 1947; x_wconf 87' lang='lat' dir='ltr'><strong>aliquis</strong></span> <span class='ocrx_word' id='word_1_333' title='bbox 908 1899 972 1934; x_wconf 90' lang='lat' dir='ltr'><strong>est</strong></span> <span class='ocrx_word' id='word_1_334' title='bbox 994 1892 1152 1946; x_wconf 82' lang='lat' dir='ltr'><strong>Spiritu</strong></span> <span class='ocrx_word' id='word_1_335' title='bbox 1174 1898 1336 1942; x_wconf 87' lang='lat' dir='ltr'><strong>sancto</strong></span> <span class='ocrx_word' id='word_1_336' title='bbox 1369 1906 1452 1946; x_wconf 91' lang='lat' dir='ltr'><strong>quo</strong></span> <span class='ocrx_word' id='word_1_337' title='bbox 1484 1893 1685 1942; x_wconf 87' lang='lat' dir='ltr'><strong>sanctior</strong></span> <span class='ocrx_word' id='word_1_338' title='bbox 1718 1905 1769 1934; x_wconf 91' lang='lat' dir='ltr'><strong>eo</strong></span> <span class='ocrx_word' id='word_1_339' title='bbox 1799 1893 1948 1934; x_wconf 89' lang='lat' dir='ltr'><strong>melius</strong></span> 
     </span>
    </p>
   </div>
   <div class='ocr_carea' id='block_1_4' title="bbox 1956 1783 2071 1855">
    <p class='ocr_par' dir='ltr' id='par_1_4' title="bbox 1956 1783 2071 1855">
     <span class='ocr_line' id='line_1_29' title="bbox 1956 1783 2071 1855; baseline 0 -27"><span class='ocrx_word' id='word_1_340' title='bbox 1956 1783 2071 1855; x_wconf 42' lang='lat' dir='ltr'><strong>aas„</strong></span> 
     </span>
    </p>
   </div>
   <div class='ocr_carea' id='block_1_5' title="bbox 212 1963 2043 2114">
    <p class='ocr_par' dir='ltr' id='par_1_5' title="bbox 212 1963 2043 2114">
     <span class='ocr_line' id='line_1_30' title="bbox 212 1963 2043 2114; baseline 0 -109"><span class='ocrx_word' id='word_1_341' title='bbox 212 1965 292 2005; x_wconf 86' lang='lat' dir='ltr'><strong>erit</strong></span> <span class='ocrx_word' id='word_1_342' title='bbox 307 1963 520 2006; x_wconf 87' lang='lat' dir='ltr'><strong>Ecclesiae</strong></span> <span class='ocrx_word' id='word_1_343' title='bbox 536 1965 787 2014; x_wconf 78' lang='lat' dir='ltr'><strong>membrum,</strong></span> <span class='ocrx_word' id='word_1_344' title='bbox 810 1978 861 2006; x_wconf 91' lang='lat' dir='ltr'><strong>eo</strong></span> <span class='ocrx_word' id='word_1_345' title='bbox 877 1965 1011 2016; x_wconf 85' lang='lat' dir='ltr'><strong>magis</strong></span> <span class='ocrx_word' id='word_1_346' title='bbox 1026 1964 1271 2013; x_wconf 87' lang='lat' dir='ltr'><strong>catholicus,</strong></span> <span class='ocrx_word' id='word_1_347' title='bbox 1294 1976 1345 2005; x_wconf 90' lang='lat' dir='ltr'><strong>eo</strong></span> <span class='ocrx_word' id='word_1_348' title='bbox 1369 1964 1601 2005; x_wconf 87' lang='lat' dir='ltr'><strong>ardentiori</strong></span> <span class='ocrx_word' id='word_1_349' title='bbox 1623 1964 1714 2005; x_wconf 89' lang='lat' dir='ltr'><strong>zelo</strong></span> <span class='ocrx_word' id='word_1_350' title='bbox 1738 1969 1780 2005; x_wconf 91' lang='lat' dir='ltr'><strong>et</strong></span> <span class='ocrx_word' id='word_1_351' title='bbox 1802 1976 2043 2114; x_wconf 49' lang='grc' dir='ltr'><strong>ᾶῐηῖἑθίῇ,</strong></span> 
     </span>
    </p>
   </div>
   <div class='ocr_carea' id='block_1_6' title="bbox 210 2035 1949 2446">
    <p class='ocr_par' dir='ltr' id='par_1_6' title="bbox 210 2035 1217 2083">
     <span class='ocr_line' id='line_1_31' title="bbox 210 2035 1217 2083; baseline -0.001 -6"><span class='ocrx_word' id='word_1_352' title='bbox 210 2036 369 2077; x_wconf 81' lang='lat' dir='ltr'><strong>feretur</strong></span> <span class='ocrx_word' id='word_1_353' title='bbox 390 2036 432 2076; x_wconf 91' lang='lat' dir='ltr'><strong>in</strong></span> <span class='ocrx_word' id='word_1_354' title='bbox 456 2035 699 2083; x_wconf 77' lang='lat' dir='ltr'><strong>Ecclesiam,</strong></span> <span class='ocrx_word' id='word_1_355' title='bbox 721 2041 968 2077; x_wconf 87' lang='lat' dir='ltr'><strong>sanctorum</strong></span> <span class='ocrx_word' id='word_1_356' title='bbox 991 2036 1077 2076; x_wconf 86' lang='lat' dir='ltr'><strong>vita</strong></span> <span class='ocrx_word' id='word_1_357' title='bbox 1099 2040 1217 2077; x_wconf 83' lang='lat' dir='ltr'><strong>teste.</strong></span> 
     </span>
    </p>

    <p class='ocr_par' dir='ltr' id='par_1_7' title="bbox 210 2104 1949 2446">
     <span class='ocr_line' id='line_1_32' title="bbox 328 2104 1947 2163; baseline 0 -15"><span class='ocrx_word' id='word_1_358' title='bbox 328 2107 372 2149; x_wconf 82' lang='lat'><strong>4.</strong></span> <span class='ocrx_word' id='word_1_359' title='bbox 397 2104 680 2160; x_wconf 83' lang='lat' dir='ltr'><strong>Consequitur</strong></span> <span class='ocrx_word' id='word_1_360' title='bbox 703 2120 872 2149; x_wconf 87' lang='lat' dir='ltr'><strong>summa</strong></span> <span class='ocrx_word' id='word_1_361' title='bbox 894 2108 1128 2149; x_wconf 91' lang='lat' dir='ltr'><strong>secundum</strong></span> <span class='ocrx_word' id='word_1_362' title='bbox 1151 2113 1294 2160; x_wconf 83' lang='lat' dir='ltr'><strong>patres</strong></span> <span class='ocrx_word' id='word_1_363' title='bbox 1320 2109 1503 2163; x_wconf 70' lang='lat' dir='ltr'><strong>diqnitas</strong></span> <span class='ocrx_word' id='word_1_364' title='bbox 1525 2114 1561 2149; x_wconf 78' lang='lat' dir='ltr'><strong>et</strong></span> <span class='ocrx_word' id='word_1_365' title='bbox 1576 2108 1845 2162; x_wconf 77' lang='lat' dir='ltr'><strong>praestantia</strong></span> <span class='ocrx_word' id='word_1_366' title='bbox 1867 2106 1947 2148; x_wconf 86' lang='lat' dir='ltr'><strong>Ec-</strong></span> 
     </span>
     <span class='ocr_line' id='line_1_33' title="bbox 210 2177 1949 2232; baseline 0.001 -15"><span class='ocrx_word' id='word_1_367' title='bbox 210 2177 369 2231; x_wconf 60' lang='lat' dir='ltr'><strong>clesiae,</strong></span> <span class='ocrx_word' id='word_1_368' title='bbox 400 2182 520 2218; x_wconf 88' lang='lat' dir='ltr'><strong>tanta</strong></span> <span class='ocrx_word' id='word_1_369' title='bbox 551 2178 637 2222; x_wconf 87' lang='lat' dir='ltr'><strong>scil.</strong></span> <span class='ocrx_word' id='word_1_370' title='bbox 669 2183 715 2220; x_wconf 87' lang='lat' dir='ltr'><strong>ut</strong></span> <span class='ocrx_word' id='word_1_371' title='bbox 746 2183 836 2220; x_wconf 88' lang='lat' dir='ltr'><strong>toto</strong></span> <span class='ocrx_word' id='word_1_372' title='bbox 860 2179 980 2219; x_wconf 88' lang='lat' dir='ltr'><strong>coelo</strong></span> <span class='ocrx_word' id='word_1_373' title='bbox 1004 2178 1233 2231; x_wconf 82' lang='lat' dir='ltr'><strong>praecellat</strong></span> <span class='ocrx_word' id='word_1_374' title='bbox 1254 2191 1339 2232; x_wconf 85' lang='lat' dir='ltr'><strong>qua</strong></span> <span class='ocrx_word' id='word_1_375' title='bbox 1385 2179 1487 2220; x_wconf 87' lang='lat' dir='ltr'><strong>libet</strong></span> <span class='ocrx_word' id='word_1_376' title='bbox 1508 2179 1760 2219; x_wconf 77' lang='lat' dir='ltr'><strong>societatem</strong></span> <span class='ocrx_word' id='word_1_377' title='bbox 1783 2177 1949 2218; x_wconf 88' lang='lat' dir='ltr'><strong>civilem</strong></span> 
     </span>
     <span class='ocr_line' id='line_1_34' title="bbox 216 2247 1948 2309; baseline 0.001 -22"><span class='ocrx_word' id='word_1_378' title='bbox 216 2247 282 2288; x_wconf 87' lang='lat' dir='ltr'><strong>vel</strong></span> <span class='ocrx_word' id='word_1_379' title='bbox 303 2259 419 2289; x_wconf 88' lang='lat' dir='ltr'><strong>mere</strong></span> <span class='ocrx_word' id='word_1_380' title='bbox 441 2249 695 2290; x_wconf 88' lang='lat' dir='ltr'><strong>humanam:</strong></span> <span class='ocrx_word' id='word_1_381' title='bbox 726 2254 770 2291; x_wconf 88' lang='lat' dir='ltr'><strong>ut</strong></span> <span class='ocrx_word' id='word_1_382' title='bbox 793 2250 1013 2291; x_wconf 86' lang='lat' dir='ltr'><strong>verissime</strong></span> <span class='ocrx_word' id='word_1_383' title='bbox 1042 2250 1123 2290; x_wconf 89' lang='lat' dir='ltr'><strong>dici</strong></span> <span class='ocrx_word' id='word_1_384' title='bbox 1144 2250 1280 2302; x_wconf 87' lang='lat' dir='ltr'><strong>possit</strong></span> <span class='ocrx_word' id='word_1_385' title='bbox 1301 2254 1342 2290; x_wconf 87' lang='lat' dir='ltr'><strong>et</strong></span> <span class='ocrx_word' id='word_1_386' title='bbox 1392 2249 1518 2290; x_wconf 84' lang='lat' dir='ltr'><strong>ebeat</strong></span> <span class='ocrx_word' id='word_1_387' title='bbox 1539 2249 1745 2309; x_wconf 45' lang='lat' dir='ltr'><strong>templssim</strong></span> <span class='ocrx_word' id='word_1_388' title='bbox 1767 2249 1948 2289; x_wconf 89' lang='lat' dir='ltr'><strong>sanctis-</strong></span> 
     </span>
     <span class='ocr_line' id='line_1_35' title="bbox 210 2318 1948 2376; baseline 0.003 -19"><span class='ocrx_word' id='word_1_389' title='bbox 210 2318 366 2375; x_wconf 59' lang='lat' dir='ltr'><strong>simum</strong></span> <span class='ocrx_word' id='word_1_390' title='bbox 389 2319 464 2360; x_wconf 90' lang='lat' dir='ltr'><strong>Dei</strong></span> <span class='ocrx_word' id='word_1_391' title='bbox 490 2320 583 2368; x_wconf 90' lang='lat' dir='ltr'><strong>vivi,</strong></span> <span class='ocrx_word' id='word_1_392' title='bbox 614 2321 656 2361; x_wconf 91' lang='lat' dir='ltr'><strong>in</strong></span> <span class='ocrx_word' id='word_1_393' title='bbox 689 2333 773 2373; x_wconf 88' lang='lat' dir='ltr'><strong>quo</strong></span> <span class='ocrx_word' id='word_1_394' title='bbox 807 2320 1060 2373; x_wconf 88' lang='lat' dir='ltr'><strong>adimpletur</strong></span> <span class='ocrx_word' id='word_1_395' title='bbox 1090 2320 1161 2361; x_wconf 88' lang='lat' dir='ltr'><strong>illa</strong></span> <span class='ocrx_word' id='word_1_396' title='bbox 1183 2320 1258 2361; x_wconf 90' lang='lat' dir='ltr'><strong>Dei</strong></span> <span class='ocrx_word' id='word_1_397' title='bbox 1281 2321 1506 2372; x_wconf 87' lang='lat' dir='ltr'><strong>promissio</strong></span> <span class='ocrx_word' id='word_1_398' title='bbox 1530 2320 1586 2376; x_wconf 77' lang='lat'><strong>(2.</strong></span> <span class='ocrx_word' id='word_1_399' title='bbox 1613 2318 1707 2361; x_wconf 89' lang='lat' dir='ltr'><strong>Cor.</strong></span> <span class='ocrx_word' id='word_1_400' title='bbox 1730 2323 1768 2369; x_wconf 85' lang='lat'><strong>6,</strong></span> <span class='ocrx_word' id='word_1_401' title='bbox 1796 2322 1847 2363; x_wconf 85' lang='lat'><strong>16</strong></span> <span class='ocrx_word' id='word_1_402' title='bbox 1870 2319 1948 2362; x_wconf 88' lang='lat' dir='ltr'><strong>col.</strong></span> 
     </span>
     <span class='ocr_line' id='line_1_36' title="bbox 213 2387 1949 2446; baseline 0.001 -18"><span class='ocrx_word' id='word_1_403' title='bbox 213 2387 307 2430; x_wconf 84' lang='lat' dir='ltr'><strong>Lev.</strong></span> <span class='ocrx_word' id='word_1_404' title='bbox 331 2393 399 2438; x_wconf 76' lang='lat'><strong>26,</strong></span> <span class='ocrx_word' id='word_1_405' title='bbox 425 2391 516 2446; x_wconf 80' lang='lat'>12):</span> <span class='ocrx_word' id='word_1_406' title='bbox 555 2392 760 2442; x_wconf 79' lang='lat' dir='ltr'><strong>Quoniam</strong></span> <span class='ocrx_word' id='word_1_407' title='bbox 791 2392 1030 2433; x_wconf 79' lang='lat' dir='ltr'><strong>inhabitabo</strong></span> <span class='ocrx_word' id='word_1_408' title='bbox 1060 2393 1105 2432; x_wconf 75' lang='lat' dir='ltr'><strong>in</strong></span> <span class='ocrx_word' id='word_1_409' title='bbox 1138 2392 1220 2432; x_wconf 67' lang='lat' dir='ltr'><strong>illis</strong></span> <span class='ocrx_word' id='word_1_410' title='bbox 1249 2396 1286 2432; x_wconf 78' lang='lat' dir='ltr'><strong>et</strong></span> <span class='ocrx_word' id='word_1_411' title='bbox 1318 2390 1582 2433; x_wconf 66' lang='lat' dir='ltr'><strong>inambulabo</strong></span> <span class='ocrx_word' id='word_1_412' title='bbox 1608 2392 1715 2432; x_wconf 73' lang='lat' dir='ltr'><strong>inter</strong></span> <span class='ocrx_word' id='word_1_413' title='bbox 1736 2403 1801 2431; x_wconf 86' lang='lat' dir='ltr'><strong>eos</strong></span> <span class='ocrx_word' id='word_1_414' title='bbox 1823 2394 1859 2431; x_wconf 81' lang='lat' dir='ltr'><strong>et</strong></span> <span class='ocrx_word' id='word_1_415' title='bbox 1881 2404 1949 2431; x_wconf 81' lang='lat' dir='ltr'><strong>ero</strong></span> 
     </span>
    </p>
   </div>
   <div class='ocr_carea' id='block_1_7' title="bbox 206 2512 1949 3142">
    <p class='ocr_par' dir='ltr' id='par_1_8' title="bbox 209 2512 1949 2720">
     <span class='ocr_line' id='line_1_37' title="bbox 210 2512 1949 2558; baseline 0.002 -15"><span class='ocrx_word' id='word_1_416' title='bbox 210 2512 413 2554; x_wconf 83' lang='lat' dir='ltr'><strong>separatus.</strong></span> <span class='ocrx_word' id='word_1_417' title='bbox 448 2512 764 2555; x_wconf 86' lang='lat' dir='ltr'><strong>Quemadmodum</strong></span> <span class='ocrx_word' id='word_1_418' title='bbox 784 2514 882 2549; x_wconf 88' lang='lat' dir='ltr'><strong>enim</strong></span> <span class='ocrx_word' id='word_1_419' title='bbox 901 2516 1120 2555; x_wconf 79' lang='lat' dir='ltr'><strong>membrum,</strong></span> <span class='ocrx_word' id='word_1_420' title='bbox 1147 2516 1177 2549; x_wconf 87' lang='lat' dir='ltr'><strong>si</strong></span> <span class='ocrx_word' id='word_1_421' title='bbox 1195 2514 1431 2558; x_wconf 84' lang='lat' dir='ltr'><strong>praecidatur</strong></span> <span class='ocrx_word' id='word_1_422' title='bbox 1449 2515 1496 2548; x_wconf 87' lang='lat' dir='ltr'><strong>ab</strong></span> <span class='ocrx_word' id='word_1_423' title='bbox 1515 2514 1675 2548; x_wconf 90' lang='lat' dir='ltr'><strong>hominis</strong></span> <span class='ocrx_word' id='word_1_424' title='bbox 1693 2513 1770 2547; x_wconf 82' lang='lat' dir='ltr'><strong>vivi</strong></span> <span class='ocrx_word' id='word_1_425' title='bbox 1787 2523 1949 2557; x_wconf 85' lang='lat' dir='ltr'><strong>corpore,</strong></span> 
     </span>
     <span class='ocr_line' id='line_1_38' title="bbox 210 2567 1946 2613; baseline 0.002 -16"><span class='ocrx_word' id='word_1_426' title='bbox 210 2573 282 2598; x_wconf 88' lang='lat' dir='ltr'><strong>non</strong></span> <span class='ocrx_word' id='word_1_427' title='bbox 300 2567 425 2608; x_wconf 84' lang='lat' dir='ltr'><strong>potest</strong></span> <span class='ocrx_word' id='word_1_428' title='bbox 440 2567 567 2601; x_wconf 83' lang='lat' dir='ltr'><strong>tenere</strong></span> <span class='ocrx_word' id='word_1_429' title='bbox 586 2568 758 2612; x_wconf 81' lang='lat' dir='ltr'><strong>spiritum</strong></span> <span class='ocrx_word' id='word_1_430' title='bbox 778 2569 894 2606; x_wconf 84' lang='lat' dir='ltr'><strong>vitae:</strong></span> <span class='ocrx_word' id='word_1_431' title='bbox 914 2568 965 2602; x_wconf 90' lang='lat' dir='ltr'><strong>sic</strong></span> <span class='ocrx_word' id='word_1_432' title='bbox 983 2569 1104 2610; x_wconf 90' lang='lat' dir='ltr'><strong>homo,</strong></span> <span class='ocrx_word' id='word_1_433' title='bbox 1125 2569 1187 2612; x_wconf 90' lang='lat' dir='ltr'><strong>qui</strong></span> <span class='ocrx_word' id='word_1_434' title='bbox 1206 2568 1432 2613; x_wconf 85' lang='lat' dir='ltr'><strong>praeciditur</strong></span> <span class='ocrx_word' id='word_1_435' title='bbox 1450 2568 1494 2602; x_wconf 88' lang='lat' dir='ltr'><strong>de</strong></span> <span class='ocrx_word' id='word_1_436' title='bbox 1515 2568 1649 2602; x_wconf 83' lang='lat' dir='ltr'><strong>Christi</strong></span> <span class='ocrx_word' id='word_1_437' title='bbox 1675 2567 1767 2612; x_wconf 86' lang='lat' dir='ltr'><strong>justi</strong></span> <span class='ocrx_word' id='word_1_438' title='bbox 1787 2577 1946 2611; x_wconf 86' lang='lat' dir='ltr'><strong>corpore,</strong></span> 
     </span>
     <span class='ocr_line' id='line_1_39' title="bbox 210 2617 1948 2667; baseline 0.002 -17"><span class='ocrx_word' id='word_1_439' title='bbox 210 2617 313 2651; x_wconf 86' lang='lat' dir='ltr'><strong>nullo</strong></span> <span class='ocrx_word' id='word_1_440' title='bbox 334 2619 440 2653; x_wconf 90' lang='lat' dir='ltr'><strong>modo</strong></span> <span class='ocrx_word' id='word_1_441' title='bbox 460 2622 583 2665; x_wconf 85' lang='lat' dir='ltr'><strong>potest</strong></span> <span class='ocrx_word' id='word_1_442' title='bbox 601 2622 772 2665; x_wconf 87' lang='lat' dir='ltr'><strong>spiritum</strong></span> <span class='ocrx_word' id='word_1_443' title='bbox 804 2623 930 2656; x_wconf 83' lang='lat' dir='ltr'><strong>tenere</strong></span> <span class='ocrx_word' id='word_1_444' title='bbox 943 2621 1124 2667; x_wconf 77' lang='lat' dir='ltr'><strong>justitiae,</strong></span> <span class='ocrx_word' id='word_1_445' title='bbox 1152 2622 1297 2656; x_wconf 87' lang='lat' dir='ltr'><strong>etiamsi</strong></span> <span class='ocrx_word' id='word_1_446' title='bbox 1324 2622 1479 2667; x_wconf 88' lang='lat' dir='ltr'><strong>figuram</strong></span> <span class='ocrx_word' id='word_1_447' title='bbox 1507 2621 1663 2655; x_wconf 90' lang='lat' dir='ltr'><strong>membri</strong></span> <span class='ocrx_word' id='word_1_448' title='bbox 1680 2622 1819 2661; x_wconf 77' lang='lat' dir='ltr'><strong>teneat,</strong></span> <span class='ocrx_word' id='word_1_449' title='bbox 1835 2630 1948 2664; x_wconf 86' lang='lat' dir='ltr'><strong>quam</strong></span> 
     </span>
     <span class='ocr_line' id='line_1_40' title="bbox 209 2672 1047 2720; baseline 0.008 -17"><span class='ocrx_word' id='word_1_450' title='bbox 209 2672 367 2716; x_wconf 83' lang='lat' dir='ltr'><strong>sumpsit</strong></span> <span class='ocrx_word' id='word_1_451' title='bbox 385 2672 423 2706; x_wconf 89' lang='lat' dir='ltr'><strong>in</strong></span> <span class='ocrx_word' id='word_1_452' title='bbox 441 2682 623 2718; x_wconf 51' lang='lat' dir='ltr'><strong>corpore}</strong></span> <span class='ocrx_word' id='word_1_453' title='bbox 661 2674 763 2716; x_wconf 86' lang='lat' dir='ltr'><strong>Quod</strong></span> <span class='ocrx_word' id='word_1_454' title='bbox 782 2676 921 2720; x_wconf 87' lang='lat' dir='ltr'><strong>repetit</strong></span> <span class='ocrx_word' id='word_1_455' title='bbox 938 2688 973 2709; x_wconf 88' lang='lat' dir='ltr'><strong>n.</strong></span> <span class='ocrx_word' id='word_1_456' title='bbox 992 2679 1047 2711; x_wconf 86' lang='lat'><strong>50.</strong></span> 
     </span>
    </p>

    <p class='ocr_par' dir='ltr' id='par_1_9' title="bbox 206 2724 1948 3142">
     <span class='ocr_line' id='line_1_41' title="bbox 331 2724 1947 2773; baseline 0.002 -15"><span class='ocrx_word' id='word_1_457' title='bbox 331 2726 354 2768; x_wconf 85' lang='lat'><strong>¹)</strong></span> <span class='ocrx_word' id='word_1_458' title='bbox 366 2724 535 2760; x_wconf 83' lang='lat' dir='ltr'><strong>Ceterum</strong></span> <span class='ocrx_word' id='word_1_459' title='bbox 544 2728 718 2771; x_wconf 83' lang='lat' dir='ltr'><strong>pleraque</strong></span> <span class='ocrx_word' id='word_1_460' title='bbox 730 2728 936 2767; x_wconf 84' lang='lat' dir='ltr'><strong>corollaria,</strong></span> <span class='ocrx_word' id='word_1_461' title='bbox 948 2739 1042 2772; x_wconf 84' lang='lat' dir='ltr'><strong>quae</strong></span> <span class='ocrx_word' id='word_1_462' title='bbox 1053 2727 1270 2762; x_wconf 86' lang='lat' dir='ltr'><strong>deduximus</strong></span> <span class='ocrx_word' id='word_1_463' title='bbox 1281 2738 1324 2762; x_wconf 85' lang='lat' dir='ltr'><strong>ex</strong></span> <span class='ocrx_word' id='word_1_464' title='bbox 1336 2727 1589 2773; x_wconf 85' lang='lat' dir='ltr'><strong>appellatione</strong></span> <span class='ocrx_word' id='word_1_465' title='bbox 1599 2727 1774 2771; x_wconf 86' lang='lat' dir='ltr'><strong>,corporis</strong></span> <span class='ocrx_word' id='word_1_466' title='bbox 1786 2726 1947 2767; x_wconf 56' lang='lat' dir='ltr'><strong>christia</strong></span> 
     </span>
     <span class='ocr_line' id='line_1_42' title="bbox 206 2777 1948 2825; baseline 0.003 -15"><span class='ocrx_word' id='word_1_467' title='bbox 206 2777 297 2811; x_wconf 86' lang='lat' dir='ltr'><strong>licet</strong></span> <span class='ocrx_word' id='word_1_468' title='bbox 314 2778 450 2812; x_wconf 65' lang='lat' dir='ltr'><strong>inferre</strong></span> <span class='ocrx_word' id='word_1_469' title='bbox 469 2790 511 2813; x_wconf 86' lang='lat' dir='ltr'><strong>ex</strong></span> <span class='ocrx_word' id='word_1_470' title='bbox 529 2781 753 2824; x_wconf 71' lang='lat' dir='ltr'><strong>praedicam,</strong></span> <span class='ocrx_word' id='word_1_471' title='bbox 783 2792 853 2825; x_wconf 93' lang='lat' dir='ltr'><strong>quo</strong></span> <span class='ocrx_word' id='word_1_472' title='bbox 874 2781 1036 2816; x_wconf 80' lang='lat' dir='ltr'><strong>Ecclesia</strong></span> <span class='ocrx_word' id='word_1_473' title='bbox 1062 2781 1247 2816; x_wconf 85' lang='lat' dir='ltr'><strong>salutatur</strong></span> <span class='ocrx_word' id='word_1_474' title='bbox 1273 2793 1401 2825; x_wconf 82' lang='lat' dir='ltr'><strong>sponsa</strong></span> <span class='ocrx_word' id='word_1_475' title='bbox 1422 2782 1557 2816; x_wconf 77' lang='lat' dir='ltr'><strong>Christi</strong></span> <span class='ocrx_word' id='word_1_476' title='bbox 1573 2780 1664 2825; x_wconf 89' lang='lat' dir='ltr'><strong>Eph.</strong></span> <span class='ocrx_word' id='word_1_477' title='bbox 1684 2785 1716 2819; x_wconf 84' lang='lat'><strong>5,</strong></span> <span class='ocrx_word' id='word_1_478' title='bbox 1736 2784 1780 2814; x_wconf 73' lang='lat'><strong>22</strong></span> <span class='ocrx_word' id='word_1_479' title='bbox 1801 2791 1846 2814; x_wconf 87' lang='lat' dir='ltr'><strong>ss.</strong></span> <span class='ocrx_word' id='word_1_480' title='bbox 1865 2779 1948 2815; x_wconf 92' lang='lat' dir='ltr'><strong>coll.</strong></span> 
     </span>
     <span class='ocr_line' id='line_1_43' title="bbox 208 2832 1947 2879; baseline 0.003 -15"><span class='ocrx_word' id='word_1_481' title='bbox 208 2832 321 2875; x_wconf 90' lang='lat' dir='ltr'><strong>Apoc.</strong></span> <span class='ocrx_word' id='word_1_482' title='bbox 341 2835 397 2872; x_wconf 79' lang='lat'><strong>⁶21,</strong></span> <span class='ocrx_word' id='word_1_483' title='bbox 417 2836 446 2868; x_wconf 81' lang='lat'><strong>2.</strong></span> <span class='ocrx_word' id='word_1_484' title='bbox 467 2835 507 2870; x_wconf 74' lang='lat'><strong>9:</strong></span> <span class='ocrx_word' id='word_1_485' title='bbox 527 2835 612 2868; x_wconf 86' lang='lat' dir='ltr'><strong>inde</strong></span> <span class='ocrx_word' id='word_1_486' title='bbox 631 2835 729 2868; x_wconf 88' lang='lat' dir='ltr'><strong>enim</strong></span> <span class='ocrx_word' id='word_1_487' title='bbox 746 2838 862 2879; x_wconf 82' lang='lat' dir='ltr'><strong>patet,</strong></span> <span class='ocrx_word' id='word_1_488' title='bbox 880 2835 1004 2879; x_wconf 84' lang='lat' dir='ltr'><strong>inquit</strong></span> <span class='ocrx_word' id='word_1_489' title='bbox 1023 2836 1050 2870; x_wconf 90' lang='grc' dir='ltr'>Ρ</span> <span class='ocrx_word' id='word_1_490' title='bbox 1062 2836 1260 2870; x_wconf 86' lang='lat' dir='ltr'><strong>almieri</strong></span> <span class='ocrx_word' id='word_1_491' title='bbox 1279 2835 1323 2869; x_wconf 92' lang='lat' dir='ltr'><strong>de</strong></span> <span class='ocrx_word' id='word_1_492' title='bbox 1340 2845 1430 2870; x_wconf 89' lang='lat' dir='ltr'><strong>rom.</strong></span> <span class='ocrx_word' id='word_1_493' title='bbox 1446 2834 1484 2869; x_wconf 93' lang='lat' dir='ltr'><strong>P.</strong></span> <span class='ocrx_word' id='word_1_494' title='bbox 1498 2834 1638 2879; x_wconf 86' lang='lat' dir='ltr'><strong>proleg.</strong></span> <span class='ocrx_word' id='word_1_495' title='bbox 1653 2839 1670 2876; x_wconf 61' lang='grc' dir='ltr'>ὅ</span> <span class='ocrx_word' id='word_1_496' title='bbox 1685 2839 1716 2877; x_wconf 84' lang='grc'><strong>5,</strong></span> <span class='ocrx_word' id='word_1_497' title='bbox 1738 2834 1947 2873; x_wconf 83' lang='lat' dir='ltr'><strong>‚Christum</strong></span> 
     </span>
     <span class='ocr_line' id='line_1_44' title="bbox 208 2882 1947 2932; baseline 0.003 -16"><span class='ocrx_word' id='word_1_498' title='bbox 208 2882 361 2928; x_wconf 81' lang='lat' dir='ltr'><strong>diligere</strong></span> <span class='ocrx_word' id='word_1_499' title='bbox 379 2883 578 2919; x_wconf 83' lang='lat' dir='ltr'><strong>Ecclesiam</strong></span> <span class='ocrx_word' id='word_1_500' title='bbox 596 2888 786 2931; x_wconf 83' lang='lat' dir='ltr'><strong>tamquam</strong></span> <span class='ocrx_word' id='word_1_501' title='bbox 807 2887 949 2931; x_wconf 87' lang='lat' dir='ltr'><strong>aliquid</strong></span> <span class='ocrx_word' id='word_1_502' title='bbox 969 2888 1037 2928; x_wconf 89' lang='lat' dir='ltr'><strong>sui,</strong></span> <span class='ocrx_word' id='word_1_503' title='bbox 1064 2888 1262 2932; x_wconf 85' lang='lat' dir='ltr'><strong>omniaque</strong></span> <span class='ocrx_word' id='word_1_504' title='bbox 1280 2899 1345 2921; x_wconf 89' lang='lat' dir='ltr'><strong>sua</strong></span> <span class='ocrx_word' id='word_1_505' title='bbox 1363 2889 1461 2921; x_wconf 88' lang='lat' dir='ltr'><strong>bona</strong></span> <span class='ocrx_word' id='word_1_506' title='bbox 1477 2887 1534 2921; x_wconf 88' lang='lat' dir='ltr'><strong>illi</strong></span> <span class='ocrx_word' id='word_1_507' title='bbox 1552 2886 1832 2929; x_wconf 86' lang='lat' dir='ltr'><strong>communicare,</strong></span> <span class='ocrx_word' id='word_1_508' title='bbox 1850 2887 1947 2931; x_wconf 90' lang='lat' dir='ltr'><strong>quod</strong></span> 
     </span>
     <span class='ocr_line' id='line_1_45' title="bbox 209 2937 1946 2985; baseline 0.003 -15"><span class='ocrx_word' id='word_1_509' title='bbox 209 2938 306 2971; x_wconf 85' lang='lat' dir='ltr'><strong>sicut</strong></span> <span class='ocrx_word' id='word_1_510' title='bbox 321 2937 499 2972; x_wconf 78' lang='lat' dir='ltr'><strong>habitudo</strong></span> <span class='ocrx_word' id='word_1_511' title='bbox 518 2939 643 2973; x_wconf 76' lang='lat' dir='ltr'><strong>uxoris</strong></span> <span class='ocrx_word' id='word_1_512' title='bbox 662 2940 709 2973; x_wconf 84' lang='lat' dir='ltr'><strong>ad</strong></span> <span class='ocrx_word' id='word_1_513' title='bbox 727 2941 848 2975; x_wconf 86' lang='lat' dir='ltr'><strong>virum</strong></span> <span class='ocrx_word' id='word_1_514' title='bbox 867 2943 924 2975; x_wconf 88' lang='lat' dir='ltr'><strong>est</strong></span> <span class='ocrx_word' id='word_1_515' title='bbox 940 2941 1122 2976; x_wconf 84' lang='lat' dir='ltr'><strong>habitudo</strong></span> <span class='ocrx_word' id='word_1_516' title='bbox 1150 2942 1418 2982; x_wconf 72' lang='lat' dir='ltr'><strong>similitudinis,</strong></span> <span class='ocrx_word' id='word_1_517' title='bbox 1446 2941 1607 2981; x_wconf 86' lang='lat' dir='ltr'><strong>honoris,</strong></span> <span class='ocrx_word' id='word_1_518' title='bbox 1641 2940 1835 2985; x_wconf 76' lang='lat' dir='ltr'><strong>dignitatis</strong></span> <span class='ocrx_word' id='word_1_519' title='bbox 1852 2951 1946 2975; x_wconf 88' lang='lat' dir='ltr'><strong>com-</strong></span> 
     </span>
     <span class='ocr_line' id='line_1_46' title="bbox 207 2989 1946 3039; baseline 0.002 -16"><span class='ocrx_word' id='word_1_520' title='bbox 207 2989 541 3034; x_wconf 83' lang='lat' dir='ltr'><strong>municationisque</strong></span> <span class='ocrx_word' id='word_1_521' title='bbox 558 2991 748 3033; x_wconf 82' lang='lat' dir='ltr'><strong>bonorum,</strong></span> <span class='ocrx_word' id='word_1_522' title='bbox 766 2993 822 3027; x_wconf 84' lang='lat' dir='ltr'><strong>ita</strong></span> <span class='ocrx_word' id='word_1_523' title='bbox 838 2994 1013 3035; x_wconf 83' lang='lat' dir='ltr'><strong>Ecclesia,</strong></span> <span class='ocrx_word' id='word_1_524' title='bbox 1039 3005 1133 3039; x_wconf 89' lang='lat' dir='ltr'><strong>quae</strong></span> <span class='ocrx_word' id='word_1_525' title='bbox 1161 3005 1297 3039; x_wconf 82' lang='lat' dir='ltr'><strong>sponsa</strong></span> <span class='ocrx_word' id='word_1_526' title='bbox 1316 2993 1452 3028; x_wconf 85' lang='lat' dir='ltr'><strong>Christi</strong></span> <span class='ocrx_word' id='word_1_527' title='bbox 1480 2995 1547 3034; x_wconf 87' lang='lat' dir='ltr'><strong>est,</strong></span> <span class='ocrx_word' id='word_1_528' title='bbox 1579 2993 1709 3027; x_wconf 87' lang='lat' dir='ltr'><strong>similis</strong></span> <span class='ocrx_word' id='word_1_529' title='bbox 1726 2995 1783 3028; x_wconf 83' lang='lat' dir='ltr'><strong>est</strong></span> <span class='ocrx_word' id='word_1_530' title='bbox 1800 2993 1946 3028; x_wconf 83' lang='lat' dir='ltr'><strong>Christo</strong></span> 
     </span>
     <span class='ocr_line' id='line_1_47' title="bbox 211 3043 1944 3092; baseline 0.003 -15"><span class='ocrx_word' id='word_1_531' title='bbox 211 3043 362 3088; x_wconf 47' lang='lat' dir='ltr'><strong>ejusque</strong></span> <span class='ocrx_word' id='word_1_532' title='bbox 380 3043 601 3089; x_wconf 75' lang='lat' dir='ltr'><strong>d=gnitatem</strong></span> <span class='ocrx_word' id='word_1_533' title='bbox 622 3046 843 3090; x_wconf 78' lang='lat' dir='ltr'><strong>participat:</strong></span> <span class='ocrx_word' id='word_1_534' title='bbox 872 3047 963 3081; x_wconf 89' lang='lat' dir='ltr'><strong>haec</strong></span> <span class='ocrx_word' id='word_1_535' title='bbox 979 3058 1062 3081; x_wconf 86' lang='lat' dir='ltr'><strong>vero</strong></span> <span class='ocrx_word' id='word_1_536' title='bbox 1082 3047 1284 3083; x_wconf 86' lang='lat' dir='ltr'><strong>Ecclesiam</strong></span> <span class='ocrx_word' id='word_1_537' title='bbox 1303 3048 1342 3082; x_wconf 89' lang='lat' dir='ltr'><strong>in</strong></span> <span class='ocrx_word' id='word_1_538' title='bbox 1360 3048 1487 3082; x_wconf 87' lang='lat' dir='ltr'><strong>ordine</strong></span> <span class='ocrx_word' id='word_1_539' title='bbox 1517 3048 1793 3092; x_wconf 86' lang='lat' dir='ltr'><strong>supernaturali</strong></span> <span class='ocrx_word' id='word_1_540' title='bbox 1810 3048 1944 3082; x_wconf 86' lang='lat' dir='ltr'><strong>consti-</strong></span> 
     </span>
     <span class='ocr_line' id='line_1_48' title="bbox 210 3098 771 3142; baseline 0.002 -11"><span class='ocrx_word' id='word_1_541' title='bbox 210 3098 333 3139; x_wconf 78' lang='lat' dir='ltr'><strong>tuunt,</strong></span> <span class='ocrx_word' id='word_1_542' title='bbox 350 3098 390 3132; x_wconf 90' lang='lat' dir='ltr'><strong>in</strong></span> <span class='ocrx_word' id='word_1_543' title='bbox 408 3108 480 3142; x_wconf 92' lang='lat' dir='ltr'><strong>quo</strong></span> <span class='ocrx_word' id='word_1_544' title='bbox 498 3099 554 3132; x_wconf 84' lang='lat' dir='ltr'><strong>est</strong></span> <span class='ocrx_word' id='word_1_545' title='bbox 571 3098 771 3133; x_wconf 62' lang='lat' dir='ltr'><strong>Christus&lt;</strong></span> 
     </span>
    </p>
   </div>
   <div class='ocr_carea' id='block_1_8' title="bbox 2131 0 2175 3382">
    <p class='ocr_par' dir='ltr' id='par_1_10' title="bbox 2131 0 2175 3382">
     <span class='ocr_line' id='line_1_49' title="bbox 2131 0 2175 3382; baseline 0 0"><span class='ocrx_word' id='word_1_546' title='bbox 2131 0 2175 3382; x_wconf 95' lang='lat' dir='ltr'><strong> </strong></span> 
     </span>
    </p>
   </div>
  </div>
 </body>
</html>
