2175 3382
742 144 763 166 a,
781 142 933 166 romano
952 132 1124 177 episcopo
1144 133 1190 166 ad
1211 133 1420 168 concilium.
1857 142 1942 183 421

330 251 373 294 2.
397 256 553 292 constat
576 267 621 292 ex
644 267 702 303 ep.
726 254 879 292 concilii
901 254 1123 292 africani
1157 255 1204 292 ad
1226 256 1478 301 Bonifatium,
1512 261 1551 294 et
1573 270 1617 294 ex
1640 259 1761 296 altera
1782 259 1828 296 ad
1853 260 1942 297 Coe·

210 313 419 357 lestinum3
453 326 498 351 ex
521 326 578 362 ep.
607 320 686 354 209
713 326 741 352 s,
763 313 1051 363 Augustini
1074 313 1121 350 ad
1144 314 1429 359 Coelestinum;
1462 328 1505 352 ex
1537 329 1594 364 ep.
1623 323 1671 356 12
1708 329 1737 354 s.
1759 318 1943 356 Leonis

209 372 256 410 ad
279 372 479 421 episcopos
501 372 652 410 Africae
676 384 706 409 c.
735 377 796 416 12,
820 384 966 409 morem
987 372 1209 421 appellandi
1230 373 1276 410 ad
1300 386 1502 410 romanum
1525 376 1747 422 pontificem
1769 377 1943 426 viguisse

211 431 313 468 sicut
334 432 374 468 in
397 431 484 468 aliis
508 431 680 468 ecclesiis
702 431 758 468 ita
779 431 896 468 etiam
918 431 959 467 in
981 431 1111 468 Africa
1141 434 1225 468 tum
1249 434 1338 468 ante
1370 432 1438 469 illa
1460 434 1633 478 concilia,
1666 438 1753 471 tum
1784 435 1943 473 illorum

210 491 396 539 tempore,
421 492 506 527 tum
529 490 647 527 etiam
669 492 757 538 post
779 489 922 526 eadem.
966 489 1090 534 Quare

328 557 370 600 3.
396 560 605 598 dicendum
629 562 701 605 est,
735 560 934 608 episcopos
955 560 1142 597 africanos
1164 573 1243 598 non
1264 562 1343 597 tam
1366 561 1537 599 voluisse
1570 563 1629 600 ius
1661 563 1850 613 denegare
1881 578 1943 603 ro-

211 632 326 657 mano
347 619 535 668 pontifici,
561 632 677 667 quam
699 619 809 656 illius
832 619 1059 656 exercitium
1081 619 1219 656 saltem
1240 620 1421 668 frequens
1443 620 1637 659 declarare
1660 623 1789 660 minus
1802 636 1942 672 oppor—

211 679 353 715 tunum
377 678 623 726 abusumque
645 677 863 726 reprobare.
905 677 1029 722 Quam
1060 678 1108 715 ob
1138 691 1220 715 rem
1253 679 1425 716 modeste
1456 680 1503 716 ad
1526 681 1786 718 Coelestinum
1821 683 1894 733 (ep.
1920 689 1941 722 ‘2

211 750 243 774 a.
269 743 348 777 425
374 737 437 775 vel
461 734 561 789 426)
587 737 767 774 scribunt
787 750 825 773 n.
851 743 895 776 2:
920 737 1152 786 ‚Impendio
1176 737 1520 786 deprecamur,
1544 743 1591 776 ut
1612 739 1794 788 deinceps
1817 741 1864 778 ad
1878 754 1942 779 ve-

212 798 313 833 stras
336 808 449 833 aures
472 796 563 832 hinc
585 795 788 833 venientes
810 807 890 833 non
912 797 1126 833 facilius
1148 796 1377 841 admittatis,
1406 810 1474 834 nec
1499 811 1520 834 a
1542 799 1654 836 nobis
1678 801 1942 837 excommuni-

212 856 318 892 catos
341 855 383 891 in
405 855 718 892 communionem
740 855 845 891 ultra
868 855 998 892 velitis
1021 856 1236 904 excipere«
1260 856 1439 893 Ceterum

329 922 370 965 4.
394 925 551 962 concedi
573 927 705 974 potest
727 925 926 974 episcopos
949 926 1137 963 africanos
1158 926 1199 962 in
1222 926 1291 963 hac
1313 928 1579 965 controversia
1610 930 1649 965 et
1670 941 1784 978 aegre
1807 930 1943 967 tulisse

211 984 405 1033 ejusmodi
427 985 720 1032 appellationes,
745 985 883 1022 saltem
907 985 1144 1033 frequentes,
1178 988 1217 1022 et
1239 987 1398 1034 propter
1419 986 1575 1032 abusus,
1609 988 1751 1036 quibus
1776 989 1943 1026 occasio-

210 1055 301 1080 nem
322 1043 572 1091 praebebant,
605 1043 777 1081 voluisse
800 1056 863 1081 eas
885 1044 1087 1092 impedire,
1120 1057 1243 1092 eoque
1264 1045 1396 1094 magis,
1430 1046 1535 1093 quod
1566 1046 1655 1084 illos
1685 1058 1853 1085 canones
1883 1048 1943 1084 ni-

212 1114 349 1139 caenos
373 1098 662 1154 (sardicenses),
688 1103 832 1150 quibus
856 1103 879 1139 Z
894 1103 1017 1140 osim
1031 1115 1088 1140 us
1111 1103 1153 1140 in
1176 1115 1246 1141 suo
1270 1116 1455 1152 responso
1470 1105 1681 1149 nitebat-ur,
1705 1107 1819 1154 plane
1833 1107 1944 1156 igno-

210 1163 355 1205 rarent,
379 1173 506 1209 neque
527 1162 698 1209 reperire
711 1162 926 1210 potuerint.
949 1162 1000 1200 Cf.
1024 1162 1224 1211 Phillip
1238 1174 1254 1199 s
1277 1163 1477 1200 Kirchenr.
1501 1164 1532 1200 V
1555 1163 1574 1207 ἓ
1601 1170 1680 1205 217
1697 1178 1704 1201 :
1739 1165 1946 1203 Zacaria

211 1219 476 1256 Antifebronii
496 1233 532 1269 p.
559 1221 629 1259 21.
656 1227 700 1265 33
727 1221 966 1258 Palmieri
988 1221 1043 1258 th.
1074 1228 1134 1267 17,
1160 1227 1225 1261 20.

329 1303 435 1340 Neve
466 1303 555 1351 quis
576 1306 760 1352 provocet
792 1303 839 1340 ad
872 1315 953 1340 can.
979 1311 1015 1345 3.
1040 1311 1076 1343 4.
1102 1311 1122 1344 5
1149 1302 1213 1355 (al.
1240 1301 1279 1356 Τ)
1303 1316 1406 1342 conc.
1439 1306 1774 1351 sardicensis,
1807 1308 1852 1343 ut
1883 1307 1941 1343 in-

210 1361 310 1398 ferat
330 1374 426 1400 rom.
448 1362 623 1410 pontifici
645 1365 863 1411 competere
885 1365 1039 1400 tantum
1058 1364 1124 1412 jus
1147 1364 1409 1401 decernendae
1431 1365 1635 1402 revisionis
1652 1365 1793 1414 judicii
1815 1365 1856 1402 in
1870 1365 1943 1402 ali-

211 1433 328 1468 quem
350 1421 577 1469 episcopum
599 1421 689 1458 lati:
721 1422 914 1459 asseritur
943 1423 1046 1459 enim
1069 1423 1129 1459 illi
1151 1435 1289 1460 verum
1306 1424 1372 1471 jus
1394 1424 1638 1472 recipiendae
1670 1425 1943 1473 appellationis

211 1492 256 1516 ex
279 1480 456 1528 qualibet
476 1480 670 1517 Ecclesiae
693 1483 815 1529 parte.
856 1482 963 1518 Neve
993 1483 1133 1531 urgeat
1155 1482 1245 1530 quis
1277 1482 1489 1520 canonibus
1521 1483 1599 1520 illis
1630 1483 1800 1529 innixus,
1834 1496 1943 1532 prae-

213 1539 430 1588 rogativam
452 1539 550 1576 hanc
572 1542 788 1588 competere
809 1552 905 1576 rom.
929 1540 1112 1589 episcopo
1130 1541 1219 1589 jure
1242 1543 1397 1578 tantum
1425 1542 1681 1580 ecclesiastico
1713 1555 1757 1579 ex
1790 1553 1943 1580 conces-

215 1597 321 1635 sione
354 1598 434 1635 scil.
466 1598 576 1635 illius
608 1598 775 1636 concilii.
828 1599 929 1636 Nam
961 1599 1168 1637 concilium
1200 1600 1416 1638 sardicense
1446 1613 1524 1637 non
1556 1602 1722 1638 asseruit
1752 1601 1853 1638 illud
1878 1602 1944 1650 jus

213 1669 308 1694 rom.
331 1657 518 1706 episcopo,
552 1658 661 1705 quasi
684 1670 727 1694 eo
751 1659 864 1695 antea
886 1659 1063 1701 caruerit,
1101 1672 1188 1696 cum
1210 1659 1349 1708 ipsum,
1381 1662 1428 1696 ut
1448 1662 1555 1708 patet
1578 1673 1621 1697 ex
1655 1660 1781 1704 dictis,
1814 1672 1943 1697 essen-

212 1715 367 1752 tialiter
388 1716 582 1753 adnexum
603 1716 654 1753 sit
675 1717 915 1765 plenitudini
932 1718 1218 1764 jurisdictionis
1240 1718 1281 1754 in
1303 1718 1527 1756 universam
1542 1718 1750 1756 Ecclesiam
1764 1719 1945 1768 propriae

214 1775 422 1823 primatui:
447 1775 513 1812 sed
536 1775 704 1812 declarat
725 1777 880 1813 tantum
903 1776 1002 1812 illud
1020 1777 1086 1825 jus
1107 1789 1150 1814 ac
1171 1777 1344 1814 vindicat
1373 1778 1559 1815 adversus
1580 1778 1742 1823 arianos,
1766 1779 1833 1826 qui
1856 1779 1944 1827 plu-

213 1845 276 1870 res
298 1834 494 1883 episcopos
528 1846 606 1871 non
629 1835 810 1872 obstante
841 1847 975 1872 eorum
1006 1835 1053 1872 ad
1084 1836 1213 1873 sedem
1244 1849 1439 1873 romanam
1471 1838 1733 1885 appellatione
1765 1837 1946 1874 cathedra

215 1892 432 1940 spoliarant
454 1893 626 1941 aliosque
650 1893 925 1931 ordinaverant
959 1894 1000 1931 in
1023 1907 1157 1932 eorum
1178 1895 1322 1934 locum.
1363 1896 1415 1932 Cf.
1439 1896 1606 1944 Lupus
1638 1896 1680 1933 in
1712 1896 1866 1934 scholiis
1898 1896 1945 1933 ad

215 1951 283 1988 hos
306 1964 405 1995 can.;
430 1952 715 1989 Ballerinii
737 1953 777 1989 in
800 1953 923 1991 obser.
946 1953 993 1989 ad
1017 1953 1108 1991 diss.
1130 1954 1174 1993 V.
1198 1954 1400 1998 Quesnelli
1423 1968 1459 2003 p.
1488 1963 1500 1994 ]
1532 1967 1561 1991 c.
1588 1962 1623 1995 6.

332 2046 431 2087 402.
456 2041 508 2083 Ut
529 2054 631 2084 vero
654 2044 697 2086 9.
722 2044 962 2084 accuratius
985 2045 1154 2085 romani
1177 2045 1385 2097 pontificis
1408 2046 1461 2086 ad
1485 2046 1664 2086 concilia
1691 2058 1944 2087 oecume-

214 2113 338 2154 nica
362 2113 665 2154 determinetur
685 2113 848 2163 relatio,
871 2114 1095 2154 statuimus
1118 2114 1292 2155 thesim:

333 2207 500 2250 TheSiS
523 2206 799 2250 LXXVIII·
843 2222 932 2255 Jus
959 2223 1145 2255 romam·
1166 2223 1400 2264 pontificis
1415 2224 1667 2265 proprium
1693 2226 1757 2256 est
1782 2232 1944 2257 convo-

215 2280 355 2313 candi
393 2281 591 2314 concilia
624 2282 929 2322 oecumenica,
963 2281 1059 2314 illis
1093 2282 1391 2322 praesidendi
1433 2290 1578 2324 eaque
1620 2282 1944 2323 confirmandi,

215 2340 331 2373 adeo
370 2342 421 2371 ut
457 2340 497 2372 si
535 2340 650 2374 desit
680 2340 922 2380 pontificia
955 2340 1260 2380 confirmatio,
1295 2349 1349 2373 ca
1382 2340 1545 2373 robore
1581 2343 1774 2384 careant
1807 2343 1944 2383 atquc

215 2399 504 2439 auctoritate,
529 2407 622 2440 qua
647 2400 918 2432 universam
945 2399 1143 2440 obliyent
1168 2399 1434 2432 Ecclesiam.

335 2478 696 2522 Demonstratio
723 2492 769 2533 p.
793 2479 833 2521 Ι.
876 2477 971 2519 Non
993 2479 1130 2519 solum
1153 2478 1448 2519 contendimus
1471 2479 1674 2531 triplex
1702 2478 1815 2531 quod
1837 2479 1944 2519 indi-

218 2549 408 2590 cavimus
425 2549 495 2602 jus
518 2554 759 2602 competere
782 2561 961 2589 romano
984 2548 1182 2601 pontifici,
1213 2549 1286 2590 sed
1319 2550 1446 2590 etiam
1469 2550 1528 2590 ita
1550 2550 1679 2602 ipsius
1703 2561 1796 2591 esse
1817 2562 1912 2602 pro
1927 2574 1943 2581 -

217 2619 389 2671 prium
404 2652 413 2669 ,
435 2625 480 2660 ut
502 2620 603 2661 nulli
626 2620 746 2660 alteri
768 2619 895 2660 tribui
916 2621 1059 2672 possit.
1101 2619 1150 2660 Et
1171 2632 1321 2661 revera

340 2702 379 2746 1.
404 2702 656 2743 convocatio
679 2701 845 2742 concilii
867 2701 1127 2743 oecumenici
1150 2702 1473 2743 authentica
1497 2703 1651 2758 (neque
1675 2703 1787 2743 enim
1809 2702 1921 2752 loqui

218 2785 314 2812 mur
335 2772 387 2813 de
410 2773 719 2814 convocatione
742 2771 1004 2813 ministeriali
1025 2771 1092 2812 vel
1114 2772 1165 2813 de
1188 2773 1486 2814 exhortatione
1508 2777 1672 2813 tantum
1696 2772 1878 2825 quadam
1904 2776 1944 2812 et

217 2846 318 2883 voto
341 2842 440 2883 illud
464 2843 722 2898 celebrandi)
748 2847 813 2883 est
834 2847 954 2883 actus
970 2842 1273 2894 jurisdictionis
1296 2843 1618 2884 ecclesiasticae.
1646 2843 1704 2883 Illi
1728 2854 1826 2893 ergo
1850 2846 1943 2882 tan-

219 2917 307 2952 tum
340 2913 552 2965 competit,
584 2914 655 2966 qui
680 2913 971 2966 jurisdictione
1002 2913 1160 2965 potitur
1194 2914 1236 2953 in
1268 2915 1509 2955 universam
1532 2913 1775 2956 Ecclesiam.
1817 2912 1943 2964 Atqui

218 2982 333 3023 solus
365 2995 568 3024 romanus
599 2983 786 3036 pontifex
819 2983 1026 3036 ejusmodi
1042 2983 1334 3035 jurisdictione
1357 2985 1524 3037 potitur.
1566 2984 1673 3035 Ergo
1697 2983 1826 3035 ipsius
1849 2987 1944 3023 tan-

219 3056 308 3093 tum
331 3057 394 3093 est
416 3053 656 3094 authentice
678 3065 917 3094 convocare
941 3053 1149 3106 synodum
1172 3066 1223 3095 ex
1245 3054 1442 3095 universa
1464 3054 1662 3095 Ecclesia.
