2175 3382
279 129 353 167 1434
685 121 802 155 'l'1·act.
823 121 865 154 ll.
885 120 936 154 Dc
955 120 1166 153 traditione.
1187 119 1314 153 'rhesis-
1335 119 1458 154 xxxi.
1480 118 1593 153 Nulla

275 244 357 282 mia
383 242 519 282 futura
545 240 828 292 multipliciter
852 243 963 280 osset
985 239 1214 291 praedicta,
1238 238 1505 286 adumbrata,
1529 237 1810 290 praetigurata
1837 239 1877 279 iu
1893 238 1936 282 T.
1954 237 2014 286 N„

276 318 319 353 ut
341 312 535 353 homines
559 311 612 352 ad
636 323 730 351 eam
755 311 1010 363 pedetentim
1034 310 1358 362 disponerentur
1391 314 1432 350 et
1463 309 1582 349 suavi
1616 308 1743 349 modo
1766 309 1925 349 sensim
1949 309 2011 349 in-

274 384 540 431 ducerentur,
563 393 700 435 neque
725 382 836 422 enim
860 381 971 422 Deus
995 381 1174 433 abrupte
1199 392 1353 432 magna
1378 380 1567 427 molitum
1600 379 1685 420 imo
1718 391 1801 432 quo
1825 379 2015 432 splendi-

274 455 366 495 dior
400 458 441 494 et
471 453 697 506 perfectior
720 452 787 493 illa
806 452 927 503 juxta
950 452 1220 493 adversarios
1243 455 1317 499 est,
1351 463 1402 491 eo
1435 450 1706 502 splendidiori
1731 450 1860 491 modo
1883 462 2010 502 quam

275 525 527 566 oeconomia
551 523 729 564 Messiae
752 522 968 563 debuisset
991 521 1188 574 praedici.
1233 521 1357 574 Atqui
1382 521 1504 573 hujus
1528 521 1840 572 praedictionis,
1863 521 2012 562 adum-

275 595 491 639 brationis,
516 593 884 646 praefigurationis
907 592 1064 633 nullum
1090 593 1311 644 vestigium
1337 593 1377 632 in
1400 591 1448 634 N.
1470 591 1757 634 Testamento.

393 669 434 710 2.
460 663 608 706 Omnis
623 663 831 715 ejusmodi
851 674 948 715 spes
963 663 1102 715 potius
1117 662 1363 711 excluditur,
1386 662 1475 702 sive
1498 674 1594 702 cum
1618 665 1787 714 praeter
1801 660 2013 703 Christum

276 737 403 778 alium
436 735 683 787 magistrum
717 744 949 785 agnoscere
981 737 1022 773 et
1053 732 1239 773 salutare
1271 733 1575 785 prohibeamur
1607 732 1751 775 Matth.
1775 736 1843 782 23,
1876 736 1913 777 8.
1950 735 2016 782 10,

276 821 370 849 cum
395 809 483 859 ipse
506 806 558 846 sit
574 805 723 858 plenus
741 805 883 856 ,qratia
908 810 941 844 et
963 805 1130 844 veritate
1159 802 1238 856 (JO.
1267 808 1300 851 1,
1329 807 1381 847 14
1405 803 1481 844 col.
1505 802 1642 844 Colos.
1660 808 1697 852 2,
1721 804 1786 860 3);
1809 804 1897 844 sive
1920 816 2016 844 cum

276 879 466 919 Christus
488 876 708 929 promittat
729 874 873 917 Matth.
902 878 969 923 28,
998 878 1049 918 19
1074 886 1118 915 se
1142 874 1231 915 fore
1256 875 1311 915 ad
1334 875 1721 915 eonsummationem
1745 887 1871 929 usque
1893 874 2017 915 seculi·

276 962 372 990 cum
389 948 631 1000 magisterio
647 946 778 987 semel
801 958 827 987 a
848 958 893 986 se
917 946 1120 995 instituto,
1144 945 1256 998 quod
1280 945 1434 986 docere
1459 945 1584 986 debet
1606 957 1669 993 ea,
1692 956 1802 998 quae
1825 945 1914 997 ipse
1938 944 2014 985 do—

276 1022 371 1069 cuit,
395 1030 578 1060 omnes
601 1022 758 1069 gentes,
791 1016 974 1069 ideoque
996 1015 1229 1057 Ecclesiam
1253 1016 1378 1068 plane
1402 1015 1657 1056 audiendam
1683 1027 1788 1065 esse,
1820 1016 1899 1056 nisi
1922 1016 2015 1068 quis

275 1091 374 1132 velit
396 1102 490 1131 esse
512 1090 620 1130 sicut
643 1088 835 1129 ethnicus
871 1092 912 1128 et
933 1086 1185 1139 publicanus
1208 1085 1261 1129 ib.
1290 1089 1353 1135 18,
1383 1089 1431 1129 17
1445 1101 1454 1133 ;
1486 1086 1573 1126 sive
1607 1097 1704 1126 cum
1728 1085 1884 1127 Paulus
1908 1086 2016 1127 adeo

276 1161 536 1204 confidenter
557 1159 810 1212 pronunciet
831 1156 923 1199 Gal.
951 1163 986 1207 1,
1009 1161 1054 1202 8:
1091 1157 1170 1198 Sed
1201 1157 1292 1197 licet
1316 1170 1388 1197 nos·
1411 1161 1482 1197 cm!
1507 1158 1677 1210 anqelus
1702 1157 1751 1198 de
1774 1156 1876 1197 coelo
1898 1171 2017 1198 ersm-

273 1233 415 1287 ,qeliset
437 1231 560 1282 ττοὸίὃ,
578 1235 874 1285 praeterquam
899 1230 1006 1284 quod
1028 1229 1399 1281 evanqelefeavimus
1420 1227 1544 1281 robis,
1567 1232 1610 1271 A.
1627 1226 1666 1268 S.
1689 1228 1833 1284 (quem
1855 1228 1899 1268 in
1921 1228 1943 1268 l.
1968 1228 2016 1268 cf.

276 1303 608 1344 Vincentius
630 1302 692 1344 lir.
715 1314 748 1341 c.
773 1304 809 1346 8.
833 1302 898 1353 9);
922 1300 987 1341 vel
1010 1299 1192 1340 inculcet
1215 1299 1335 1340 Rom.
1353 1303 1390 1348 3,
1406 1301 1482 1341 22;
1506 1298 1684 1340 ,Iustitia
1702 1299 1781 1339 Dei
1799 1313 1876 1353 per
1894 1298 2017 1352 fidem

277 1374 317 1415 J.
341 1374 495 1415 Christi
518 1375 561 1414 in
585 1386 720 1413 omnes
743 1376 778 1412 et
800 1384 925 1425 super
947 1384 1082 1411 omnes
1101 1371 1171 1425 qui
1194 1370 1362 1410 eredunt
1387 1371 1426 1410 in
1451 1383 1570 1419 (επακ,-
1592 1369 1680 1410 sive
1705 1381 1801 1410 cum
1827 1368 2017 1410 Christus

277 1446 451 1498 ejusque
484 1444 666 1496 apostoli
698 1448 784 1484 tam
817 1443 1024 1483 instanter
1054 1441 1327 1494 repetitisque
1351 1441 1512 1481 vicibus
1545 1441 1757 1481 inculcent
1780 1440 1926 1481 Matth.
1951 1444 2018 1487 24,

276 1521 352 1566 243
385 1520 422 1561 2.
446 1516 549 1556 Tim.
571 1519 611 1565 4,
636 1518 672 1563 3,
696 1526 829 1567 usque
853 1513 906 1554 ad
929 1513 1059 1554 seculi
1081 1512 1496 1553 consummationem
1520 1511 1757 1552 cavendum
1780 1523 1874 1553 esse
1898 1511 2014 1553 solli-

277 1590 357 1630 cite
380 1588 434 1629 ab
457 1588 517 1637 iis,
550 1587 620 1640 qui
648 1586 833 1633 aliam,
867 1597 965 1637 ergo
997 1596 1191 1625 novam
1214 1587 1503 1636 proponerent
1525 1583 1776 1626 doctrinam.
1818 1582 1864 1623 In
1894 1587 2014 1624 tanta

277 1661 389 1701 enim
412 1657 693 1700 sollicitudine
716 1655 933 1697 debuisset
956 1655 1158 1704 Christus,
1190 1654 1436 1695 debuissent
1459 1655 1654 1706 apostoli,
1680 1654 1760 1695 nisi
1782 1653 2017 1695 voluissent

278 1731 556 1772 oeconomiae
592 1728 666 1769 Dei
700 1727 971 1780 fideliumque
1006 1726 1130 1767 saluti
1166 1725 1328 1775 obesse,
1365 1726 1471 1766 sicut
1506 1725 1675 1779 Moyses
1704 1724 1823 1766 Deut.
1859 1727 1925 1773 18,
1962 1729 2012 1769 18

278 1803 334 1858 (n.
361 1805 415 1846 72
432 1802 466 1856 4)
495 1805 535 1841 et
557 1799 791 1852 prophetae
815 1797 1015 1848 fecerunt,
1049 1801 1267 1838 auctorem
1290 1808 1429 1837 novae
1452 1796 1731 1838 oeconomiae
1754 1796 1941 1837 indicare
1965 1808 2015 1836 ac

277 1873 390 1914 velut
411 1872 539 1923 digito
554 1871 860 1918 demonstrare,
883 1880 937 1910 ne
960 1868 1053 1922 quis
1075 1868 1300 1909 tenerioris
1325 1868 1611 1908 conscientiae
1635 1867 1688 1908 ob
1713 1879 1861 1908 eorum
1882 1866 2015 1908 verba

277 1945 392 1985 illum
416 1942 593 1983 haberet
615 1953 691 1994 pro
714 1940 1036 1993 pseudochristo
1061 1945 1103 1980 et
1125 1939 1510 1991 pseudopropheta.

302 2031 321 2093 1
397 2016 440 2058 3.
472 2013 570 2054 Ideo
602 2012 757 2053 Paulus
790 2010 914 2051 Hebr.
938 2015 975 2058 7,
1010 2013 1062 2054 18
1087 2023 1160 2058 ss3
1198 2014 1234 2058 8.,
1271 2014 1296 2054 6
1329 2023 1381 2052 ss,
1405 2008 1452 2051 N.
1476 2008 1519 2048 T.
1544 2009 1719 2061 opponit
1740 2008 2014 2049 Testamento

272 2079 409 2136 ‘veteri
440 2090 486 2125 ut
516 2083 747 2137 perfectum
779 2081 1038 2134 imperfecto,
1070 2085 1293 2122 aeternum
1315 2080 1576 2132 abrogando,
1608 2079 1827 2120 immobile
1859 2079 2016 2127 mobili,

279 2160 621 2198 consummatum
637 2154 862 2204 inchoato;
888 2157 928 2194 et
951 2152 1205 2194 oeconomia
1221 2150 1376 2192 Christi
1392 2151 1543 2192 dicitur
1558 2148 1647 2193 Gal.
1662 2154 1701 2194 4.
1716 2153 1763 2198 4;
1785 2149 1887 2202 Eph.
1907 2154 1942 2199 1,
1960 2153 2016 2194 10

278 2228 390 2269 facta
412 2228 453 2268 in
469 2226 728 2281 plenitudine
750 2225 957 2278 temporis,
980 2223 1092 2264 facta
1116 2223 1346 2264 novissimis
1375 2221 1516 2262 diebus
1533 2220 1656 2262 Hebr.
1676 2225 1712 2269 1,
1727 2222 1772 2268 2;
1789 2220 1876 2262 Act.
1893 2225 1930 2269 2,
1950 2224 2015 2269 17,

279 2311 405 2351 quarn
429 2298 609 2350 excipiet
630 2308 717 2337 non
738 2308 851 2336 nova
875 2295 1129 2336 oeconomia
1155 2294 1271 2334 hisce
1304 2293 1345 2333 in
1376 2293 1511 2340 terris»,
1544 2291 1618 2332 sed
1649 2295 1876 2344 postquam
1899 2291 2015 2344 prius

277 2370 441 2410 venerit
462 2368 745 2415 antichristus,
778 2365 989 2407 secundus
1013 2363 1166 2406 Christi
1191 2364 1245 2404 ad
1263 2363 1470 2416 judicium
1494 2362 1702 2404 adventus
1734 2366 1776 2403 et
1796 2361 2014 2403 beatitudo

280 2445 454 2481 aeterna
474 2439 518 2479 in
540 2450 670 2491 regno
693 2437 910 2479 coelorum
934 2440 971 2480 2.
995 2436 1141 2477 Thess.
1165 2439 1203 2484 2,
1228 2439 1265 2479 2.
1301 2433 1357 2478 Cf.
1381 2433 1617 2474 Thomas
1643 2437 1678 2477 1.
1702 2437 1727 2477 2
1750 2446 1786 2486 q.
1813 2435 1896 2477 106
1917 2445 1954 2474 a.
1974 2437 2014 2477 4.

396 2511 437 2554 4.
460 2510 646 2551 Eandem
671 2509 893 2549 veritatem
915 2512 1086 2548 strenue
1108 2511 1252 2558 patres
1273 2509 1596 2557 propugnarunt
1610 2504 1815 2545 adversus
1829 2504 2014 2545 haereti-

279 2594 363 2629 cos,v
386 2582 456 2633 qui
478 2580 686 2633 ejusmodi
708 2591 866 2620 novam
889 2578 1193 2619 revelationem
1221 2577 1287 2617 vel
1311 2576 1609 2617 oeconomiam
1632 2575 1711 2616 sibi
1734 2574 2014 2622 vindicarunt,

281 2651 530 2705 praesertim
553 2650 756 2691 adversus
779 2649 1154 2690 montanistas
1177 2652 1218 2688 et
1240 2647 1612 2687 manichaeos.

402 2725 493 2766 148.
517 2721 879 2764 Demonstratio
903 2734 948 2776 p.
965 2720 1028 2763 ΙΙ.
1059 2718 1155 2760 Non
1176 2730 1382 2770 negamus
1405 2717 1493 2758 fieri
1515 2728 1642 2769 posse
1665 2720 1706 2757 et
1727 2715 1861 2756 factas
1885 2715 2013 2756 etiam

280 2804 372 2834 esse
396 2805 422 2833 a
443 2796 579 2833 morte
595 2792 887 2844 apostolorum
910 2803 1034 2832 veras
1057 2780 1340 2831 rerelationes
1362 2789 1537 2836 divinas,
1562 2787 1637 2828 sed
1658 2786 1852 2839 personis
1873 2785 2013 2838 priva=

279 2866 343 2913 tis,
374 2876 483 2917 quae
515 2875 602 2904 non
628 2867 811 2914 augeant
833 2862 1073 2914 depositum
1095 2860 1367 2901 revelationis
1391 2859 1661 2906 christianae,
1693 2869 1831 2910 neque
1854 2857 2015 2898 consti-

279 2940 400 2976 tuant
433 2934 647 2986 obiectum
680 2932 775 2972 fidei
811 2932 1048 2972 catholicae
1082 2931 1136 2972 ab
1171 2931 1370 2972 omnibus
1405 2929 1596 2970 fidelibus
1630 2928 1905 2981 profitendae.
1948 2928 2012 2969 Ad

281 3018 492 3047 summum
515 3016 592 3045 eae
615 3014 709 3044 esse
730 3007 910 3055 possunt
932 3002 1102 3043 occasio
1125 3001 1192 3042 vel
1214 3001 1547 3049 incitamentum,
1568 3003 1615 3040 ut
1636 2999 1778 3052 aliqua
1793 2999 2012 3040 doctrinae

282 3077 432 3129 capita,
468 3087 576 3128 quae
612 3073 881 3115 revelationis
916 3073 1107 3126 deposito
1144 3073 1416 3114 continentur
1446 3071 1672 3112 instantius
1704 3071 2014 3124 praedicentur,
