2175 3382
236 138 320 177 472
528 132 648 164 'frat-t.
671 131 725 164 lv.
745 130 789 164 de
809 131 889 164 fide.
909 130 1015 164 Fides
1035 130 1277 173 undequaque
1296 132 1352 163 est
1370 130 1669 173 supernaturalis.

239 250 417 290 rendum
441 249 674 290 intellectus
707 254 747 290 et
778 249 973 290 voluntas
1000 249 1246 300 conspirare
1270 247 1436 297 debent,
1468 260 1551 301 quo
1585 248 1716 290 fidelis
1747 254 1971 302 praestan-

242 321 447 361 tissimam
471 320 639 361 animae
663 319 906 361 facultatem
930 320 1170 361 auctoritati
1194 319 1362 359 divinae
1393 318 1572 371 subjicit,
1606 319 1811 372 impendit
1842 324 1969 374 atque

240 391 443 439 immolat,
467 390 645 444 ideoque
660 391 792 432 Deum
809 391 1038 432 admodum
1054 389 1278 443 glorificat:
1302 390 1400 430 hinc
1422 394 1464 430 et
1485 389 1756 432 incredulitas
1770 390 1858 432 Deo
1881 396 1969 432 tam

242 474 384 507 exosa,
408 467 454 502 ut
475 462 545 514 qui
568 475 654 503 non
677 462 820 511 credit,
839 462 926 514 jam
945 461 1158 513 judicatus
1181 459 1310 501 sitJo.
1326 463 1365 509 3,
1385 464 1457 509 183
1482 461 1553 515 qui
1574 466 1709 502 autem
1734 462 1970 503 incredulus

241 539 294 573 est
320 533 428 573 Filio
451 547 531 573 non
554 533 700 574 videbit
722 534 861 585 sitam,
885 533 954 573 secl
978 534 1039 572 ira
1065 532 1143 573 Dei
1167 538 1301 573 manet
1323 546 1448 586 super
1470 546 1574 586 eum,
1597 532 1648 574 ib.
1672 545 1708 574 v.
1735 536 1802 577 36.

353 605 394 646 9.
422 615 575 656 magna
599 608 661 644 est
684 604 866 644 hominis
881 603 1081 656 perfectio
1098 602 1263 643 ratione
1277 602 1458 652 luminis,
1483 615 1566 656 quo
1585 603 1769 644 hominis
1783 608 1969 645 mentem

234 674 424 723 illustrat,
447 676 611 716 ratione
635 673 811 722 roboris,
834 674 946 726 quod
964 673 1167 714 voluntati
1184 673 1379 726 impertit,
1402 674 1566 715 ratione
1582 674 1831 716 nobilissimi
1846 686 1968 716 amo-

235 747 303 794 ris,
336 757 459 798 quem
484 746 524 785 in
548 745 675 786 corde
699 745 904 792 accendit,
935 745 1101 785 ratione
1124 745 1253 796 pacis,
1285 740 1413 797 quam
1436 744 1595 785 inducit
1618 749 1658 786 et
1680 744 1872 786 diffundit
1893 757 1969 798 per

234 816 434 864 animam,
456 816 620 856 ratione
644 815 926 864 beatitudinis,
949 815 1068 867 cujus
1091 814 1302 868 quaedam
1325 819 1389 856 est
1411 816 1667 868 anticipatio.

358 889 421 929 10.
455 887 600 939 Liquet
622 886 718 927 inde
742 892 924 938 quantus
955 886 1008 926 sit
1040 885 1134 926 fidei
1165 886 1411 927 thesaurus:
1443 898 1596 939 nempe
1628 892 1782 937 tantus,
1814 892 1860 928 ut
1889 899 1967 940 pro

241 957 308 999 illo
332 969 548 1010 nunquam
572 957 659 998 Deo
683 958 782 999 satis
806 957 962 1009 gratias
986 968 1111 1009 agere
1133 957 1367 1008 possimus;
1399 962 1553 1005 tantus,
1585 962 1630 998 ut
1660 970 1738 1011 pro
1769 958 1838 1000 illo
1862 971 1967 1000 con-

235 1028 443 1070 servando
468 1029 675 1069 innumeri
698 1033 907 1081 martyres
930 1027 1220 1069 crudelissima
1243 1033 1458 1069 tormenta
1489 1029 1574 1069 sint
1604 1029 1719 1081 passi
1744 1029 1967 1083 ipsumque

234 1112 357 1140 suum
380 1098 560 1140 fuderint
581 1099 852 1151 sanguinem3
884 1103 1039 1149 tantus,
1069 1104 1115 1140 ut
1145 1112 1223 1151 pro
1255 1099 1324 1140 illo
1357 1100 1399 1140 in
1426 1099 1531 1140 alios
1554 1099 1786 1142 derivando
1810 1101 1967 1142 milleni

238 1171 315 1211 viri
337 1170 558 1223 apostolici
580 1170 681 1211 nulli
703 1171 969 1223 pepercerint
991 1170 1264 1212 incommodo
1288 1171 1354 1211 vel
1375 1170 1533 1219 labori;
1565 1176 1628 1212 est
1660 1176 1882 1213 armatura
1902 1172 1967 1213 in-

234 1241 357 1284 victa,
381 1253 463 1294 qua
478 1242 708 1282 instructae
731 1246 794 1282 tot
814 1242 996 1294 virgines
1019 1246 1061 1283 et
1083 1242 1259 1294 puellae,
1283 1247 1346 1283 tot
1366 1253 1491 1283 senes
1514 1246 1556 1282 et
1577 1241 1759 1284 infantes
1774 1244 1968 1284 vicerunt

236 1316 361 1365 atque
385 1312 602 1352 calcarunt
624 1311 829 1352 mundum
856 1324 1089 1366 omnesque
1121 1313 1211 1365 ejus
1242 1312 1428 1361 insidias,
1461 1311 1642 1362 fraudes,
1673 1313 1965 1367 tyrannidem;

232 1395 333 1423 nam
355 1383 453 1423 haec
476 1387 530 1423 est.
552 1383 740 1435 victoria,
763 1397 865 1436 quae
886 1384 1010 1424 vincit
1032 1384 1246 1438 mundum,
1270 1384 1372 1437 fides
1394 1387 1536 1424 nostra
1564 1388 1597 1428 1.
1621 1383 1741 1426 Joan.
1764 1388 1803 1434 5,
1825 1389 1875 1435 4;
1903 1389 1968 1426 eSt

235 1453 287 1508 (si
309 1458 451 1494 tamen
474 1466 560 1494 non
583 1454 721 1494 desint
743 1455 890 1510 opera)
915 1455 1182 1508 syngraphus
1205 1456 1480 1505 aeternitatis,
1511 1468 1612 1496 nam
1636 1456 1887 1497 accedentem
1910 1456 1967 1497 ad

233 1523 367 1565 Deum
390 1529 545 1578 oportet
567 1525 728 1566 credere
749 1524 872 1568 Hebr.
901 1528 965 1574 11,
992 1529 1028 1570 6.
1072 1525 1213 1577 Quare

353 1596 420 1638 ll.
445 1595 558 1644 fides,
583 1608 608 1636 a
630 1608 714 1649 qua
730 1596 947 1637 christiani
969 1596 1168 1638 fideles
1191 1597 1399 1647 dicuntur,
1421 1598 1606 1651 undique
1629 1603 1965 1650 supernatu-

231 1677 250 1704 r
265 1665 367 1705 alis
391 1671 464 1708 est.
489 1665 832 1719 Supernaturalis
847 1672 912 1708 est
932 1681 972 1711 a.
987 1669 1154 1709 ratione
1168 1681 1271 1710 suae
1296 1681 1320 1710 o
1333 1669 1530 1720 riginis
1553 1681 1604 1710 ex
1619 1670 1754 1722 gratia
1771 1669 1826 1725 (n.
1841 1668 1965 1724 482);

232 1739 276 1781 b.
299 1739 464 1779 ratione
496 1739 559 1780 ob
568 1740 726 1792 Jecti,
759 1742 962 1793 mysteria
994 1742 1106 1782 enim
1134 1742 1299 1793 attingit
1321 1742 1696 1794 superrationalia3
1729 1740 1768 1784 e:
1799 1740 1967 1782 ratione

232 1821 272 1848 m
286 1810 443 1858 otivi,
475 1810 587 1863 quod
610 1816 673 1851 est
695 1811 787 1863 ipsa
809 1812 966 1852 veritas
988 1813 1192 1854 increata.
1225 1824 1335 1864 quae
1367 1824 1446 1853 sua
1467 1813 1723 1854 auctoritate
1745 1815 1889 1853 movet
1912 1811 1967 1851 ad

231 1880 568 1928 assentiendum3
591 1882 635 1925 d.
658 1883 824 1923 ratione
846 1882 1158 1933 firmitatis,
1182 1896 1265 1936 qua
1288 1884 1481 1925 inhaeret
1502 1896 1580 1925 suo
1595 1883 1755 1924 motivo
1771 1893 1966 1936 quaeque

230 1950 394 1991 excedit
415 1951 746 1994 imbecillitatem
768 1954 1022 1999 humanam:
1055 1969 1094 1999 e.
1125 1956 1290 1996 ratione
1322 1954 1340 1995 f
1347 1968 1371 1996 o
1386 1956 1516 2005 ntis,
1549 1967 1659 2008 quae
1691 1959 1754 1996 est
1785 1955 1966 2008 positiva

230 2021 304 2062 Dei
326 2022 527 2064 revelatio
551 2036 758 2076 superans
780 2026 1034 2078 exigentiam
1056 2026 1302 2075 humanam,
1325 2038 1410 2079 qua
1431 2026 1645 2068 mediante
1658 2025 1770 2067 Deus
1785 2025 1966 2067 familia-

237 2092 337 2133 riter
359 2106 455 2135 cum
477 2094 720 2136 hominibus
743 2102 1041 2145 conversatur;
1073 2097 1110 2140 f.
1143 2098 1308 2138 ratione
1339 2097 1462 2149 primi
1495 2097 1769 2149 magistri,
1800 2096 1870 2149 qui
1903 2100 1968 2137 est

232 2163 323 2215 ipsa
347 2162 563 2217 Sapientia
586 2178 686 2207 caro
710 2166 842 2216 facta3
873 2181 918 2221 g.
951 2168 1118 2208 ratione
1139 2180 1383 2215 normae,
1416 2180 1525 2221 quae
1558 2173 1621 2209 est
1651 2166 1865 2208 infallibile
1886 2166 1965 2208 Ec-

232 2234 386 2276 clesiae
409 2236 719 2289 magisterium,
751 2239 798 2281 11.
832 2239 998 2279 ratione
1031 2238 1330 2280 effectuum
1361 2239 1442 2280 hac
1473 2239 1516 2280 in
1546 2239 1634 2280 vita
1665 2243 1707 2280 et
1737 2239 1768 2282 i.
1799 2238 1966 2280 ratione

231 2306 399 2346 termini
421 2318 495 2347 seu
517 2308 659 2349 visio
673 2309 756 2349 nis
778 2308 1013 2358 beatificae,
1037 2322 1166 2363 quam
1189 2310 1360 2362 aspirat.
1394 2309 1455 2350 Ex
1476 2310 1625 2351 iisdem
1648 2309 1734 2351 fere
1757 2308 1965 2362 capitibus

228 2375 359 2416 virtus
383 2379 546 2418 censeri
569 2378 694 2420 debet
715 2380 954 2432 theologica
976 2392 1052 2421 seu
1074 2380 1260 2422 divina
1279 2382 1322 2433 1).

348 2471 442 2504 455.
468 2465 643 2511 Quaestio
667 2467 710 2503 de
731 2469 855 2515 yenesi
874 2468 963 2514 fidei
985 2468 1167 2515 difficilis.
1189 2490 1247 2494 —
1270 2468 1366 2505 Cum
1387 2479 1479 2516 ergo
1510 2469 1620 2504 tanta
1651 2467 1704 2504 sit
1733 2466 1824 2503 fidei
1854 2479 1964 2515 prae-

232 2523 390 2568 stantia,
415 2523 533 2572 digna
554 2525 726 2572 profecto
749 2528 820 2571 est,
843 2527 885 2563 in
907 2527 1020 2575 cujus
1042 2529 1236 2572 naturam,
1268 2526 1527 2575 proprietates
1549 2528 1669 2574 atque
1699 2524 1873 2575 genesim
1904 2525 1964 2563 di-

229 2581 417 2631 ligentius
431 2582 667 2630 inquiratur.
700 2584 865 2622 Plurimi
880 2585 980 2622 circa
992 2585 1102 2623 illius
1115 2585 1326 2631 notionem,
1341 2587 1535 2630 naturam,
1550 2585 1737 2634 genesim,
1753 2584 1962 2633 objectum,

229 2641 432 2680 motivum.
456 2642 714 2689 proprietates
738 2646 808 2680 etc.
831 2647 972 2681 errant:
996 2644 1063 2681 alii
1086 2657 1168 2681 eam
1191 2644 1459 2681 irrationalem
1481 2647 1652 2688 censent,
1675 2643 1742 2680 alii
1764 2656 1851 2680 eam
1873 2655 1964 2681 con-

227 2699 403 2737 fundunt
425 2712 512 2737 cum
535 2701 730 2749 opinione,
754 2703 820 2739 alii
843 2715 924 2739 eam
940 2703 1086 2741 rationi
1100 2703 1221 2740 nimis
1237 2703 1454 2752 subjiciunt,
1467 2703 1787 2750 subtrahuntque
1800 2702 1962 2752 gratiae,

228 2761 346 2807 atque
367 2759 582 2808 generatim
607 2760 689 2808 ejus
710 2762 909 2799 notionem
931 2765 1175 2810 pervertunt.
1217 2763 1277 2799 Ad
1298 2775 1382 2800 rem
1414 2764 1545 2799 autem
1574 2763 1686 2798 notat
1708 2761 1852 2811 Hugo
1882 2774 1905 2798 a
1934 2773 1962 2799 s.

227 2817 382 2855 Victore
404 2818 451 2855 de
474 2829 566 2856 sacr.
589 2819 613 2856 l.
643 2827 656 2858 1
685 2832 720 2867 p.
749 2827 796 2860 10
822 2832 851 2857 e.
877 2827 897 2859 6
924 2821 1152 2865 „Quomodo
1175 2821 1222 2858 de
1243 2821 1300 2868 iis,
1325 2833 1423 2869 quae
1443 2819 1633 2858 credenda
1647 2822 1743 2857 sunt,
1755 2820 1841 2865 fide,
1864 2821 1963 2858 bene

374 2940 397 2977 ¹)
416 2936 520 2970 Fidei
537 2936 714 2971 virtutem
733 2939 768 2971 et
787 2938 987 2972 efficaciam
1002 2939 1187 2984 praeclare
1202 2939 1355 2985 exponit
1369 2941 1498 2974 auctor
1515 2938 1826 2984 (Storchenau)
1844 2938 1964 2973 libelli

228 2990 339 3034 plane
356 2990 508 3035 pretiosi
526 2990 590 3024 der
608 2990 750 3024 Glaube
768 2992 831 3025 der
851 2991 1018 3026 Christen
1045 2993 1116 3027 wie
1144 3004 1183 3026 er
1201 2994 1279 3027 sein
1297 2992 1377 3034 soll,
1407 3004 1428 3027 a
1445 2993 1553 3027 nobis
1572 2992 1663 3027 editi
1681 2991 1854 3037 Friburgi
1874 2994 1964 3027 1895

228 3049 245 3084 ς·
268 3045 324 3078 16:
353 3043 585 3087 Zwerger,
606 3043 670 3077 der
694 3043 836 3078 Glaube
851 3044 905 3078 als
927 3045 1036 3089 gottl.
1060 3045 1211 3090 Tugend
1230 3057 1258 3080 c.
1277 3050 1297 3080 2
1316 3047 1404 3080 sect.
1424 3048 1463 3085 2;
1494 3046 1651 3080 Weiss
1670 3045 1851 3090 Apologia
1868 3046 1896 3079 t.
1913 3044 1965 3079 IV

229 3096 312 3131 diss
333 3099 388 3131 23.
424 3096 484 3130 Illi
501 3097 634 3130 mei-ito
653 3096 834 3141 applicari
851 3099 1006 3141 possunt
1024 3099 1138 3133 verba
1156 3099 1260 3133 Prov.
1279 3101 1311 3141 3,
1334 3101 1374 3133 13
1393 3110 1438 3133 ss.
