2175 3382
239 150 324 187 534)
681 144 801 178 Tract.
824 145 881 179 lv.
900 145 944 179 (le
963 145 1042 179 fide.
1065 146 1114 179 De
1133 157 1286 180 censui-a
1305 144 1523 187 theologica.

239 266 467 314 propterea
488 260 730 312 dogmatica
745 262 942 304 dicuntur
965 265 1020 319 (n.
1037 265 1161 319 280);
1186 264 1249 305 vel
1274 275 1369 305 exe
1381 263 1557 316 getice
1580 267 1626 303 ut
1647 266 1785 303 textus
1800 262 1976 315 dogma-

241 332 321 379 tici,
343 332 413 384 qui
435 336 534 371 ante
558 331 728 384 intelligi
760 332 916 374 debent
947 346 1075 387 quam
1107 334 1328 386 dijudicari
1359 334 1523 385 possint
1546 344 1602 377 (n.
1626 333 1752 387 282);
1790 334 1833 377 b.
1855 344 1977 374 con-

239 402 507 450 seeutive,
542 405 589 442 ut
611 403 907 444 conclusiones
930 416 981 445 ex
1004 405 1221 457 principiis
1245 404 1339 446 fidei
1371 415 1452 456 ope
1474 403 1777 456 principiorum
1801 404 1978 444 rationis

238 475 458 522 deductae,
481 474 535 515 ad
558 486 665 528 quas
688 476 891 517 revelatio
923 477 964 517 in
997 488 1146 528 agrum
1175 477 1328 518 mentis
1351 477 1548 528 pinguem
1571 476 1594 516 i.
1618 486 1652 516 e.
1674 485 1885 527 sagacem,
1907 486 1977 515 so-

239 546 399 594 lertem,
422 545 509 586 veri
532 546 729 598 cupidum
763 550 805 587 et
836 551 1053 588 amantem
1084 551 1257 600 recepta
1289 540 1441 599 sponte
1472 559 1550 588 sua
1572 546 1713 592 allicit,
1746 545 1907 588 inducit
1927 558 1979 588 ac

239 616 548 668 propemodum
579 617 775 669 propellit
806 617 872 671 (cf.
905 630 941 658 n.
979 621 1095 662 151³.
1130 618 1278 673 275³);
1313 630 1354 661 c.
1393 617 1540 658 habitu
1575 617 1979 659 consonantiae

239 687 303 727 vel
327 687 627 736 dissonantiae,
650 692 696 728 ut
718 688 861 729 variae
884 688 1125 738 doctrinae;
1159 689 1342 741 denique
1365 689 1410 732 d.
1444 688 1604 729 finali
1620 693 1702 729 ter
1735 699 1810 730 seu
1831 688 1979 730 habitu

239 757 366 798 medii
388 758 441 798 ad
465 757 590 799 finem
613 758 894 808 revelationis,
926 761 997 812 qui
1029 764 1093 801 est
1125 759 1263 812 major
1285 759 1360 800 Dei
1391 759 1537 812 gloria,
1559 759 1774 801 Ecclesiae
1808 759 1980 809 bonum,

239 829 478 870 animarum
502 829 628 878 salus,
651 834 697 870 ut
718 830 862 870 variae
884 829 998 881 leges
1021 830 1280 883 disciplinae.
1313 831 1481 872 vivendi
1514 830 1677 872 formae
1700 829 1888 885 (ordines
1910 841 1978 871 re-

238 898 390 955 ligiosi)
415 904 491 943 eto.
516 900 572 955 (n.
596 903 678 944 277
704 900 788 956 ss).

357 986 453 1027 508.
476 982 540 1023 De
561 996 735 1024 censura
758 984 991 1037 tlzeoloqiea.
1015 985 1081 1027 II.
1106 984 1332 1035 Quaeritur
1352 984 1450 1037 quid
1466 985 1519 1025 sit
1533 996 1715 1025 censura
1728 984 1980 1035 theologica-

239 1052 429 1094 Censura
464 1053 704 1105 theologica
736 1067 760 1095 a
784 1055 991 1106 theologis
1027 1059 1259 1107 praeeunte
1293 1054 1479 1096 Antonio
1511 1055 1563 1096 de
1595 1054 1906 1111 Panorm01)
1937 1054 1980 1095 in

238 1124 440 1165 scrutinio
463 1124 755 1167 doctrinarum
777 1127 800 1167 l.
827 1131 846 1170 1
873 1139 910 1167 a.
934 1129 960 1170 2
984 1126 1202 1168 definitur:
1224 1126 1436 1168 Judicium
1451 1138 1527 1168 seu
1542 1126 1864 1179 sententia,qua
1877 1129 1982 1167 nota

239 1207 372 1246 prava
394 1199 436 1236 et
457 1196 642 1248 maligna
665 1197 835 1237 cuidam
866 1197 1086 1239 doctrinae
1123 1198 1303 1239 inuritur
1324 1202 1544 1251 tamquam
1568 1196 1664 1238 fidei
1687 1196 1828 1250 aliquo
1851 1196 1980 1238 modo

240 1266 404 1309 noxiae.
448 1265 483 1306 A
513 1277 694 1307 censura
726 1279 929 1308 morum
965 1267 1100 1309 differt
1134 1269 1383 1319 materia,
1427 1269 1540 1321 quod
1574 1269 1682 1310 haec
1717 1268 1832 1309 circa
1865 1268 1980 1320 ipsos

239 1347 382 1377 mores
413 1337 609 1390 vitaeque
641 1338 900 1390 qualitatem,
933 1339 1047 1380 circa
1070 1339 1308 1380 doctrinam
1344 1340 1640 1395 (theoreticam
1664 1343 1706 1381 et
1728 1339 1980 1395 practicam)

239 1406 309 1447 illa
330 1412 545 1457 versatur,
569 1407 707 1449 diss'ert
730 1407 862 1450 form
876 1421 902 1450 a
923 1421 949 1450 a
971 1421 1153 1451 censura
1175 1422 1291 1451 mere
1314 1410 1377 1450 do
1393 1409 1635 1457 ctrinali,
1658 1422 1768 1463 quae
1790 1422 1979 1463 pronun-

239 1478 375 1518 ciatur
397 1490 423 1518 a
444 1478 665 1530 theologis,
687 1480 757 1532 qui
779 1492 856 1532 pro
879 1493 957 1521 sua
980 1493 1129 1522 sacrae
1152 1481 1372 1523 doctrinae
1404 1482 1555 1534 peritia
1586 1482 1688 1522 satis
1719 1481 1861 1522 idonei
1883 1485 1981 1522 sunt

239 1548 292 1588 ad
315 1548 641 1590 discernendum
663 1561 812 1591 verum
835 1563 860 1591 a
883 1550 988 1592 falso
1011 1556 1053 1592 et
1073 1556 1236 1593 rectum
1260 1564 1286 1593 a
1308 1565 1462 1604 pravo,
1486 1565 1586 1593 nam
1602 1565 1690 1593 non
1703 1552 1842 1594 solum
1857 1552 1980 1594 theo-

238 1619 379 1668 retice,
402 1619 476 1660 sed
499 1620 821 1662 authentice
852 1621 1048 1673 stigmate
1078 1627 1200 1663 notat
1232 1622 1453 1664 doctrinae
1486 1622 1664 1676 aliqu'us
1697 1623 1879 1676 pretium
1902 1622 1980 1664 ob-

234 1690 436 1741 jectivum
467 1691 633 1731 ratione
665 1690 811 1732 hahita
843 1692 1062 1734 doctrinae
1094 1693 1320 1743 revelatae,
1354 1694 1553 1735 enunciat
1585 1693 1694 1734 illius
1714 1693 1980 1746 professione

238 1761 385 1801 violari
409 1760 600 1802 ordinem
623 1761 842 1811 moralem,
865 1774 961 1804 eam
985 1775 1079 1804 esse
1101 1763 1304 1811 illicitam,
1334 1764 1515 1818 ideoque
1548 1765 1602 1805 ad
1625 1776 1721 1805 eam
1743 1764 1979 1806 cavendam

237 1830 407 1883 obligat.
450 1830 497 1871 Et
521 1844 624 1873 sane
646 1832 835 1874 illicitum
859 1838 924 1874 est
945 1834 1010 1875 vel
1033 1835 1210 1876 minima
1232 1849 1284 1878 ex
1307 1841 1428 1888 parte
1453 1835 1690 1877 doctrinam
1713 1835 1884 1877 laedere
1907 1847 1978 1876 ca-

237 1901 450 1950 tholicam,
473 1914 583 1955 quae
605 1903 729 1955 plane
763 1909 957 1946 sancta
989 1910 1063 1955 est,
1098 1911 1139 1948 et
1171 1908 1339 1960 quidem
1363 1921 1403 1951 a.
1435 1907 1828 1956 materialiter,
1859 1919 1978 1948 com-

238 1972 433 2023 plectitur
447 1973 558 2014 enim
574 1974 774 2015 veritates
788 1980 980 2024 sanctas;
1004 1981 1046 2017 et
1067 1978 1112 2021 b.
1135 1977 1183 2019 fo
1195 1990 1217 2018 r
1229 1991 1268 2018 m
1281 1978 1414 2019 alite
1426 1990 1447 2018 r
1466 1982 1614 2030 utpote
1629 1977 1823 2019 doctrina
1836 1977 1980 2019 divina

236 2047 324 2082 tam
347 2044 513 2084 ratione
536 2044 708 2097 originis
732 2057 859 2098 quam
884 2047 982 2099 quia
1004 2047 1177 2088 nomine
1199 2047 1275 2089 Dei
1306 2052 1432 2101 atque
1464 2047 1542 2089 sub
1566 2048 1809 2089 assistentia
1829 2061 1862 2092 s.
1883 2046 1978 2100 Spi-

236 2113 340 2154 ritus
361 2115 632 2166 proponitur3
656 2120 697 2156 et
719 2128 756 2159 c.
780 2115 1101 2159 efficienter
1122 2130 1198 2159 seu
1220 2118 1466 2168 virtualiter,
1489 2131 1585 2160 cum
1608 2118 1663 2159 ad
1687 2118 1797 2160 vitae
1818 2118 1977 2160 sancti-

236 2189 367 2225 tatem
390 2184 619 2226 efficienter
641 2186 863 2230 conducat.
908 2186 1099 2229 Censura
1121 2188 1258 2230 differt
1281 2201 1307 2230 a
1328 2201 1448 2230 mera
1480 2189 1700 2230 doctrinae
1733 2189 1978 2242 prohibi-

238 2256 400 2305 tione,
423 2256 521 2308 quia
543 2256 650 2297 haec
673 2269 761 2297 non
783 2269 951 2310 semper
974 2260 1174 2311 supponit
1195 2260 1343 2301 vitium
1366 2260 1587 2301 doctrinae
1609 2260 1848 2301 inhaerens.

356 2348 450 2381 509.
475 2341 733 2380 Censurarum
750 2345 851 2380 varii
861 2345 1022 2393 qradus.
1037 2368 1093 2372 —
1110 2345 1221 2382 Sicut
1236 2348 1369 2383 autem
1383 2357 1464 2383 non
1485 2358 1619 2384 omnes
1634 2346 1761 2383 morbi
1785 2359 1831 2384 ex
1852 2359 1977 2395 aequo

236 2399 354 2436 saluti
377 2405 644 2448 opponuntur,
669 2402 724 2439 ita
747 2406 786 2439 et
808 2403 1006 2441 doctrinae
1027 2403 1145 2441 falsae
1176 2405 1239 2442 vel
1260 2405 1396 2442 noxiae
1418 2417 1497 2442 non
1520 2417 1654 2442 omnes
1677 2417 1721 2442 ex
1753 2418 1876 2454 aequo
1907 2406 1976 2443 ad-

234 2462 445 2496 versantur
466 2459 577 2504 fidei3
614 2474 734 2509 quare
756 2462 855 2499 varii
878 2462 1188 2512 distinguuntur
1220 2476 1477 2501 censurarum
1498 2464 1700 2513 gradus.
1742 2464 1977 2513 Praecipuas

235 2528 488 2554 censurarum
512 2519 659 2567 species
682 2521 905 2569 complexus
927 2524 987 2559 est:
1009 2522 1242 2560 Clemens
1265 2523 1328 2560 XI.
1361 2523 1403 2560 in
1425 2523 1535 2560 bulla
1556 2523 1834 2572 ‚Unigenitus‘,
1866 2523 1976 2561 dam-

234 2587 332 2612 nans
365 2575 635 2619 Quesnelli
667 2579 957 2628 propositiones
990 2591 1219 2630 „tamquam
1250 2581 1379 2627 falsas,
1415 2582 1617 2631 captiosas,
1648 2583 1750 2619 male
1780 2586 1974 2628 sonantes,

234 2634 387 2682 piarum
420 2636 574 2673 aurium
606 2637 821 2682 ostensivas,
859 2639 1115 2686 scandalosas,
1152 2641 1398 2689 perniciosas,
1432 2641 1671 2687 temerarias,
1709 2640 1904 2679 Ecclesiae
1935 2644 1976 2679 et

234 2693 320 2741 ejus
343 2694 454 2742 praxi
476 2694 696 2743 injuriosas,
720 2709 847 2745 neque
869 2698 911 2734 in
934 2698 1145 2736 Ecclesiam
1171 2701 1311 2745 solum,
1336 2700 1404 2737 sed
1426 2700 1544 2737 etiam
1566 2700 1608 2736 in
1621 2704 1839 2748 potestates
1853 2700 1976 2738 seculi

234 2753 542 2797 contumeliosas,
567 2755 783 2800 seditiosas,
807 2756 959 2804 impias,
982 2757 1242 2806 blasphemas,
1267 2761 1467 2807 suspectas
1489 2759 1536 2796 de
1558 2758 1708 2796 haeresi
1725 2772 1768 2797 ac
1781 2759 1974 2797 haeresim

233 2810 358 2859 ipsam
381 2812 589 2860 sapientes,
612 2825 763 2851 necnon
785 2815 989 2853 haereticis
1012 2819 1051 2854 et
1073 2816 1310 2863 haeresibus,
1343 2830 1387 2855 ac
1408 2818 1525 2855 etiam
1549 2817 1755 2855 schismati
1785 2818 1973 2864 faventes,

233 2882 427 2916 erroneas,
451 2870 603 2908 haeresi
624 2873 830 2920 proximas,
864 2874 1013 2922 pluries
1036 2875 1239 2913 damnatas
1262 2888 1305 2913 ac
1335 2876 1492 2913 demum
1524 2876 1740 2915 haereticas
1768 2877 1974 2925 variasque

380 3002 403 3047 ¹)
423 3002 571 3037 Praeter
598 3003 695 3037 hunc
722 3005 911 3038 auctorem
938 3006 1134 3040 classicum
1160 3008 1204 3041 cf.
1232 3007 1497 3053 Monta-gne
1524 3009 1568 3042 de
1595 3007 1759 3042 censuris
1785 3016 1851 3041 seu
1877 3006 1974 3040 notis

234 3056 455 3098 theologicis
473 3057 651 3103 (Migne
669 3057 781 3095 theol,
800 3069 910 3092 cursu
928 3059 953 3100 I,
977 3064 1062 3094 1111
1080 3061 1140 3105 S.);
1163 3061 1189 3095 K
1205 3061 1409 3106 leutgen
1428 3063 1453 3098 l.
1471 3073 1501 3096 c.
1519 3064 1546 3097 t.
1569 3067 1583 3097 1
1604 3074 1641 3096 n.
1659 3064 1700 3095 81
1723 3073 1790 3097 ss.:
1810 3060 1973 3095 Schee-

232 3109 322 3143 ben
341 3110 488 3145 Handb.
508 3111 574 3145 der
590 3111 626 3146 k.
643 3110 775 3157 Dogm,
794 3113 814 3157 ἓ
833 3114 876 3147 30
892 3127 898 3147 :
917 3113 1149 3149 Mazzella
1167 3116 1261 3160 disp.
1281 3118 1301 3149 2
1320 3126 1352 3151 a.
1376 3119 1436 3152 lO:
1455 3115 1700 3150 Heinrich
1717 3116 1735 3153 θ
1755 3117 1823 3151 110
1843 3116 1912 3149 etc.
