2175 3382
756 135 976 168 auctoritate
994 135 1028 168 et
1047 133 1092 166 de
1111 143 1235 167 eorum
1253 134 1430 167 dissensu.
1875 138 1955 179 151

224 253 366 301 sionis,
389 264 473 305 qua
494 252 570 293 fuit
590 253 815 305 prolatum,
847 253 1111 305 aliorumque
1135 252 1442 304 adjunctorum.
1487 252 1592 293 Hinc
1615 254 1744 306 liquet
1766 253 1956 305 ejusdem

224 324 356 375 patris
386 335 473 363 non
505 323 685 364 eandem
708 335 801 364 esse
830 334 1000 374 semper
1031 322 1073 362 in
1105 322 1280 362 diversis
1304 323 1624 374 quaestionibus
1647 324 1957 365 auctoritatem.

342 395 383 437 5.
413 392 561 435 Patres
593 393 705 446 fungi
736 398 915 446 possunt
936 404 1112 434 munere
1145 392 1208 432 vel
1240 393 1403 433 testis
1435 393 1500 433 vel
1533 393 1794 435 doctoris.
1838 393 1955 446 Quae

222 464 441 517 hucusque
455 464 636 505 diximus
650 464 701 504 de
715 468 883 516 patrum
899 464 1163 512 auctoritate,
1188 464 1230 503 in
1252 464 1398 515 primis
1420 463 1474 504 ad
1498 475 1572 504 eos
1586 463 1837 513 referuntur,
1852 477 1956 517 qua-

222 539 346 576 tenus
368 540 465 576 sunt
485 535 723 576 traditionis
755 539 804 575 te
818 538 941 577 stes,
983 533 1067 574 Eos
1090 538 1232 574 autem
1255 539 1475 586 tamquam
1498 539 1640 583 testes,
1672 547 1758 575 non
1781 547 1882 576 vero
1907 547 1957 576 ex

223 618 302 647 sua
323 606 522 658 opinione
543 605 669 658 loqui,
701 609 829 657 patet,
862 606 896 645 si
919 617 982 647 ex.
1005 617 1061 656 gr.
1086 604 1127 645 id
1149 605 1214 645 vel
1237 605 1392 646 diserte
1415 605 1480 646 vel
1503 606 1821 658 aequivalenter
1843 606 1955 646 affir-

156 683 168 694 ·
223 681 352 725 mant,
374 677 409 717 si
431 677 486 717 ad
509 676 719 729 majorum
741 676 1014 717 traditionem
1037 680 1285 728 provocant,
1318 676 1354 716 si
1383 676 1496 728 quod
1519 680 1773 728 proponunt,
1805 676 1959 728 dogma

223 759 316 788 esse
338 746 434 788 fidei
455 747 749 799 pronunciant,
773 747 808 787 si
830 746 1069 788 doctrinam
1086 747 1345 787 contrariam
1367 751 1587 800 tamquam
1610 747 1870 788 haereticam
1893 759 1959 787 re-

217 818 368 870 jiciunt
389 822 466 861 etc.
508 816 553 858 Si
574 830 675 859 vero
699 822 946 870 spectantur
967 822 1014 858 ut
1035 817 1097 858 do
1111 822 1196 858 cto
1210 829 1318 867 reS,
1341 818 1411 870 qui
1434 817 1529 859 fidei
1552 818 1791 859 doctrinam
1813 816 1957 858 defen-

222 889 326 930 dunt
347 889 412 930 vel
433 888 640 930 subtiliter
661 893 888 941 exponunt,
912 900 1009 929 cum
1031 900 1110 930 nec
1135 892 1385 940 argumenta
1406 900 1485 929 nec
1508 888 1958 941 expositionis-modus

221 971 390 1012 semper
419 960 660 1012 pertineant
691 959 745 1000 ad
784 959 1114 1008 revelationem,
1156 960 1296 1000 minor
1327 964 1392 1000 est
1422 959 1684 1012 singulorum
1716 960 1957 1001 auctoritas

222 1030 344 1082 Quod
366 1031 403 1071 si
423 1035 568 1071 tamen
599 1031 642 1070 in
672 1030 846 1071 modum
869 1030 1070 1082 dogmata
1093 1030 1360 1082 concipiendi
1381 1031 1447 1071 vel
1470 1030 1679 1083 probandi
1702 1031 1959 1083 conspirant,

221 1114 308 1142 non
339 1101 436 1142 licet
466 1101 676 1153 dogmatis
699 1102 1025 1154 explicationem
1059 1102 1124 1143 vel
1155 1102 1454 1154 probationem
1477 1107 1697 1156 tamquam
1720 1114 1837 1143 mere
1860 1101 1959 1142 sub-

214 1172 417 1225 jectivam
431 1172 618 1225 rejicere,
641 1185 737 1213 cum
754 1184 805 1213 ea
823 1173 1034 1225 pertineat
1049 1173 1103 1213 ad
1118 1173 1389 1214 traditionem
1405 1178 1446 1214 et
1463 1186 1550 1215 non
1565 1175 1617 1215 sit
1631 1174 1710 1214 nisi
1724 1173 1960 1214 intellectus

220 1243 453 1284 catholicus
476 1242 682 1284 formatus
715 1247 756 1283 et
787 1243 997 1295 expolitus
1020 1235 1098 1284 sub
1122 1244 1364 1285 assistentia
1397 1248 1439 1285 et
1461 1244 1692 1285 directione
1715 1258 1745 1285 s.
1769 1242 1959 1296 Spiritus.

337 1315 378 1356 6.
411 1313 471 1354 Ex
502 1315 622 1354 dictis
654 1318 771 1366 patet
797 1318 940 1366 patres
963 1314 1135 1365 speciali
1159 1315 1412 1355 auctoritate
1435 1315 1560 1367 potiri
1583 1316 1697 1355 circa
1719 1315 1959 1366 depositum

218 1385 491 1426 revelationis
505 1396 581 1425 seu
595 1383 834 1425 doctrinam
859 1383 993 1425 fidei
1016 1388 1058 1425 et
1079 1398 1121 1425 m
1135 1397 1158 1426 o
1173 1397 1304 1433 rum,
1329 1398 1457 1439 quam
1473 1386 1538 1426 vel
1553 1391 1775 1434 testantur,
1797 1385 1862 1425 vel
1886 1397 1959 1426 ex-

219 1459 402 1508 ponunt;
425 1456 466 1496 in
488 1455 659 1508 reliquis
675 1455 997 1508 quaestionibus
1021 1468 1117 1496 cum
1141 1455 1236 1496 fidei
1258 1455 1450 1508 deposito
1474 1469 1560 1497 non
1575 1456 1778 1497 connexis
1792 1460 1958 1496 tantum

218 1527 332 1568 valet
353 1538 502 1568 eorum
525 1527 768 1575 auctoritas,
792 1531 1000 1579 quantum
1024 1526 1203 1567 aliorum
1220 1527 1475 1579 scriptorum
1500 1528 1541 1567 in
1563 1527 1713 1568 iisdem
1737 1527 1958 1579 adiunctis,

219 1602 261 1638 et
282 1603 488 1650 quantum
509 1598 713 1647 rationes,
736 1597 888 1650 quibus
912 1602 1098 1646 utuntur,
1122 1598 1316 1649 probant.

342 1690 434 1724 137.
458 1680 689 1725 Scholion
721 1681 787 1723 ῙΙ.
819 1683 876 1720 De
892 1688 1054 1731 patrum
1076 1684 1262 1720 dissensu.
1277 1684 1434 1720 —Non
1457 1684 1684 1729 diffitemur,
1707 1686 1837 1732 patres
1866 1684 1957 1721 sub-

218 1743 308 1780 inde
329 1743 435 1780 intel·
457 1756 494 1780 se
518 1744 634 1780 etiam
659 1743 755 1780 circa
792 1742 993 1779 doctrinae
1024 1743 1217 1779 revelatae
1250 1743 1378 1791 capita
1410 1743 1631 1782 dissentire.
1677 1743 1796 1791 Saepe
1825 1745 1958 1780 tamen

217 1802 279 1839 hic
301 1802 497 1839 dissensus
511 1805 570 1839 est
591 1812 633 1842 a..
658 1803 1001 1850 exaggeratus
1022 1802 1084 1838 vel
1112 1801 1152 1841 b.
1175 1814 1437 1850 apparens,
1460 1802 1523 1839 vel
1547 1812 1588 1842 (³.
1616 1803 1673 1839 rei
1685 1802 1951 1839 substantiam

217 1873 297 1898 non
318 1861 492 1910 attingit,
516 1861 582 1897 sed
596 1861 658 1898 vel
673 1861 982 1909 explicationem,
1006 1861 1069 1896 vel
1083 1861 1333 1908 quaestiones
1348 1860 1618 1907 accidentales,
1641 1862 1703 1899 vel
1718 1862 1958 1899 consectaria

217 1920 281 1957 vel
302 1920 462 1957 modum
483 1920 681 1968 loquendi.
726 1920 883 1957 Certum
920 1919 1024 1956 enim
1059 1932 1103 1956 ex
1139 1920 1254 1957 dictis
1287 1922 1358 1965 est,
1395 1920 1477 1957 fieri
1512 1933 1716 1969 nunquam
1750 1932 1874 1969 posse,
1911 1924 1957 1958 ut-

217 1981 349 2027 patres
371 1991 504 2017 omnes
524 1979 644 2016 unius
667 1978 808 2015 aetatis
831 1978 1100 2016 contradicant
1120 1979 1299 2027 patribus
1313 1979 1475 2016 alterius
1491 1981 1630 2017 aetat-is
1645 1980 1685 2016 in
1699 1992 1741 2016 re
1756 1982 1957 2028 spectante

217 2037 266 2074 ad
286 2038 414 2083 fidem,
441 2038 547 2085 quod
568 2038 693 2088 magis
716 2038 833 2075 etiam
856 2037 1049 2074 elucescet
1072 2050 1115 2074 ex
1131 2038 1306 2075 dicendis
1322 2039 1367 2075 de
1383 2038 1579 2076 Ecclesiae
1594 2039 1955 2076 indefectibilitate:

216 2109 343 2146 neque
363 2097 493 2134 ullum
515 2097 768 2135 dissensionis
790 2097 908 2145 hujus
931 2097 1059 2133 afferri
1080 2100 1212 2145 potest
1244 2099 1394 2134 certum
1418 2099 1652 2146 exemplum.
1696 2098 1806 2142 Quod
1839 2098 1873 2135 si
1894 2111 1955 2135 re-

216 2168 308 2193 vera
327 2158 458 2205 patres
480 2156 527 2193 ab
550 2156 717 2194 invicem
740 2156 945 2193 dissentire
968 2155 1187 2202 videantur,

337 2213 379 2255 l.
401 2215 509 2253 omni
531 2215 752 2253 conandum
774 2217 835 2252 est
856 2227 984 2263 opera,
1020 2217 1065 2252 ut
1098 2216 1266 2253 invicem
1297 2216 1567 2260 concilientur,
1601 2217 1755 2253 etiamsi
1790 2216 1956 2253 subinde

218 2274 525 2324 significationes
547 2275 758 2311 verborum
780 2275 912 2311 minus
935 2274 1115 2323 propriae
1138 2277 1178 2312 et
1200 2275 1474 2312 insolentiores
1499 2275 1666 2324 supponi
1695 2275 1871 2320 debeant,
1897 2287 1956 2312 se-

217 2333 391 2371 cundum
420 2333 522 2370 illud
552 2333 831 2370 Athanasii
850 2330 880 2384 1)
914 2333 960 2370 de
992 2333 1151 2382 synodis
1182 2347 1219 2370 n.
1256 2340 1331 2374 43:
1366 2334 1484 2378 „Non
1516 2335 1625 2372 decet
1646 2335 1746 2377 {illos
1779 2347 1867 2371 curn
1897 2335 1956 2371 his

217 2392 470 2436 committere,
494 2404 628 2429 omnes
652 2393 758 2429 enim
779 2394 910 2440 patres
933 2396 1048 2437 sunt;
1071 2405 1199 2440 neque
1223 2395 1402 2430 sanctum
1425 2396 1537 2438 esset,
1563 2393 1724 2431 definire
1740 2394 1809 2431 hos
1822 2393 1954 2442 probe,

215 2451 304 2488 illos
326 2452 426 2488 male
447 2452 642 2499 loquutos,
677 2463 810 2488 omnes
833 2451 978 2499 quippe
1008 2451 1050 2487 in
1083 2451 1234 2489 Christo
1266 2452 1584 2497 obdormierunt;
1618 2454 1780 2490 neutros
1812 2452 1868 2489 fas
1899 2458 1956 2489 est

217 2511 384 2559 culpare,
417 2523 550 2548 omnes
574 2510 720 2559 quippe
751 2522 814 2547 res
837 2510 982 2546 Christi
1012 2510 1210 2556 curabant,
1245 2523 1378 2548 omnes
1412 2512 1543 2549 studia
1575 2524 1646 2549 sua
1676 2512 1954 2549 convertebant

217 2569 405 2607 adversus
427 2569 681 2607 haereticos«
725 2569 900 2606 Modeste
937 2568 1002 2605 sed
1034 2569 1190 2606 omnino
1223 2569 1271 2606 ad
1301 2583 1383 2607 rem
1415 2571 1549 2608 scribit
1573 2571 1864 2608 Guilelmus
1896 2571 1954 2607 ab.

217 2640 244 2665 s.
267 2628 575 2680 T-heodorici
598 2625 636 2680 (†
659 2640 687 2665 c.
716 2636 731 2668 1
750 2624 845 2679 150)
870 2627 916 2665 de
939 2639 1032 2665 sacr.
1055 2628 1191 2665 altaris
1215 2641 1245 2666 c.
1277 2637 1321 2669 11
1342 2643 1348 2666 ;
1386 2656 1402 2673 »
1414 2630 1592 2667 Prudens
1615 2631 1737 2667 lector
1759 2632 1797 2667 et
1820 2630 1887 2677 qui
1910 2642 1953 2666 ea

363 2730 388 2774 ¹)
405 2729 458 2764 Cf.
477 2730 588 2764 etiam
606 2730 717 2776 n.‘313.
740 2734 793 2764 14.
812 2734 868 2764 45.
887 2730 944 2764 47.
980 2729 1117 2763 Eadem
1137 2730 1301 2764 inculcat
1318 2731 1348 2764 D
1364 2743 1431 2765 am
1445 2743 1493 2765 as
1505 2742 1522 2764 c
1535 2742 1552 2765 e
1564 2743 1623 2765 nu
1635 2743 1650 2764 s
1679 2742 1735 2775 ep.
1755 2731 1798 2764 de
1816 2731 1952 2774 hymno

216 2783 370 2826 trisagio
388 2794 423 2816 n.
441 2783 474 2816 7.
511 2781 563 2816 Cf.
590 2782 698 2826 plura
725 2783 868 2817 monita
894 2783 1001 2823 bona,
1030 2783 1198 2826 quamvis
1226 2784 1322 2819 male
1341 2785 1540 2829 applicata,
1559 2785 1659 2829 apud
1678 2785 1704 2818 F
1717 2795 1738 2818 a
1750 2795 1767 2817 c
1779 2796 1801 2817 u
1814 2783 1906 2816 ndu
1918 2795 1953 2815 m

215 2835 507 2870 hermianensem
522 2846 587 2880 pro
602 2835 739 2870 defens.
754 2837 868 2869 trium
883 2835 992 2880 capit.
1008 2835 1103 2877 VHl,
1118 2837 1159 2875 ’ῖς
1175 2836 1220 2877 X,
1236 2842 1267 2873 5.
1283 2840 1323 2876 6;
1343 2838 1404 2878 XI,
1419 2840 1449 2871 6.
1467 2839 1523 2871 Ita
1537 2849 1590 2872 ex.
1606 2850 1660 2882 gr.
1677 2838 1734 2877 IX,
1752 2842 1771 2872 5
1785 2837 1878 2870 bene
1894 2836 1953 2869 ad-

216 2887 346 2924 vertit:
366 2887 703 2929 ‚Quemadmodum
721 2888 1030 2922 calumniantium
1048 2888 1319 2924 haereticorum
1338 2891 1403 2931 est,
1424 2901 1466 2924 ex
1482 2890 1603 2924 dubiis
1618 2893 1655 2924 et
1668 2890 1840 2929 obscuris,
1859 2900 1952 2932 qnae

217 2945 316 2975 certa
333 2942 370 2975 et
386 2941 583 2976 manifesta
600 2943 696 2982 sunt,
717 2942 813 2976 male
831 2942 1069 2986 interpretari
1083 2956 1089 2975 :
1116 2943 1171 2976 ita
1197 2942 1348 2977 solitum
1365 2945 1421 2978 est
1435 2945 1652 2988 prudentiae
1671 2955 1712 2977 ac
1727 2942 1881 2988 pietatis
1897 2952 1951 2975 ca-

216 2993 386 3035 tholicae,
405 3005 449 3029 ex
466 2995 689 3030 indubitatis
707 2997 818 3039 atque
836 2994 1070 3029 evidentibus
1088 2998 1124 3029 et
1142 2996 1288 3031 firmare
1316 2997 1491 3042 ambigua
1518 2998 1554 3030 et
1582 2996 1735 3030 latentia
1756 2996 1949 3029 declarare.

217 3047 375 3091 Ideoque
398 3047 527 3082 melius
545 3048 713 3089 facimus,
732 3049 763 3083 si
779 3051 944 3083 virorum
962 3049 1258 3085 doctissimorum
1275 3051 1314 3084 in
1332 3062 1423 3096 pace
1441 3051 1623 3086 Eccles1ae
1642 3050 1797 3083 mortem
1815 3049 1950 3082 obeun-

216 3099 311 3133 tium
329 3100 465 3144 scripta
484 3100 614 3135 melius
631 3101 925 3146 interpretemur.
937 3110 949 3123 ¹
