2175 3382
239 145 323 183 532
628 136 749 168 'li-act.
774 135 830 168 lv,
851 134 895 167 de
915 134 994 168 fide.
1015 133 1110 176 Quid
1130 133 1173 168 [le
1193 134 1355 167 censuris
1374 133 1585 167 tent-ndum.

238 257 404 296 inurere
428 254 584 306 proprii
608 253 792 293 nominis
815 265 1053 302 censuram,
1085 264 1171 293 non
1202 263 1326 293 secus
1360 256 1487 305 atque
1510 251 1754 304 imprudens
1776 257 1891 294 certe
1914 257 1977 294 te—

239 326 551 377 merariumque
587 324 704 366 foret.
740 336 881 365 meras
917 323 1140 376 opiniones
1176 327 1395 374 tamquam
1431 321 1483 363 de
1518 321 1598 363 fide
1633 327 1772 363 certas
1806 323 1977 376 propria

238 396 492 436 auctoritate
515 406 718 436 asserere.
762 393 821 440 Cf.
843 394 1079 436 clausulam
1103 393 1275 442 decreti,
1297 405 1381 446 quo
1405 392 1767 434 Innocentius
1789 393 1855 438 XI.
1879 406 1978 446 pro-

238 467 404 519 scripsit
426 470 481 510 65
504 478 620 519 prop.
645 465 973 521 (Denzinger
995 478 1034 509 n.
1061 468 1172 509 1083
1196 464 1273 505 col.
1297 477 1334 505 n.
1362 466 1485 508 1017.
1509 465 1624 520 964).

355 539 396 580 ⁶2.
419 536 582 578 Fideles
604 535 682 577 sub
705 549 729 588 g
742 549 762 577 r
773 548 799 577 a
810 536 858 576 vi
881 540 1079 576 tenentur
1094 535 1147 576 ad
1163 534 1505 587 amplectendam
1520 546 1759 584 censuram,
1773 547 1873 577 nam
1889 536 1978 589 ejus

239 608 453 660 objectum
484 612 548 648 est
578 619 717 659 grave,
752 607 845 646 tinis
877 607 1031 647 summi
1063 606 1279 653 momenti,
1314 606 1489 646 intentio
1513 605 1726 647 Ecclesiae
1757 607 1980 659 opiniones

238 679 388 719 noxias
410 678 489 719 sub
511 679 627 730 gravi
650 677 916 730 prohibentis
939 676 1176 718 manifesta.

356 753 396 795 3.
419 749 604 791 Ecclesia
626 750 670 790 in
692 748 875 790 ferendis
897 748 1088 789 censuris
1112 753 1176 789 est
1198 747 1524 789 infallibilis
1547 748 1602 803 (n.
1617 749 1743 803 275),
1766 748 1809 788 in
1823 759 1907 801 quo
1922 747 1979 788 ita

235 822 505 864 consentiunt
526 820 721 872 theologi,
743 824 789 861 ut
811 820 1025 872 disputent
1046 823 1211 859 tantum
1234 819 1285 860 de
1300 830 1364 868 eo,
1381 824 1520 860 utrum
1537 819 1680 871 opinio
1707 818 1902 872 opposita
1924 819 1980 859 sit

238 893 466 940 haeretica,
488 904 544 932 an
566 902 749 932 erronea
773 890 839 931 vel
861 890 1013 931 saltem
1038 890 1281 933 temeraria.

353 964 395 1007 4.
417 961 633 1004 Censurae
655 974 742 1002 non
763 961 901 1002 solum
924 960 1112 1013 obligant
1133 961 1299 1002 ratione
1324 960 1607 1009 obedientiae,
1630 972 1759 1013 quam
1774 959 1980 1000 debemus

237 1034 470 1081 Ecclesiae3
493 1033 568 1074 sed
591 1033 720 1074 etiam
742 1033 855 1086 quod
878 1044 930 1074 ex
945 1033 1035 1085 eJ'us
1045 1032 1206 1083 judicio
1223 1032 1427 1073 infallibili
1442 1032 1654 1082 discimus,
1668 1031 1981 1085 propositiones

238 1117 419 1146 censura
441 1108 611 1145 notatas
632 1116 783 1145 revera
806 1115 899 1145 esse
921 1101 1229 1156 reprobandas.

357 1177 398 1220 5.
424 1173 466 1215 Si
489 1175 801 1227 propositiones
823 1175 866 1215 in
889 1173 1010 1227 glob
1029 1185 1074 1223 ο,
1105 1179 1152 1215 ut
1173 1174 1335 1223 dicitur,
1359 1174 1628 1223 damnantur,
1652 1173 1882 1214 tenendum
1905 1177 1981 1221 est,

240 1259 387 1288 earum
410 1245 568 1286 nullam
591 1257 697 1294 esse,
720 1257 830 1298 quae
852 1257 939 1286 non
961 1258 1093 1287 unam
1116 1244 1266 1286 saltem
1291 1257 1343 1286 ex
1365 1244 1569 1297 subjectis
1594 1243 1784 1285 censuris
1806 1248 1982 1290 mereat,

238 1317 481 1369 nullamque
504 1328 597 1357 esse
621 1328 671 1357 ex
693 1317 913 1358 recensitis
935 1316 1139 1365 censuris,
1171 1327 1281 1368 quae
1314 1327 1402 1356 non
1424 1316 1576 1356 saltem
1597 1315 1671 1356 uni
1693 1326 1745 1356 ex
1768 1314 1982 1356 damnatis

239 1388 466 1429 conveniat
488 1387 858 1440 propositionibus.
880 1386 1027 1440 Neque
1050 1387 1259 1440 ejusmodi
1281 1386 1499 1427 damnatio
1523 1391 1587 1427 est
1606 1386 1851 1439 incongrua,
1873 1386 1979 1427 sicut

238 1470 318 1499 nec
341 1457 565 1511 prohibitio
590 1458 753 1507 medici,
776 1470 859 1511 qua
883 1458 1012 1499 variis
1035 1457 1139 1499 cibis
1154 1457 1320 1499 infirmo
1336 1463 1509 1510 propter
1522 1457 1731 1509 malignos
1745 1456 1981 1498 eorundem

240 1527 412 1569 effectus
433 1528 654 1577 interdicit,
670 1528 771 1581 quin
786 1527 1040 1570 determinet
1061 1528 1321 1580 singulorum
1345 1528 1563 1581 proprium
1584 1527 1779 1570 effectum
1793 1528 1981 1571 noxium.

240 1596 400 1639 Sufficit
421 1599 616 1651 prudenti
639 1598 819 1649 infirmo,
841 1604 887 1640 ut
910 1598 964 1639 ab
989 1599 1187 1641 omnibus
1209 1599 1314 1640 cibis
1335 1599 1394 1640 ita
1408 1600 1567 1640 notatis
1581 1599 1661 1640 sibi
1675 1603 1837 1640 caveat.
1861 1598 1984 1640 Patet

238 1674 380 1710 autem
401 1669 492 1710 fieri
513 1682 653 1722 posse,
676 1674 721 1710 ut
743 1682 829 1711 una
851 1670 1088 1723 eademque
1109 1670 1345 1722 propositio
1368 1682 1445 1722 pro
1468 1671 1587 1711 vario
1612 1670 1666 1710 ad
1688 1670 1855 1711 diversa
1879 1670 1984 1711 doc-

237 1740 373 1781 trinae
394 1740 610 1782 revelatae
633 1741 773 1793 capita
795 1741 937 1793 plures
959 1746 1124 1782 mereat
1147 1753 1363 1782 censuras.

355 1814 396 1855 6.
419 1811 477 1853 ΕΟ
501 1812 593 1864 ipso
616 1811 730 1864 quod
751 1816 948 1853 tenemur
977 1812 1055 1853 has
1086 1823 1290 1864 respuere
1323 1812 1649 1864 propositiones,
1670 1820 1759 1852 non
1781 1812 1984 1865 sequitur,

238 1883 475 1924 doctrinam
501 1882 832 1924 contradictorie
857 1883 1099 1935 oppositam
1121 1887 1342 1936 tamquam
1365 1882 1599 1924 revelatam
1621 1882 1687 1923 vel
1708 1882 1804 1924 fidei
1826 1882 1982 1936 dogma

239 1953 578 2006 amplectendam
602 1965 707 2003 esse,
730 1954 811 1994 nisi
845 1954 1080 2006 propositio
1103 1954 1308 1994 damnata
1338 1953 1463 1995 suerit
1492 1958 1538 1994 ut
1567 1954 1874 2004 haeretica3
1906 1953 1982 1995 sed

238 2025 426 2077 sequitur
447 2024 559 2065 illam
583 2024 827 2065 habendam
849 2036 955 2073 esse,
989 2028 1036 2065 ut
1057 2024 1296 2065 doctrinam
1328 2037 1537 2074 sanam,
1569 2036 1679 2078 quae
1710 2024 1896 2066 tenenda
1918 2029 1983 2066 est

237 2100 411 2148 propter
432 2094 692 2136 infallibilem
716 2094 930 2136 Ecclesiae
951 2095 995 2136 in
1018 2095 1211 2137 docendo
1228 2096 1539 2145 auctoritatem,
1560 2095 1742 2149 ideoque
1763 2095 1984 2136 constituit

239 2166 454 2218 objectum
478 2165 574 2206 fidei
596 2178 672 2207 seu
694 2165 914 2207 doctrinae
937 2166 1253 2207 ecclesiasticae
1277 2165 1344 2222 (cf.
1365 2179 1404 2206 n.
1427 2169 1526 2210 499.
1550 2166 1666 2222 506).

359 2270 452 2303 512.
487 2263 590 2301 Haec
612 2268 715 2309 sunt,
751 2265 850 2302 circa
884 2277 983 2313 quae
1017 2265 1322 2314 praestantiores
1353 2265 1528 2314 theologi
1562 2264 1825 2303 consentiunt.
1869 2264 1980 2309 Quod

238 2334 328 2359 vero
349 2322 508 2367 maioris
531 2326 592 2360 est
612 2324 814 2369 momenti,
850 2323 984 2361 eadem
1005 2337 1149 2373 magna
1170 2336 1216 2361 ex
1237 2327 1351 2373 parte
1371 2324 1579 2361 recentiori
1600 2323 1831 2372 praesertim
1851 2326 1980 2362 aetate

237 2380 285 2417 ab
307 2381 476 2418 Ecclesia
500 2382 724 2420 authentice
748 2382 898 2420 sancita
920 2386 1027 2420 sunt.
1069 2383 1130 2420 Ita
1151 2383 1254 2420 enim
1280 2383 1393 2420 docet
1415 2383 1509 2420 Pius
1524 2383 1587 2420 lx.
1611 2382 1655 2419 in
1677 2382 1804 2420 literis
1825 2390 1837 2423 l
1855 2390 1868 2422 l
1890 2383 1978 2420 Dec.

244 2445 351 2479 1862
375 2439 422 2476 ad
443 2441 608 2490 archiep.
630 2454 923 2479 monacensem:
957 2442 1128 2490 ,Ecquis
1159 2453 1240 2479 non
1261 2442 1381 2484 videt,
1415 2455 1533 2490 quam
1554 2442 1806 2479 vehementer
1836 2441 1887 2479 sit
1916 2454 1979 2479 re-

233 2498 416 2546 jicienda,
439 2500 683 2547 reprobanda
705 2503 744 2538 et
767 2501 925 2538 omnino
949 2501 1168 2538 damnanda
1189 2501 1417 2549 hujusmodi
1438 2501 1760 2538 Frohschammer
1782 2501 1980 2538 sententia

238 2559 356 2605 atque
383 2557 585 2595 doctrina?
618 2559 775 2596 Etenim
796 2559 969 2597 Ecclesia
1001 2573 1046 2598 ex
1079 2559 1212 2597 divina
1243 2572 1313 2597 sua
1343 2560 1596 2597 institutione
1629 2563 1668 2597 et
1698 2559 1855 2597 divinae
1887 2559 1979 2597 fidei

239 2615 460 2664 depositum
483 2617 682 2666 integrum
703 2618 1017 2667 inviolatumque
1038 2619 1339 2668 diligentissime
1361 2619 1568 2664 custodire,
1603 2620 1643 2656 et
1665 2618 1885 2656 animarum
1917 2631 1977 2656 sa-

237 2674 315 2712 luti
336 2686 488 2712 summo
511 2676 644 2714 studio
666 2677 779 2715 debet
802 2677 1048 2715 continenter
1069 2678 1293 2728 advigilare,
1316 2690 1360 2715 ac
1382 2691 1531 2715 summa
1552 2689 1646 2715 cura
1667 2689 1711 2714 ea
1731 2677 1860 2715 omnia
1872 2690 1978 2715 amo-

237 2746 326 2771 vere
347 2736 387 2770 et
409 2734 621 2779 eliminare,
645 2747 744 2783 quae
766 2736 829 2772 vel
851 2736 942 2773 fidei
963 2736 1174 2782 adversari,
1197 2738 1259 2774 vel
1281 2737 1502 2774 animarum
1524 2737 1692 2774 salutem
1707 2737 1848 2784 quovis
1864 2737 1977 2774 modo

236 2792 279 2829 in
300 2792 509 2830 discrimen
531 2793 720 2831 adducere
743 2797 947 2843 possunt<<
985 2796 1215 2844 Sequuntur
1231 2795 1373 2833 deinde
1394 2796 1513 2833 verba
1527 2795 1596 2832 illa
1610 2795 1854 2845 gravissima,
1878 2808 1977 2844 quae

235 2851 354 2889 habes
383 2864 421 2889 n.
445 2858 542 2892 491.
584 2852 711 2889 Verba
742 2864 846 2890 conc,
878 2855 1118 2892 vaticani
1151 2855 1193 2892 in
1213 2855 1314 2892 hanc
1334 2868 1416 2891 rem
1439 2855 1484 2892 cf.
1511 2860 1606 2894 276.
1648 2854 1864 2892 Concilium
1885 2866 1977 2892 vero

237 2910 594 2948 ebrodunense
616 2924 636 2947 a
659 2912 943 2949 Benedicto
966 2913 1069 2952 XIII.
1105 2926 1206 2951 anno
1234 2920 1343 2953 1727
1376 2912 1606 2962 plenissime
1637 2913 1897 2962 approbatum
1929 2914 1975 2951 de

236 2969 348 3007 bulla
368 2969 643 3019 ,Unigenitus‘,
666 2982 744 3018 qua
772 2977 843 3010 10¹
873 2972 1162 3021 propositiones
1185 2972 1457 3016 Quesnelli
1482 2972 1657 3009 censuris
1680 2974 1882 3015 notantur,
1905 2972 1974 3009 do-

236 3031 317 3066 cet:
362 3028 629 3073 „constitutio
651 3028 913 3078 ,Unigenitus‘
937 3034 997 3068 est
1018 3031 1296 3081 dogmaticum,
1331 3031 1579 3068 definitivum
1606 3033 1647 3068 et
1667 3030 1975 3068 irretractrabile

230 3087 429 3134 judicium
448 3088 556 3125 illius
578 3087 781 3133 Ecclesiae,
805 3087 851 3125 de
874 3101 951 3137 qua
973 3089 1108 3127 divino
1131 3102 1197 3128 ore
1220 3090 1369 3128 dictum
1386 3099 1466 3127 est:
1491 3090 1628 3127 Portae
1641 3090 1760 3138 inferi
1773 3102 1974 3138 nonprae—
