2175 3382
245 130 325 170 1132
399 122 518 154 'Fr-avt.
543 120 564 153 l.
587 118 766 162 Apologia
786 116 889 160 relig.
909 116 1036 150 christ.
1054 116 1118 149 Th.
1140 115 1249 150 xxii.
1269 116 1389 151 Revel.
1422 118 1558 149 factum
1583 118 1637 150 est
1658 119 1809 151 certum.

360 244 402 286 3.
428 240 591 281 Revera
626 250 675 279 ea
703 241 847 278 tantae
871 241 968 276 sunt
992 235 1210 283 firmitatis,
1241 240 1285 276 ut
1302 235 1424 287 ,juxta
1447 234 1780 277 Richardum
1803 249 1828 277 a
1850 251 1880 278 s.
1904 236 1976 278 Vi-

243 321 333 354 tore
365 312 417 353 de
438 311 550 352 Trin.
573 310 599 358 I,
623 311 649 351 2
674 320 798 355 „cuin
831 307 945 348 omni
979 305 1234 347 confidentia
1257 305 1344 347 Deo
1372 306 1512 347 dicere
1535 307 1767 359 possimus:
1800 307 1977 349 Domine

243 386 276 425 si
307 395 427 425 error
458 387 532 429 est,
566 394 590 422 a
623 386 662 421 te
694 381 784 432 ipso
820 378 985 430 decepti
1008 390 1167 426 sumuS,
1199 389 1298 418 nam
1324 377 1403 418 ista
1427 378 1467 417 in
1491 377 1614 418 nobis
1638 378 1764 418 tantis
1787 378 1916 431 signis
1938 383 1980 420 et

243 454 441 508 prodigiis
463 451 716 494 confirmata
738 455 835 491 sunt
858 454 898 490 et
920 448 1086 497 talibus,
1109 460 1217 501 quae
1241 449 1409 489 nonnisi
1433 460 1506 501 per
1529 454 1568 490 te
1592 449 1680 490 lieri
1702 454 1913 502 possunt.“

360 525 403 568 4.
427 523 540 565 Sane
563 524 596 563 si
619 522 683 563 vel
716 519 846 562 semel
878 519 1183 560 concederetur
1215 519 1266 560 de
1289 520 1560 561 revelationis
1589 520 1847 561 christianae
1869 521 1979 561 veri-

244 603 329 638 tate
353 595 537 649 prudens
560 593 743 639 dubium,
777 603 875 632 vere
908 589 1221 642 desperandum
1255 596 1366 631 esset
1388 590 1439 631 de
1464 591 1706 631 inventione
1730 590 1919 632 veritatis
1942 596 1982 632 et

243 667 468 720 religionis,
499 664 740 706 tristissima
773 662 878 703 foret
910 661 1074 713 generis
1111 661 1284 702 humani
1308 662 1506 710 conditio,
1539 660 1810 703 diffidendum
1834 661 1885 703 de
1907 661 1982 703 Dei

245 739 446 785 bonitate,
479 736 687 788 sapientia
719 739 757 774 et
793 732 1057 785 providentia
1085 732 1354 783 permittente
1377 732 1662 773 invincibilem
1686 732 1894 785 ejusmodi
1916 744 1983 774 er-

247 821 387 851 rorem
411 813 451 849 et.
474 806 664 847 fraudem
687 809 774 845 tam
800 803 1003 844 fallacem.

364 883 430 923 98.
454 875 818 921 Demonstratio
842 888 885 929 p.
911 874 1003 917 ΙΙΙ.
1047 872 1091 914 Si
1123 873 1174 914 de
1206 874 1477 915 revelationis
1510 874 1621 915 facto
1655 880 1771 916 certo
1804 879 1983 923 constat,

247 950 448 993 revelatio
472 948 683 1000 objectiva
705 958 782 987 seu
795 947 996 987 veritates
1012 945 1226 986 revelatae
1241 945 1321 986 dici
1338 951 1515 998 possunt
1529 951 1571 987 et
1585 945 1740 987 debent
1754 958 1852 986 cum
1867 957 1984 987 conc.

250 1022 447 1062 vaticano
484 1019 540 1075 (n.
567 1020 664 1071 101)
690 1029 711 1058 e
727 1017 977 1058 videnter
999 1015 1233 1058 credibiles
1276 1015 1389 1057 Sane
1412 1016 1680 1058 credibile
1703 1017 1801 1058 illud
1824 1011 1986 1067 dicitur,

247 1092 360 1146 quod
391 1090 621 1144 prudenter
653 1088 766 1129 credi
800 1092 948 1140 potest.
993 1087 1121 1140 Atqui
1145 1087 1318 1128 evidens
1341 1091 1415 1136 est,
1447 1087 1547 1128 illud
1571 1087 1801 1140 prudenter
1822 1087 1987 1129 admitti

247 1176 322 1205 seu
345 1162 471 1211 credi,
504 1161 622 1213 quus
656 1159 962 1200 revelationem
986 1158 1172 1199 divinam
1195 1163 1257 1199 tot
1279 1158 1562 1211 comprobant
1584 1164 1847 1210 argumenta,
1879 1169 1987 1212 quae

248 1234 418 1276 excluso
452 1233 600 1286 quovis
632 1230 827 1284 prudenti
859 1229 987 1271 dubio
1021 1242 1115 1271 eam
1148 1230 1243 1270 licet
1266 1242 1352 1270 non
1376 1230 1627 1279 evidentem,
1659 1235 1820 1272 certam
1843 1235 1988 1271 tamen

247 1305 437 1347 reddunt,
481 1303 573 1344 Tali
596 1303 708 1344 enim
741 1301 991 1342 certitudine
1014 1301 1154 1342 omnis
1177 1301 1292 1350 tides,
1324 1313 1408 1354 qua
1430 1305 1520 1342 tota
1542 1306 1690 1342 nostra
1712 1302 1799 1342 vita
1819 1301 1988 1353 regitur,

249 1376 423 1417 tundata
454 1375 619 1415 nititur:
651 1374 736 1413 imo
769 1371 1156 1425 imprudentissime
1188 1376 1230 1412 et
1261 1373 1387 1424 impie
1416 1383 1650 1424 ageremus,
1683 1372 1718 1412 si
1740 1371 1989 1413 certitudine

248 1460 334 1488 non
359 1446 559 1493 contenti,
584 1444 839 1486 evidentiam
863 1455 1032 1496 semper
1054 1443 1378 1496 postularemus,
1402 1443 1520 1484 Tunc
1543 1443 1655 1484 enim
1679 1443 1835 1495 periret
1857 1442 1990 1484 filialis

251 1519 397 1571 pietas,
420 1529 542 1557 amor
564 1515 810 1568 conjugalis,
834 1515 933 1556 unio
956 1515 1138 1562 socialis,
1165 1526 1263 1555 cum
1284 1526 1364 1555 nec
1387 1513 1458 1554 filii
1480 1513 1697 1555 evidenter
1719 1517 1991 1566 cognoscant,

251 1590 424 1642 quinam
456 1599 604 1628 eorum
637 1587 720 1628 sint
741 1591 952 1638 parentes,
984 1597 1063 1626 nec
1095 1586 1298 1638 conjuges
1321 1585 1534 1626 evidentia
1554 1584 1748 1626 fruantur
1770 1584 1821 1625 de
1843 1588 1992 1624 mutua

251 1660 343 1708 fide,
375 1670 455 1700 nec
486 1659 599 1699 cives
633 1658 684 1699 de
716 1662 864 1698 mutua
895 1657 1120 1710 probitate,
1151 1656 1226 1697 sed
1258 1661 1423 1697 tantum
1445 1656 1755 1705 certitudinem,
1786 1665 1992 1708 persaepe

252 1736 416 1772 tantum
438 1729 723 1782 probilitatem
747 1728 935 1770 habeant
955 1729 998 1784 1).
1041 1727 1222 1768 Evidens
1245 1739 1345 1779 ergo
1369 1731 1443 1777 est,
1476 1727 1706 1779 prudenter
1729 1726 1843 1767 credi
1865 1736 1991 1778 posse

398 1862 424 1905 l)
443 1859 495 1893 Cf.
514 1860 545 1892 A
557 1870 581 1892 u
593 1870 617 1903 g
630 1870 652 1892 u
662 1860 703 1892 st
716 1859 763 1892 in
774 1870 797 1892 u
810 1871 842 1891 m
865 1858 908 1891 de
920 1856 1085 1891 utilitate
1099 1857 1271 1891 credendi
1285 1869 1320 1891 n.
1337 1859 1381 1891 23
1395 1869 1440 1890 ss.
1452 1864 1587 1901 (opusc.
1601 1856 1676 1901 VI.)
1688 1855 1920 1898 aliorumque
1932 1865 1995 1899 pa-

253 1921 351 1949 trum
371 1913 576 1947 doctrinam
597 1912 636 1945 in
656 1915 781 1946 annot.
800 1911 892 1946 ibid.
911 1911 1088 1956 subjecta.
1125 1912 1264 1945 lterum
1283 1910 1329 1944 ad
1347 1921 1425 1944 rem
1445 1910 1572 1944 scribit.
1589 1911 1726 1955 Augu
1738 1910 1838 1943 stin
1850 1920 1898 1943 us
1915 1910 1954 1942 in
1972 1908 1995 1942 1.

253 1969 296 2003 tle
315 1968 386 2002 fide
403 1978 535 2004 reruni,
554 1976 648 2009 quae
666 1975 739 1998 non
759 1965 940 2004 videntur,
962 1977 997 1998 n.
1016 1969 1056 1998 4:
1079 1964 1136 2003 „Si
1154 1964 1343 1998 auferatur
1357 1964 1446 1997 haec
1463 1964 1548 1997 fides
1565 1964 1739 2003 (humana
1751 1963 1878 1996 innixa
1891 1962 1996 1996 testi-

254 2021 377 2055 monio
395 2020 602 2063 hominum)
621 2018 664 2051 de
683 2019 791 2052 rebus
810 2018 993 2058 humanis,
1013 2017 1096 2061 quis
1116 2029 1190 2052 non
1210 2018 1392 2059 attendat,
1413 2019 1553 2062 quanta
1571 2028 1697 2051 earum
1712 2016 1946 2061 perturbatio
1961 2017 1997 2049 et

254 2086 366 2120 quam
382 2073 567 2107 horrenda
584 2072 750 2106 confusio
769 2072 1039 2115 subsequatur?
1059 2070 1146 2112 Quis
1165 2071 1263 2105 enim
1281 2076 1411 2105 mutua
1430 2071 1584 2105 caritate
1604 2070 1783 2114 diligetur
1797 2070 1843 2104 ab
1858 2069 1994 2112 aliquo,

254 2140 337 2163 cum
356 2127 405 2162 sit
421 2126 622 2161 invisibilis
640 2125 720 2170 ipsa
739 2124 898 2166 dilectio,
920 2126 947 2158 si
969 2125 1067 2168 quod
1086 2136 1160 2159 non
1180 2125 1296 2165 video,
1327 2125 1473 2158 credere
1491 2134 1567 2158 non
1586 2123 1700 2157 debeo
1713 2129 1727 2156 ἱ»
1762 2123 1855 2157 Tota
1872 2123 1997 2166 itaque

254 2182 391 2225 peribit
408 2179 585 2219 amicitia,
605 2179 691 2222 quia
710 2178 857 2212 nonnisi
874 2180 1005 2212 mutuo
1025 2188 1148 2212 amore
1167 2179 1322 2211 constat.
1339 2177 1433 2218 Quid
1449 2177 1546 2210 enim
1562 2177 1639 2222 ejus
1655 2176 1794 2221 poterit
1808 2176 1855 2210 ab
1870 2174 1996 2220 aliquo

254 2235 424 2279 recipere,
443 2234 472 2266 si
490 2233 584 2266 nihil
604 2232 680 2277 ejus
699 2232 878 2265 creditum
897 2231 1013 2265 fuerit
1032 2231 1196 2266 exhiberi
1209 2237 1223 2265 ἱ)
1260 2231 1371 2265 Porro
1391 2230 1556 2264 amicitia
1584 2233 1762 2275 pereunte
1781 2240 1899 2274 neque
1917 2240 1998 2263 con·

255 2289 452 2322 nubiorum
472 2296 589 2329 neque
610 2285 874 2329 cognotionum
895 2287 930 2319 et
949 2285 1179 2320 affinitatum
1206 2285 1354 2319 vincula
1373 2285 1410 2317 in
1430 2284 1553 2318 animo
1582 2283 1839 2322 servabuntur,
1858 2283 1946 2326 quia
1962 2284 2000 2316 et

255 2342 293 2374 in
311 2341 368 2374 his
386 2340 515 2382 utique
534 2340 651 2372 amica
671 2339 860 2373 consensio
879 2342 933 2372 est
953 2341 1044 2372 etan«
1065 2338 1163 2380 Quae
1181 2338 1275 2372 bene
1293 2337 1506 2377 ostendunt,
1524 2336 1678 2373 homini.
1697 2337 1740 2370 ut
1756 2336 1896 2380 aliquid
1916 2348 1998 2380 pru-

256 2395 384 2428 denter
398 2393 516 2427 faeere
536 2393 663 2436 possit.
682 2404 757 2426 non
775 2403 918 2436 semper
936 2393 1150 2426 sectandam
1172 2402 1249 2425 esse
1268 2391 1502 2431 evidentiam,
1531 2401 1571 2424 ac
1589 2389 1746 2435 proinde
1773 2400 1852 2424 eam
1881 2399 1999 2433 neque

256 2447 303 2480 ad
322 2446 429 2479 fidem
448 2456 526 2479 esse
544 2444 796 2479 necessariam.
832 2444 1035 2479 Discrimen
1055 2441 1182 2478 tamen
1202 2444 1355 2488 aliquod
1373 2446 1429 2477 est
1445 2444 1544 2477 int-er
1561 2444 1656 2477 hanc
1675 2446 1711 2477 et
1729 2441 1999 2486 obligationem

257 2499 403 2538 amoris.
421 2498 576 2542 pietatis
596 2498 828 2542 aliarumque
848 2499 1025 2532 bonarum
1049 2497 1250 2537 actionum,
1281 2497 1378 2541 quod
1409 2497 1455 2530 ad
1476 2496 1583 2530 fidem
1600 2496 1820 2540 prudentem
1839 2495 1883 2529 de
1900 2505 1999 2529 reve-

256 2552 397 2586 latione
426 2555 558 2585 certo
587 2553 755 2585 constare
784 2551 902 2586 (lebet.
932 2552 1018 2585 dum
1049 2552 1095 2585 ad
1115 2551 1314 2585 servandas
1335 2551 1489 2584 virtutes
1519 2549 1655 2584 sufficit
1671 2558 1849 2593 persaepe
1866 2548 1998 2592 proba-

259 2604 400 2639 bilitas.
419 2615 479 2638 eas
494 2605 553 2638 hic
570 2608 606 2638 et
621 2614 717 2637 nunc
730 2605 897 2648 obligare
908 2605 964 2639 vel
978 2605 1166 2638 meritorie
1178 2615 1283 2648 posse
1295 2604 1463 2643 exerceri,
1478 2614 1550 2647 qua
1565 2603 1609 2637 de
1623 2612 1661 2636 re
1675 2602 1719 2636 cf.
1734 2603 1788 2635 th.
1803 2601 1942 2635 LXXX.
1956 2621 2000 2625 —

259 2659 365 2699 Quod
384 2659 412 2691 si
434 2659 515 2701 quis
534 2668 575 2691 ex
596 2658 770 2697 evidenti,
790 2669 901 2702 quam
929 2658 1161 2692 concedimus
1189 2658 1380 2702 relig-ionis
1409 2657 1634 2691 christianae
1661 2654 1920 2695 credibilitate‚
1946 2655 2001 2688 ita.

259 2712 464 2756 exciperet:
497 2713 640 2746 teritus
659 2712 848 2747 evidenter
866 2711 1052 2746 credibilis
1071 2713 1125 2746 est
1143 2711 1331 2746 evidenter
1349 2724 1369 2745 v
1382 2721 1429 2744 er
1441 2722 1471 2744 a.
1507 2710 1621 2753 Atqui
1641 2720 1682 2743 ex
1701 2710 1810 2743 dictis
1829 2709 2001 2742 verita-tes

261 2765 447 2806 revelatae
466 2767 553 2798 sunt
571 2766 760 2799 evidenter
777 2765 981 2799 credibiles.
1016 2765 1112 2809 Ergo
1131 2767 1219 2798 sunt-
1236 2765 1424 2799 evidenter
1441 2773 1549 2798 verae
1574 2763 1731 2806 ideoque
1749 2762 1796 2796 ad
1814 2772 2002 2796 assensum

260 2819 519 2853 determinant.
539 2818 638 2863 quod
656 2830 728 2853 non
748 2820 893 2853 videtur
910 2829 1014 2863 posse
1035 2818 1201 2852 concedi:
1220 2818 1501 2863 respondemus:
1522 2816 1670 2850 Veritas
1685 2816 1874 2850 evidenter
1887 2814 2002 2849 credi-

261 2872 346 2906 bilis
365 2874 421 2905 est
439 2872 628 2906 evidenter
646 2881 749 2906 vera:
772 2872 854 2908 dist.
875 2872 915 2905 in
932 2883 980 2912 se,
1001 2871 1044 2904 N.
1063 2871 1102 2905 in
1121 2872 1194 2905 alio
1214 2876 1293 2916 (seu
1310 2882 1399 2915 prae
1416 2870 1546 2911 nobis),
1565 2869 1670 2903 subd.
1690 2869 1720 2902 si
1741 2871 1796 2902 est
1814 2868 2003 2903 evidenter

260 2925 446 2959 credibilis
465 2925 512 2958 ob
532 2924 754 2958 evidentiam
773 2924 1058 2965 testificationis,
1077 2935 1176 2958 conc.
1204 2924 1261 2958 vel
1275 2925 1407 2961 trans,;
1427 2922 1617 2956 sitantum
1634 2921 1669 2955 vi
1685 2921 1858 2965 principii
1878 2920 2001 2954 reflexi

261 2980 298 3011 et
314 2977 485 3023 practici,
504 2988 586 3021 neg.
624 2978 737 3020 Atqui
757 2977 932 3011 veritates
959 2977 1143 3011 revelatae
1162 2979 1249 3011 sunt
1267 2977 1457 3011 evidenter
1475 2975 1679 3015 credibiles,
1709 2975 1792 3009 dist.
1821 2974 1999 3019 singulae,

260 3042 364 3076 neg-,2
394 3031 434 3065 in
464 3030 668 3075 complexu,
699 3029 824 3065 subd:
857 3030 1043 3064 evidentia
1075 3029 1356 3064 testificationis.
1389 3039 1489 3074 neg.;
1521 3039 1562 3062 ex
1581 3027 1764 3073 principio
1781 3029 1943 3072 practico
1965 3030 2002 3061 et

260 3083 405 3127 reflexo,
425 3094 528 3117 conc.
