2175 3382
280 149 333 191 32
478 143 596 175 'ir-act.
619 142 640 175 Ι.
663 142 842 186 Apologia
865 140 968 186 relig.
988 142 1111 178 christ,
1131 141 1259 176 'l'hesis
1278 139 1372 176 XVI.
1393 140 1507 175 Vetus
1527 141 1806 175 testamentum

278 266 520 315 temporibus
545 265 626 302 illis
649 265 690 302 111
712 264 861 302 ,Iudaea
882 267 987 301 terra
1010 264 1143 301 fideles
1167 264 1339 306 suerunt.
1373 276 1415 300 ex
1448 263 1600 312 virgine
1623 263 1871 301 nativitatem
1902 264 2017 301 mira-

279 327 398 363 bilem
422 338 463 362 ac
486 325 717 373 passionem,
752 324 1094 363 resurrectionem.
1126 323 1391 360 ascensionem
1414 322 1566 365 Christi,
1601 322 1730 360 omnia
1753 322 1884 360 divina
1916 323 2019 360 (licta

278 387 361 434 ejus
386 388 422 421 et
448 385 547 421 facta
569 386 793 433 praesentes
815 383 1034 432 praesentia
1057 382 1289 422 didicerunt,
1325 383 1427 419 Haec
1442 393 1510 419 vos
1527 393 1604 419 non
1620 381 1789 427 vidistis,
1813 384 2020 430 propterea

277 444 432 482 credere
465 442 669 480 recusatis.
712 443 814 491 Ergo
847 442 939 479 haec
971 441 1144 489 aspicite,
1178 441 1218 477 111
1251 441 1341 478 haec
1373 440 1576 484 intendite,
1609 440 1701 478 haec
1731 453 1830 489 quae
1861 440 2020 478 cernitis

277 503 459 552 cogitate,
485 514 584 551 quae
607 501 717 539 vobis
740 514 816 538 11011
840 501 1049 549 praeterita
1071 503 1294 545 narrantur,
1329 511 1401 537 nec
1423 500 1560 537 sutura
1580 499 1929 548 praenunciantur,
1953 499 2018 537 sed

277 561 495 611 praesentia
519 561 850 598 demonstrantur.
893 561 954 596 An
987 559 1098 596 vobis
1131 559 1247 597 inane
1281 560 1344 596 vel
1375 559 1460 596 leve
1491 558 1659 604 videtur,
1695 562 1735 596 et
1768 559 1925 596 nullum
1958 558 2021 595 vel

276 634 442 670 parvum
466 620 616 669 putatis
640 632 721 657 esse
745 619 976 656 miraculum
1000 618 1190 663 divinum,
1226 618 1329 667 quod
1352 618 1393 655 in
1416 617 1573 655 nomine
1596 618 1714 655 unius
1737 617 1910 655 crucifixi
1932 617 2020 655 uni-

277 693 435 718 versum
458 692 583 729 genus
608 679 732 716 currit
754 678 999 714 humanum?
1034 678 1121 715 Non
1144 677 1301 715 vidistis
1333 676 1436 726 quod
1469 677 1712 725 praedictum
1743 679 1784 714 et
1813 677 2021 726 impletum

279 742 339 777 est
362 740 408 776 de
433 739 601 776 humana
625 737 766 775 Christi
790 737 1017 774 nativitate:
1055 737 1148 774 Ecce
1172 738 1273 786 viryo
1306 738 1345 773 in
1370 741 1474 773 utero
1497 738 1651 785 accipiet
1682 741 1714 773 et
1742 737 1869 785 pariet
1898 737 2021 784 filium

277 798 343 850 (Is.
371 806 405 842 7,
436 796 516 849 14),
542 797 608 834 sed
631 797 776 833 videtis
800 796 906 844 quod
927 796 1174 845 praedictum
1199 799 1238 834 et
1262 796 1468 844 impletum
1492 798 1550 833 est
1564 795 1758 833 Abraham
1775 795 1843 832 Dei
1857 795 2022 832 verbum

278 856 389 909 (Gen.
420 863 480 901 12,
511 854 572 900 3'l:
607 856 654 893 In
679 857 818 893 semine
839 860 902 893 tuo
924 856 1183 893 benedicentur
1212 868 1337 892 omnes
1357 860 1493 903 yentes.
1539 854 1628 892 Non
1650 854 1806 908 vidistis
1838 854 1943 903 quod
1975 853 2023 891 de

275 916 523 954 mirabilibus
548 915 689 953 Christi
711 914 954 963 praedictum
978 918 1039 951 est
1062 912 1140 967 (Ps.
1166 921 1231 955 45.
1259 914 1320 964 9):
1365 914 1488 951 Venite
1521 919 1552 950 et
1576 915 1689 951 videte
1712 926 1828 962 opera
1850 913 2022 960 Domini,

276 989 372 1026 quae
402 976 532 1023 posuit
560 975 741 1024 prodiyia
774 987 890 1022 snper
921 979 1096 1020 terram;
1127 973 1194 1011 sed
1225 973 1370 1011 videtis
1405 973 1508 1021 quod
1532 973 1774 1022 praedictum
1799 975 1857 1010 est
1879 970 1960 1025 (Ps.
1986 977 2021 1016 2,

280 1043 300 1075 7
327 1032 394 1087 s.):
428 1035 622 1071 Dominus
644 1035 743 1070 dixit
765 1034 816 1070 ad
838 1046 918 1070 me:
954 1033 992 1070 F
991 1034 1078 1069 ilius
1101 1045 1202 1070 meus
1225 1046 1261 1070 es
1283 1038 1336 1080 tu,
1369 1045 1431 1082 eqo
1455 1032 1563 1069 leodie
1591 1034 1705 1082 yenui
1735 1037 1791 1069 te:
1819 1029 1973 1080 postula
1997 1043 2022 1068 a·

275 1107 344 1143 me,
370 1099 402 1131 et
424 1094 520 1130 dabo
543 1093 610 1129 tibi
629 1098 754 1142 yentes
775 1093 1051 1130 haereditatem
1074 1097 1179 1129 tuom
1203 1097 1235 1129 et
1255 1093 1530 1141 possessionem
1554 1097 1660 1129 tuam
1684 1093 1865 1129 terminos
1886 1095 2023 1129 terrae.

276 1154 364 1191 Non
395 1152 551 1190 vidistis
584 1152 690 1200 quod
721 1152 963 1200 praedictum
997 1156 1055 1189 est
1079 1150 1155 1200 (Ps.
1183 1158 1247 1197 21,
1279 1158 1325 1191 17
1351 1148 1418 1203 ss.)
1451 1153 1491 1188 et
1524 1151 1733 1199 impletum
1764 1150 1811 1188 de
1841 1150 2023 1199 passione

276 1212 436 1250 Christi:
461 1212 655 1248 Foderunt
677 1224 816 1249 manus
840 1224 942 1248 meus
964 1216 997 1247 et
1014 1211 1129 1259 pedes
1153 1223 1263 1260 meos,
1288 1212 1630 1248 dinumeraverunt
1652 1211 1780 1247 onmia
1802 1221 1889 1247 ossa
1911 1221 1994 1246 mea
2003 1222 2022 1255 ;

276 1274 352 1321 ipsi
375 1284 457 1308 vero
480 1271 811 1308 consideraverunt
835 1276 867 1307 et
889 1275 1163 1318 conspexerunt
1187 1283 1241 1307 me
1252 1284 1269 1316 ,·
1301 1271 1512 1307 diviserunt
1535 1269 1606 1306 sibi
1630 1270 1846 1306 vestimenta
1871 1281 1967 1318 mea,
1992 1274 2023 1305 et

275 1344 390 1380 super
414 1335 544 1367 vestem
568 1343 688 1367 meam
712 1331 895 1368 miserunt
917 1334 1057 1366 sortem.
1068 1343 1085 1375 ,·
1118 1329 1184 1366 sed
1209 1329 1350 1367 videtis
1383 1328 1489 1378 quod
1510 1328 1552 1365 in
1575 1328 1711 1365 eodem
1735 1328 1887 1377 psalmo
1908 1340 2020 1376 prae-

277 1391 428 1428 dictum
463 1392 532 1434 est,
568 1392 607 1426 et
640 1402 745 1426 nunc
781 1391 941 1438 apparet
986 1388 1217 1437 impletum:
1258 1388 1667 1426 Commemorabuntur
1701 1392 1732 1424 et
1766 1391 2026 1425 convertentur

277 1450 327 1487 ud
350 1449 558 1487 Dominum
581 1450 750 1485 unii-ersi
769 1449 863 1495 fines
886 1453 1024 1495 terrae,
1059 1453 1090 1484 et
1112 1449 1329 1485 adorabunt
1350 1448 1388 1484 in
1412 1452 1608 1496 conspectu
1632 1447 1712 1494 ejus
1734 1449 1932 1484 univer-sae
1949 1459 2023 1495 pa-

276 1510 374 1546 triae
394 1509 572 1557 9entium,
609 1509 790 1557 quoniam
813 1508 974 1544 Domini
997 1509 1050 1544 est
1072 1520 1241 1557 reynum,
1277 1512 1309 1544 et
1333 1508 1411 1556 ipse
1435 1506 1698 1544 dominabitur
1716 1507 1895 1556 yentium.
1937 1507 2027 1544 Non

275 1568 429 1606 vidistis
445 1567 551 1616 quod
566 1567 612 1604 de
627 1567 914 1604 resurrectione
930 1566 1073 1604 Christi
1087 1567 1329 1615 praedictum
1352 1570 1469 1615 atque
1491 1566 1731 1613 completum
1745 1569 1816 1606 est,
1840 1565 2026 1613 loquente

277 1628 428 1676 psalmo
451 1639 495 1663 ex
518 1638 681 1675 persona
703 1627 787 1674 ejus
810 1626 922 1674 prius
946 1626 992 1663 de
1015 1626 1204 1663 traditore
1228 1630 1266 1663 et
1287 1625 1606 1674 persecutoribus
1631 1626 1718 1672 ejus
1734 1622 1812 1677 (Ps.
1830 1631 1896 1667 40,
1915 1632 1935 1664 7
1954 1622 2025 1674 s.):

275 1686 582 1737 Eyrediebantur
600 1686 711 1732 foras
733 1690 766 1722 et
787 1685 1037 1734 loquebantur
1058 1686 1174 1722 simul
1197 1687 1236 1722 in
1258 1697 1376 1722 unum
1385 1700 1400 1733 ;
1422 1685 1622 1722 adversum
1645 1696 1702 1722 me
1724 1684 2026 1722 insusurrabant

277 1758 404 1783 omnes
427 1746 572 1782 inimici
595 1746 679 1793 mei,
715 1745 916 1781 adversum
948 1757 1004 1781 me
1026 1745 1238 1794 coqitabant
1269 1745 1374 1782 mala
1406 1745 1530 1790 mihi;
1561 1744 1711 1781 verbum
1741 1744 1915 1793 iniquum
1945 1743 2024 1780 dis-

270 1809 485 1854 posuerunt
511 1804 712 1841 adversum
738 1816 803 1843 me.
847 1803 919 1840 Ubi
944 1806 990 1840 ut
1012 1803 1239 1841 ostenderet
1261 1804 1361 1840 nihil
1390 1816 1452 1841 eos
1474 1803 1645 1841 valuisse
1667 1802 1874 1840 occidendo
1896 1814 2026 1839 resur·

276 1866 487 1907 rect-urum,
522 1863 689 1911 subjecit
711 1866 831 1911 atque
854 1863 929 1899 ait:
969 1863 1168 1912 Numquid
1199 1864 1263 1912 qui
1285 1864 1428 1900 dormit
1457 1875 1533 1900 non
1565 1862 1716 1911 adjiciet
1746 1867 1788 1899 ut
1820 1861 2027 1911 resurqat?

275 1924 326 1961 Et
348 1923 465 1972 paulo
486 1924 574 1971 post
597 1935 686 1959 eum
708 1922 755 1958 de
778 1923 862 1970 ipso
887 1935 957 1959 suo
979 1922 1171 1959 traditore
1203 1935 1273 1972 per
1295 1922 1456 1959 eandem
1479 1921 1724 1971 prophetiam
1754 1920 2026 1970 praedixisset,

278 1982 384 2031 quod
418 1981 460 2018 in
493 1981 704 2030 Evangelio
737 1994 893 2030 quoque
927 1982 1119 2029 scriptum
1143 1984 1219 2019 est:
1262 1982 1335 2028 Qui
1367 1982 1494 2019 edebat
1521 1994 1646 2030 panes
1681 1993 1792 2029 meos,
1829 1981 2028 2028 ampliavit

277 2054 394 2090 super
415 2053 470 2077 me
487 2041 718 2089 calcaneum,
743 2041 815 2078 hoc
837 2044 905 2084 est,
930 2041 1172 2078 conculcavit
1193 2053 1265 2085 me,
1291 2041 1478 2078 continuo
1501 2040 1696 2078 subdidit:
1725 2040 1781 2077 Tu
1801 2044 1927 2077 autem
1950 2039 2026 2077 Do-

280 2103 379 2138 mine
401 2102 579 2137 miserere
602 2101 687 2148 mei,
711 2105 743 2136 et
766 2101 950 2136 resuscita
974 2112 1039 2137 me.
1065 2105 1097 2136 et
1119 2101 1278 2137 reddam
1300 2101 1388 2137 illis.
1424 2101 1639 2149 Impletum
1661 2102 1721 2136 est
1736 2099 1816 2144 hoc,
1840 2098 2028 2136 dormivit

281 2160 458 2198 Christus
481 2161 520 2196 et
541 2159 755 2208 evigilavit,
779 2159 851 2196 hoc
874 2162 944 2202 est,
968 2159 1205 2204 resurrexit3
1239 2159 1307 2207 qui
1337 2172 1407 2209 per
1438 2159 1597 2197 eandem
1622 2158 1868 2207 prophetiam
1888 2157 1929 2195 in
1949 2157 2025 2194 alio

281 2220 430 2267 psalmo
454 2219 509 2256 ait
532 2215 587 2271 (3
615 2219 675 2269 6):
700 2219 780 2268 Eyo
803 2219 967 2255 dormiri
989 2223 1021 2254 et
1042 2230 1215 2255 somnum
1237 2220 1329 2267 cepi,
1353 2224 1385 2256 et
1407 2219 1618 2267 exsurrexi,
1644 2219 1824 2267 quoniam
1840 2217 2028 2254 Dominus

280 2280 457 2327 suscipiet
481 2291 546 2314 me.
581 2277 729 2314 Verum
751 2277 822 2314 1100
844 2290 924 2314 non
947 2277 1112 2323 vidistis,
1138 2277 1205 2315 sed
1227 2278 1372 2315 videtis
1395 2279 1480 2326 ejus
1502 2277 1725 2322 Ecclesiam,
1750 2277 1796 2313 de
1820 2289 1898 2324 qua
1920 2275 2028 2313 simi-
2076 2303 2086 2316 .

279 2337 372 2374 liter
394 2337 544 2374 dietum
571 2339 610 2374 et
632 2337 841 2386 impletum
867 2340 947 2374 est:
980 2337 1142 2374 Domine
1163 2337 1268 2374 Deus
1291 2350 1402 2383 meus,
1440 2338 1491 2374 ad
1512 2343 1544 2374 te
1562 2341 1689 2387 gentes
1713 2337 1854 2373 venient
1884 2335 1932 2372 ab
1963 2347 2025 2372 ex-

279 2401 397 2433 tremo
419 2401 544 2433 terrae
566 2401 597 2433 et
619 2396 764 2433 dicent:
805 2396 897 2432 Vere
931 2397 1127 2433 mendacia
1159 2397 1355 2434 coluerunt
1369 2401 1504 2445 patres
1525 2397 1646 2433 nostri
1666 2396 1876 2432 simulacra
1899 2399 1932 2431 et
1952 2406 2026 2431 non

282 2460 333 2492 est
356 2457 395 2492 vin
418 2457 496 2492 ,7253
519 2456 676 2492 utilitas.
720 2455 803 2492 Hoc
825 2457 929 2493 certe
952 2455 1035 2492 sive
1057 2455 1188 2493 velitis
1221 2456 1301 2493 sive
1324 2456 1458 2493 nolitis
1480 2455 1662 2505 aspicitis,
1695 2456 1735 2492 et
1756 2455 1789 2492 si
1809 2455 1934 2491 adhuc
1955 2454 2026 2491 ali-

283 2527 400 2562 quam
422 2515 572 2563 putatis
597 2515 657 2551 vel
679 2514 800 2552 fuisse
823 2515 864 2551 111
886 2515 1109 2551 simulacris
1131 2515 1358 2560 utilitatem,
1393 2518 1498 2552 certe
1519 2518 1651 2552 tamen
1674 2514 1900 2551 innumeros
1931 2525 2026 2562 gen-

281 2573 382 2610 tium
404 2574 572 2622 populos
594 2573 744 2611 relictis
767 2574 830 2611 vel
853 2574 1016 2621 abjectis
1039 2574 1103 2611 vel
1125 2574 1331 2611 confractis
1354 2574 1579 2622 hujusmodi
1601 2573 1841 2611 vanitatibus
1863 2572 2028 2610 audistis

282 2632 433 2669 dicere:
467 2633 556 2669 Vere
580 2633 776 2670 mendacia
798 2634 993 2670 coluerunt
1012 2638 1145 2681 patres
1167 2635 1290 2671 nostri
1311 2634 1533 2678 simulacra,
1568 2638 1600 2669 et
1621 2645 1696 2670 non
1718 2637 1771 2669 est
1792 2633 1833 2669 in
1854 2632 1930 2668 illis
1951 2633 2025 2669 uti-

284 2692 404 2737 litas,·
437 2693 470 2728 si
493 2693 605 2739 faciet
626 2693 733 2729 homo
756 2693 856 2739 deos,
889 2697 922 2728 et
944 2702 1022 2729 eece
1043 2694 1120 2741 ipsi
1142 2705 1216 2729 non
1238 2698 1327 2730 sunt
1349 2693 1405 2729 dii
1428 2692 1523 2741 (Jer.
1554 2699 1614 2736 16,
1637 2691 1718 2743 19).
1761 2691 1848 2728 Non
1869 2690 2027 2728 vidistis

285 2750 389 2798 quod
412 2751 658 2798 praedictum
681 2753 719 2788 et
740 2751 951 2799 impletum
973 2753 1033 2789 est
1056 2751 1102 2788 de
1125 2751 1347 2789 ascensione
1370 2751 1533 2789 Christi:
1566 2751 1754 2788 Exultat-e
1774 2763 1890 2799 super
1910 2751 2027 2788 coelos

285 2809 391 2846 Deus
403 2823 421 2855 ,·
444 2809 511 2846 sed
534 2809 676 2847 videtis
699 2810 804 2858 quod
828 2810 1014 2848 continuo
1036 2811 1236 2858 sequitur:
1272 2811 1323 2848 Et
1345 2823 1462 2858 super
1483 2823 1627 2848 omnem
1649 2815 1795 2847 terram
1815 2810 1939 2858 ¹‘floria
1960 2814 2026 2846 tua

289 2865 368 2920 (Ps.
399 2875 490 2914 107,
517 2868 570 2919 (3).
613 2869 685 2905 Illa
708 2870 754 2905 de
781 2869 932 2907 Christo
950 2870 1032 2918 jam
1054 2869 1154 2907 facta
1177 2872 1296 2917 atque
1316 2872 1517 2907 transacta-
1531 2868 1663 2906 omnia
1675 2881 1754 2906 non
1767 2869 1935 2912 vidistis,
1959 2868 2028 2905 sed

285 2927 365 2964 ista
386 2927 605 2975 praesentia
626 2927 666 2964 in
690 2928 774 2976 ejus
797 2928 969 2966 Ecclesia
989 2928 1124 2966 videre
1156 2941 1224 2966 vos
1244 2941 1325 2966 non
1346 2929 1511 2978 negatis.
1553 2929 1726 2976 Utraque
1757 2931 1888 2966 autem
1918 2927 2026 2965 vobis

282 2986 482 3034 praedicta
513 2988 796 3023 monstramus:
830 2990 997 3036 utraque
1030 2990 1162 3024 autem
1191 2988 1300 3026 vobis
1332 2987 1494 3036 impleta
1525 2991 1730 3036 propterea
1761 2987 2026 3025 demonstrare

284 3045 452 3083 videnda
473 3058 553 3083 non
574 3057 797 3094 possumus.
822 3046 914 3093 quia
934 3058 1116 3084 revocare
1138 3047 1179 3084 in
1202 3048 1453 3095 conspectum
1476 3047 1687 3096 praeterita
1709 3059 1788 3084 non
1810 3046 2024 3084 valemus«
