2175 3382
913 103 1039 149 populi
1059 103 1262 139 christiani.
1871 111 1951 153 157

217 238 304 267 non
325 225 483 266 sineret
504 224 724 272 Ecclesias,
756 227 801 264 ut
833 223 891 263 ait
912 222 1297 264 Tertullianus
1329 222 1381 263 de
1412 234 1595 274 praescr.
1620 235 1652 265 c,
1676 226 1731 268 28
1755 225 1811 281 (n.
1837 226 1955 281 120).

218 296 338 337 aliter
358 294 600 347 intelligere,
622 294 743 335 aliter
765 294 950 343 credere,
973 306 1100 346 quam
1123 293 1212 344 ipse
1235 305 1310 345 per
1332 292 1549 345 apostolos
1572 294 1872 345 praedicasset.

335 378 378 420 3.
402 376 500 417 Ideo
523 380 666 428 patres
688 387 817 428 saepe
840 375 895 416 ad
916 375 1029 416 hunc
1056 386 1311 415 consensum
1334 379 1571 427 provocant
1593 388 1643 415 ex
1667 387 1803 429 eoque
1825 390 1953 431 argu—

217 452 362 489 menta
392 447 618 488 adversum
649 447 888 487 haereticos
921 458 997 498 pro
1030 445 1229 498 dogmate
1261 444 1469 486 catholico
1503 445 1717 494 derivant;
1746 448 1804 488 ita
1829 448 1953 489 Ter-

217 517 486 559 tullianus
517 517 570 558 de
592 528 777 569 praescr.
801 528 834 556 c.
858 519 925 564 29,
949 515 1287 568 Epiphanius
1320 515 1370 571 (ΙΙ
1392 529 1430 556 n.
1455 516 1601 571 (5112).
1623 515 1952 560 Vincentius

215 590 276 630 lir.
300 602 333 631 c.
349 592 418 637 24,
440 589 742 630 Cassianus
764 588 816 628 de
838 589 997 628 incarn.
1020 587 1047 636 I,
1071 591 1110 635 6,
1132 586 1334 627 Hieron
1350 599 1494 640 ymus
1517 591 1666 627 contra
1680 586 1949 640 Vigilantium

217 674 254 702 n.
270 665 309 709 4,
332 659 670 711 Augustinus
692 659 851 712 passim
875 662 1024 699 contra
1046 658 1304 710 pelagianos,
1328 669 1391 700 ex,
1406 670 1462 709 gr.
1484 657 1536 698 de
1559 663 1735 709 peccato
1760 659 1953 709 originali

217 732 421 773 adversus
441 730 655 772 Julianum
678 730 867 771 scribens
893 730 908 770 Ι
931 743 970 770 n.
994 731 1071 773 31:
1105 727 1228 776 „Non
1249 728 1336 776 tibi,
1367 728 1475 768 sicut
1497 728 1781 777 calumniaris,
1813 730 1950 770 solum

221 803 365 855 populi
385 814 576 858 murmur
596 801 862 853 opponimus,
874 812 1131 853 quamquam
1146 800 1293 852 etipse
1310 799 1490 851 populus
1509 799 1713 840 adversus
1728 813 1804 841 vos
1825 813 1951 853 prop-

217 878 335 914 terea
366 877 612 920 murmuret,
645 872 743 924 quia
765 884 852 912 non
874 876 938 912 est
959 871 1054 912 talis
1077 870 1282 924 quaestiO,
1316 881 1425 922 quae
1447 870 1580 922 possit
1603 874 1645 911 et
1666 871 1951 923 cognitionem

217 944 360 996 fugere
384 943 643 996 popularem.
686 943 842 983 Divites
875 947 916 983 et
938 954 1158 995 pauperes,
1189 941 1344 983 excelsi
1371 945 1497 994 atque
1519 941 1662 990 intimi,
1693 942 1806 982 docti
1829 948 1868 983 et
1891 944 1954 983 in-

217 1015 342 1063 docti,
365 1027 506 1055 mares
529 1019 570 1055 et
591 1014 774 1055 feminae
796 1018 1017 1061 noverunt,
1041 1013 1141 1066 quid
1163 1013 1315 1065 cuique
1337 1012 1466 1052 aetati
1480 1012 1521 1051 in
1536 1012 1793 1064 baptismate
1808 1016 1953 1054 remit-

217 1090 341 1127 tatur.
384 1084 503 1126 Unde
535 1086 663 1126 etiam
689 1090 848 1126 matres
872 1084 1056 1137 quotidie
1080 1089 1170 1125 toto
1194 1083 1297 1124 orbe
1319 1087 1530 1123 terrarum
1554 1095 1639 1123 non
1663 1083 1716 1123 ad
1739 1083 1951 1125 Christum

217 1162 381 1198 tantum
413 1158 437 1200 i.
461 1169 495 1197 e.
519 1157 573 1197 ad
605 1161 789 1204 unctum,
822 1156 897 1197 sed
929 1156 983 1197 ad
1007 1155 1220 1197 Christum
1241 1154 1388 1196 ,lesum
1420 1155 1442 1194 i.
1467 1166 1499 1194 e.
1524 1154 1652 1195 etiam
1685 1153 1952 1196 Salvatorem

218 1240 314 1269 cum
336 1228 523 1280 parvulis
562 1232 735 1268 currunt
758 1261 765 1268 .
789 1260 796 1267 .
821 1262 827 1268 .
851 1227 981 1278 Quasi
1003 1239 1136 1279 parva
1158 1227 1211 1267 sit
1233 1226 1323 1278 ejus
1345 1226 1537 1273 assertio,
1561 1226 1674 1278 quod
1694 1226 1738 1266 in
1756 1226 1839 1267 hoc
1859 1226 1953 1267 fidei

217 1299 457 1340 firmissimo
490 1304 533 1340 et
563 1299 854 1351 antiquissimo
886 1298 1162 1339 fundamento
1194 1299 1286 1350 ipsa
1318 1301 1408 1337 toto
1443 1296 1546 1337 orbe
1578 1296 1728 1337 diffusa
1750 1310 1836 1337 non
1859 1310 1883 1338 a
1906 1310 1951 1338 se

218 1370 430 1422 discrepat
450 1369 707 1413 multitudo,“
737 1368 794 1413 Cf.
816 1369 867 1410 de
891 1381 994 1410 cura
1013 1381 1089 1421 pro
1113 1369 1291 1409 mortuis
1315 1368 1500 1419 gerenda
1522 1380 1559 1407 n.
1586 1373 1603 1411 1
1629 1380 1702 1415 ss.;
1726 1381 1759 1408 c.
1775 1367 1956 1409 Cresco-

217 1442 333 1483 nium
354 1441 379 1482 l.
407 1447 424 1485 1
451 1454 486 1484 c.
508 1445 584 1489 333
607 1441 836 1494 Algerus
859 1441 910 1482 de
932 1454 1039 1482 sacr.
1063 1453 1179 1494 corp,
1203 1445 1244 1481 et
1265 1453 1381 1493 sang.
1403 1440 1418 1480 I
1440 1453 1478 1480 n.
1504 1444 1570 1483 93.

336 1524 377 1568 4.
399 1524 603 1565 Fidelium
635 1524 874 1565 communis
905 1536 1054 1565 sensus
1086 1529 1128 1564 et
1158 1535 1392 1564 consensus
1424 1523 1466 1562 in
1499 1522 1818 1575 quaestionibus
1845 1521 1954 1562 fidei.

217 1595 398 1648 ideoque
420 1596 463 1635 in
487 1595 634 1635 ordine
669 1594 992 1646 supernaturali,
1024 1594 1138 1634 haud
1161 1594 1302 1645 inepte
1325 1592 1540 1633 confertur
1562 1592 1797 1633 secundum
1819 1605 1953 1645 quan-

219 1666 316 1706 dam
348 1665 590 1717 analogiam
621 1677 717 1705 cum
749 1665 966 1705 communi
996 1669 1174 1705 naturae
1206 1665 1420 1704 humanae
1452 1675 1579 1704 sensu
1616 1668 1657 1703 et
1678 1675 1891 1704 consensu
1912 1663 1953 1703 in

219 1736 367 1778 ordine
398 1736 606 1777 rationali.
650 1734 767 1776 Sicut
799 1736 911 1776 enim
942 1736 1010 1775 hic
1042 1739 1192 1787 sponte
1214 1734 1341 1775 veluti
1377 1747 1454 1775 sua
1477 1734 1669 1775 oboritur
1693 1745 1715 1774 e
1739 1735 1955 1774 communi

218 1811 372 1848 natura
393 1807 603 1855 rationali,
636 1819 686 1847 ac
708 1811 934 1859 propterea
957 1811 1021 1847 est
1043 1806 1255 1846 criterium
1280 1804 1556 1846 manifestans
1579 1805 1802 1845 veritatem
1824 1805 1954 1845 ratio-

219 1878 370 1927 nalem,
394 1890 503 1930 quae
527 1878 580 1918 ad
602 1878 890 1918 necessariam
913 1878 1089 1918 rationis
1118 1876 1418 1929 supellectilem
1443 1888 1492 1916 ac
1514 1875 1628 1916 velut
1650 1875 1889 1927 depositum
1912 1877 1954 1915 in

219 1949 364 2002 primis
394 1952 579 2001 spectat:
613 1949 670 1989 ita
700 1954 741 1989 et
762 1948 947 1989 fidelium
979 1948 1086 1988 mira
1117 1949 1158 1987 in
1191 1947 1402 2000 quaedam
1427 1946 1585 1987 ordinis
1608 1945 1956 1998 superrationalis

215 2020 373 2073 judicia
394 2021 653 2073 conspiratio
677 2020 867 2061 oboritur
888 2032 939 2061 ex
960 2031 1186 2060 commune
1209 2018 1289 2059 fide
1311 2031 1336 2059 a
1350 2017 1509 2070 Spiritu
1529 2022 1677 2058 sancto
1695 2017 1957 2073 (nontamen

221 2092 327 2131 citra
358 2091 638 2132 ministerium
670 2091 901 2142 magisterii
923 2090 1215 2146 ecclesiastici)
1249 2102 1396 2131 eorum
1430 2088 1628 2130 cordibus
1650 2089 1810 2129 inserta
1832 2092 1873 2128 et
1894 2088 1957 2128 in-

220 2163 313 2211 sita,
336 2174 386 2203 ac
408 2167 635 2215 propterea
659 2163 873 2204 criterium
901 2162 1065 2203 censeri
1088 2161 1213 2202 debet
1235 2161 1349 2202 haud
1372 2164 1628 2213 suspectum,
1661 2171 1744 2212 quo
1768 2158 1956 2211 dignosci

221 2233 384 2286 possint
406 2244 515 2286 quae
537 2233 808 2275 revelationis
832 2234 1130 2274 contineantur
1151 2232 1356 2285 deposito.
1386 2230 1504 2272 Unde
1526 2230 1635 2272 belle
1651 2230 1741 2282 jam
1764 2230 1960 2270 hortatur

221 2304 482 2345 Paulinus
504 2304 685 2345 nolanus
708 2317 770 2357 ep.
792 2306 846 2349 23
868 2317 906 2347 n.
923 2308 989 2353 36,
1020 2309 1088 2354 „ut
1109 2304 1161 2344 de
1184 2304 1373 2344 omnium
1395 2302 1578 2343 fidelium
1594 2313 1667 2342 ore
1681 2300 1957 2352 pendeamus,

222 2375 320 2428 quia
350 2375 394 2415 in
425 2387 595 2416 omnem
628 2375 793 2416 fidelem
824 2373 1003 2427 Spiritus
1026 2374 1099 2415 Dei
1131 2374 1296 2426 spirat*
1348 2372 1406 2413 Cf.
1430 2372 1714 2413 Scheeben
1746 2372 1767 2426 ξ
1794 2374 1856 2415 13.
1885 2374 1958 2414 14:

225 2446 484 2488 Valentia
505 2446 614 2489 anal.
637 2446 732 2487 fidei
753 2446 820 2494 IX,
845 2450 882 2490 8.

960 2600 1129 2654 Caput
1163 2600 1219 2641 ΙΙΙ.

366 2680 717 2733 Comparatio
752 2682 895 2722 inter
927 2681 1288 2722 traditionem
1326 2684 1375 2721 et
1406 2694 1436 2720 s.
1464 2678 1816 2731 Scripturam.

348 2778 440 2819 142.
462 2775 762 2817 Demonstrato
785 2788 959 2828 organo,
983 2788 1066 2828 quo
1088 2774 1278 2816 Christus
1301 2775 1538 2815 doctrinam
1563 2786 1685 2814 suam
1700 2772 1958 2825 promulgari

231 2850 272 2887 et
294 2846 348 2887 ad
369 2847 559 2887 omnium
581 2846 802 2887 hominum
824 2846 1016 2886 notitiam
1041 2846 1222 2886 derivari
1236 2845 1365 2886 voluit
1379 2844 1546 2901 (capsal),
1562 2844 1846 2896 expositisque
1870 2853 1958 2881 me-

227 2916 316 2965 diis,
347 2915 499 2968 quibus
530 2916 799 2967 dignoscitur,
831 2916 929 2969 quid
961 2918 1110 2969 quovis
1132 2916 1276 2957 seculo
1300 2915 1582 2956 successionis
1605 2914 1864 2967 apostolicae
1887 2924 1957 2952 ca-

227 2986 313 3027 nali
335 2986 605 3027 contineatur
618 2986 726 3043 (cap.
741 2986 790 3042 ΙΙ)
805 3001 813 3027 ;
830 2987 920 3039 Jam
945 2988 1159 3039 quaeritur
1181 2998 1395 3039 quaenam
1418 2986 1471 3026 sit
1492 2985 1639 3026 relatio
1663 2986 1770 3024 inter
1792 2982 1911 3023 trad
1925 2983 1957 3021 i-

227 3057 432 3098 tionem
463 3060 505 3097 et
535 3069 565 3096 s.
597 3055 960 3109 Scripturam,
992 3058 1222 3110 speciatim,
1255 3070 1355 3098 num
1388 3057 1524 3097 canali
1558 3055 1793 3096 traditionis
1821 3059 1957 3093 trans-
