<?xml version="1.0" encoding="UTF-8"?>
<!DOCTYPE html PUBLIC "-//W3C//DTD XHTML 1.0 Transitional//EN"
    "http://www.w3.org/TR/xhtml1/DTD/xhtml1-transitional.dtd">
<html xmlns="http://www.w3.org/1999/xhtml" xml:lang="en" lang="en">
 <head>
  <title>
</title>
<meta http-equiv="Content-Type" content="text/html;charset=utf-8" />
  <meta name='ocr-system' content='tesseract 3.04.00' />
  <meta name='ocr-capabilities' content='ocr_page ocr_carea ocr_par ocr_line ocrx_word'/>
</head>
<body>
  <div class='ocr_page' id='page_1' title='image "./theologiaedogmat01hurt/theologiaedogmat01hurt_0319.png"; bbox 0 0 2175 3382; ppageno 0'>
   <div class='ocr_carea' id='block_1_1' title="bbox 896 143 1980 192">
    <p class='ocr_par' dir='ltr' id='par_1_1' title="bbox 896 143 1980 192">
     <span class='ocr_line' id='line_1_1' title="bbox 896 143 1980 192; baseline 0 -15"><span class='ocrx_word' id='word_1_1' title='bbox 896 146 933 178; x_wconf 82' lang='lat' dir='ltr'>et</span> <span class='ocrx_word' id='word_1_2' title='bbox 950 144 1125 189; x_wconf 82' lang='lat' dir='ltr'>liturgica</span> <span class='ocrx_word' id='word_1_3' title='bbox 1142 143 1336 178; x_wconf 80' lang='lat' dir='ltr'>Ecclesiae.</span> <span class='ocrx_word' id='word_1_4' title='bbox 1895 150 1980 192; x_wconf 75' lang='lat'>309</span> 
     </span>
    </p>
   </div>
   <div class='ocr_carea' id='block_1_2' title="bbox 245 262 2175 3145">
    <p class='ocr_par' dir='ltr' id='par_1_2' title="bbox 245 262 2175 3145">
     <span class='ocr_line' id='line_1_2' title="bbox 245 262 1980 317; baseline 0.002 -16"><span class='ocrx_word' id='word_1_5' title='bbox 245 264 395 304; x_wconf 62' lang='lat' dir='ltr'>sileatis</span> <span class='ocrx_word' id='word_1_6' title='bbox 416 275 554 303; x_wconf 60' lang='lat' dir='ltr'>ornnes</span> <span class='ocrx_word' id='word_1_7' title='bbox 576 267 612 302; x_wconf 78' lang='lat' dir='ltr'>et</span> <span class='ocrx_word' id='word_1_8' title='bbox 635 276 713 304; x_wconf 75' lang='lat' dir='ltr'>non</span> <span class='ocrx_word' id='word_1_9' title='bbox 736 264 817 303; x_wconf 75' lang='lat' dir='ltr'>sini</span> <span class='ocrx_word' id='word_1_10' title='bbox 840 263 881 303; x_wconf 76' lang='lat' dir='ltr'>in</span> <span class='ocrx_word' id='word_1_11' title='bbox 903 263 1013 303; x_wconf 79' lang='lat' dir='ltr'>vobis</span> <span class='ocrx_word' id='word_1_12' title='bbox 1034 262 1258 304; x_wconf 76' lang='lat' dir='ltr'>schismata</span> <span class='ocrx_word' id='word_1_13' title='bbox 1269 278 1283 311; x_wconf 89' lang='lat'>,·</span> <span class='ocrx_word' id='word_1_14' title='bbox 1315 264 1405 303; x_wconf 78' lang='lat' dir='ltr'>sitis</span> <span class='ocrx_word' id='word_1_15' title='bbox 1426 268 1562 304; x_wconf 76' lang='lat' dir='ltr'>autem</span> <span class='ocrx_word' id='word_1_16' title='bbox 1579 265 1756 317; x_wconf 72' lang='lat' dir='ltr'>perfecti</span> <span class='ocrx_word' id='word_1_17' title='bbox 1776 266 1820 306; x_wconf 85' lang='lat' dir='ltr'>in</span> <span class='ocrx_word' id='word_1_18' title='bbox 1844 265 1980 305; x_wconf 80' lang='lat' dir='ltr'>eodem</span> 
     </span>
     <span class='ocr_line' id='line_1_3' title="bbox 245 333 1980 388; baseline 0.001 -13"><span class='ocrx_word' id='word_1_19' title='bbox 245 347 364 375; x_wconf 73' lang='lat' dir='ltr'>sensu</span> <span class='ocrx_word' id='word_1_20' title='bbox 388 338 425 374; x_wconf 71' lang='lat' dir='ltr'>et</span> <span class='ocrx_word' id='word_1_21' title='bbox 448 334 491 373; x_wconf 78' lang='lat' dir='ltr'>in</span> <span class='ocrx_word' id='word_1_22' title='bbox 513 333 655 374; x_wconf 82' lang='lat' dir='ltr'>eadem</span> <span class='ocrx_word' id='word_1_23' title='bbox 677 334 903 382; x_wconf 75' lang='lat' dir='ltr'>sententia;</span> <span class='ocrx_word' id='word_1_24' title='bbox 925 345 1037 382; x_wconf 91' lang='lat' dir='ltr'>nam,</span> <span class='ocrx_word' id='word_1_25' title='bbox 1060 337 1106 374; x_wconf 91' lang='lat' dir='ltr'>ut</span> <span class='ocrx_word' id='word_1_26' title='bbox 1127 334 1216 386; x_wconf 90' lang='lat' dir='ltr'>ipse</span> <span class='ocrx_word' id='word_1_27' title='bbox 1239 333 1364 374; x_wconf 87' lang='lat' dir='ltr'>docet</span> <span class='ocrx_word' id='word_1_28' title='bbox 1390 338 1424 377; x_wconf 87' lang='lat'>1.</span> <span class='ocrx_word' id='word_1_29' title='bbox 1438 333 1541 374; x_wconf 90' lang='lat' dir='ltr'>Tim.</span> <span class='ocrx_word' id='word_1_30' title='bbox 1566 338 1604 383; x_wconf 84' lang='lat'>6,</span> <span class='ocrx_word' id='word_1_31' title='bbox 1626 338 1666 383; x_wconf 84' lang='lat'>4,</span> <span class='ocrx_word' id='word_1_32' title='bbox 1690 347 1742 376; x_wconf 82' lang='lat' dir='ltr'>ex</span> <span class='ocrx_word' id='word_1_33' title='bbox 1763 335 1980 388; x_wconf 90' lang='lat' dir='ltr'>quaestio-</span> 
     </span>
     <span class='ocr_line' id='line_1_4' title="bbox 246 403 1981 460; baseline 0.001 -15"><span class='ocrx_word' id='word_1_34' title='bbox 246 404 371 445; x_wconf 85' lang='lat' dir='ltr'>nibus</span> <span class='ocrx_word' id='word_1_35' title='bbox 402 409 444 444; x_wconf 91' lang='lat' dir='ltr'>et</span> <span class='ocrx_word' id='word_1_36' title='bbox 474 403 624 456; x_wconf 81' lang='lat' dir='ltr'>pugnis</span> <span class='ocrx_word' id='word_1_37' title='bbox 656 403 886 444; x_wconf 87' lang='lat' dir='ltr'>verborum</span> <span class='ocrx_word' id='word_1_38' title='bbox 920 405 1114 444; x_wconf 68' lang='lat' dir='ltr'>oriuntur</span> <span class='ocrx_word' id='word_1_39' title='bbox 1145 404 1340 457; x_wconf 68' lang='lat' dir='ltr'>invidiae,</span> <span class='ocrx_word' id='word_1_40' title='bbox 1372 405 1655 458; x_wconf 78' lang='lat' dir='ltr'>contentiones,</span> <span class='ocrx_word' id='word_1_41' title='bbox 1689 406 1981 460; x_wconf 70' lang='lat' dir='ltr'>blasphemiae,</span> 
     </span>
     <span class='ocr_line' id='line_1_5' title="bbox 245 474 1980 531; baseline 0 -14"><span class='ocrx_word' id='word_1_42' title='bbox 245 477 498 531; x_wconf 74' lang='lat' dir='ltr'><em>suspiciones</em></span> <span class='ocrx_word' id='word_1_43' title='bbox 519 476 656 517; x_wconf 81' lang='lat' dir='ltr'>malae</span> <span class='ocrx_word' id='word_1_44' title='bbox 678 479 755 516; x_wconf 88' lang='lat' dir='ltr'>etc.</span> <span class='ocrx_word' id='word_1_45' title='bbox 790 475 970 528; x_wconf 83' lang='lat' dir='ltr'>Exigunt</span> <span class='ocrx_word' id='word_1_46' title='bbox 983 474 1137 517; x_wconf 80' lang='lat' dir='ltr'>Christi</span> <span class='ocrx_word' id='word_1_47' title='bbox 1160 475 1290 517; x_wconf 90' lang='lat' dir='ltr'>verba</span> <span class='ocrx_word' id='word_1_48' title='bbox 1304 475 1449 517; x_wconf 87' lang='lat' dir='ltr'>Matth.</span> <span class='ocrx_word' id='word_1_49' title='bbox 1470 480 1534 525; x_wconf 83' lang='lat'>10,</span> <span class='ocrx_word' id='word_1_50' title='bbox 1551 479 1606 520; x_wconf 83' lang='lat'>33</span> <span class='ocrx_word' id='word_1_51' title='bbox 1629 476 1709 517; x_wconf 91' lang='lat' dir='ltr'>col.</span> <span class='ocrx_word' id='word_1_52' title='bbox 1732 476 1828 520; x_wconf 92' lang='lat' dir='ltr'>Luc.</span> <span class='ocrx_word' id='word_1_53' title='bbox 1851 480 1889 525; x_wconf 78' lang='lat'>9,</span> <span class='ocrx_word' id='word_1_54' title='bbox 1904 479 1980 520; x_wconf 81' lang='lat'>26:</span> 
     </span>
     <span class='ocr_line' id='line_1_6' title="bbox 247 546 1982 601; baseline 0 -14"><span class='ocrx_word' id='word_1_55' title='bbox 247 546 328 597; x_wconf 74' lang='lat' dir='ltr'>Qui</span> <span class='ocrx_word' id='word_1_56' title='bbox 349 553 484 588; x_wconf 71' lang='lat' dir='ltr'>autem</span> <span class='ocrx_word' id='word_1_57' title='bbox 508 547 715 599; x_wconf 54' lang='lat' dir='ltr'>necaverit</span> <span class='ocrx_word' id='word_1_58' title='bbox 737 559 799 586; x_wconf 84' lang='lat' dir='ltr'>me</span> <span class='ocrx_word' id='word_1_59' title='bbox 821 559 959 587; x_wconf 77' lang='lat' dir='ltr'>coram</span> <span class='ocrx_word' id='word_1_60' title='bbox 983 546 1225 599; x_wconf 70' lang='lat' dir='ltr'>hominibus,</span> <span class='ocrx_word' id='word_1_61' title='bbox 1249 546 1405 601; x_wconf 71' lang='lat' dir='ltr'>neqabo</span> <span class='ocrx_word' id='word_1_62' title='bbox 1428 551 1463 586; x_wconf 78' lang='lat' dir='ltr'>ct</span> <span class='ocrx_word' id='word_1_63' title='bbox 1485 561 1555 601; x_wconf 68' lang='lat' dir='ltr'>eqo</span> <span class='ocrx_word' id='word_1_64' title='bbox 1577 559 1667 587; x_wconf 81' lang='lat' dir='ltr'>eum</span> <span class='ocrx_word' id='word_1_65' title='bbox 1693 560 1832 587; x_wconf 80' lang='lat' dir='ltr'>coram</span> <span class='ocrx_word' id='word_1_66' title='bbox 1854 547 1982 588; x_wconf 80' lang='lat' dir='ltr'>Patre</span> 
     </span>
     <span class='ocr_line' id='line_1_7' title="bbox 245 616 1982 672; baseline -0.001 -14"><span class='ocrx_word' id='word_1_67' title='bbox 245 631 345 670; x_wconf 61' lang='lat' dir='ltr'>meo,</span> <span class='ocrx_word' id='word_1_68' title='bbox 369 618 439 672; x_wconf 73' lang='lat' dir='ltr'>qui</span> <span class='ocrx_word' id='word_1_69' title='bbox 463 619 505 657; x_wconf 76' lang='lat' dir='ltr'>in</span> <span class='ocrx_word' id='word_1_70' title='bbox 528 618 647 658; x_wconf 78' lang='lat' dir='ltr'>coelis</span> <span class='ocrx_word' id='word_1_71' title='bbox 669 623 734 660; x_wconf 77' lang='lat' dir='ltr'>est.</span> <span class='ocrx_word' id='word_1_72' title='bbox 778 616 821 657; x_wconf 85' lang='lat' dir='ltr'>Si</span> <span class='ocrx_word' id='word_1_73' title='bbox 844 618 956 658; x_wconf 89' lang='lat' dir='ltr'>enim</span> <span class='ocrx_word' id='word_1_74' title='bbox 980 617 1170 658; x_wconf 91' lang='lat' dir='ltr'>omnium</span> <span class='ocrx_word' id='word_1_75' title='bbox 1193 629 1279 658; x_wconf 90' lang='lat' dir='ltr'>una</span> <span class='ocrx_word' id='word_1_76' title='bbox 1301 616 1427 658; x_wconf 89' lang='lat' dir='ltr'>debet</span> <span class='ocrx_word' id='word_1_77' title='bbox 1449 629 1543 658; x_wconf 91' lang='lat' dir='ltr'>esse</span> <span class='ocrx_word' id='word_1_78' title='bbox 1567 616 1682 666; x_wconf 88' lang='lat' dir='ltr'>fides,</span> <span class='ocrx_word' id='word_1_79' title='bbox 1717 617 1835 669; x_wconf 83' lang='lat' dir='ltr'>sique</span> <span class='ocrx_word' id='word_1_80' title='bbox 1858 616 1982 657; x_wconf 84' lang='lat' dir='ltr'>fidem</span> 
     </span>
     <span class='ocr_line' id='line_1_8' title="bbox 246 687 1981 740; baseline -0.001 -12"><span class='ocrx_word' id='word_1_81' title='bbox 246 699 375 740; x_wconf 88' lang='lat' dir='ltr'>quam</span> <span class='ocrx_word' id='word_1_82' title='bbox 398 687 526 729; x_wconf 86' lang='lat' dir='ltr'>corde</span> <span class='ocrx_word' id='word_1_83' title='bbox 548 692 754 736; x_wconf 88' lang='lat' dir='ltr'>tenemus,</span> <span class='ocrx_word' id='word_1_84' title='bbox 788 699 861 728; x_wconf 90' lang='lat' dir='ltr'>ore</span> <span class='ocrx_word' id='word_1_85' title='bbox 884 687 1074 728; x_wconf 86' lang='lat' dir='ltr'>confiteri</span> <span class='ocrx_word' id='word_1_86' title='bbox 1097 692 1267 740; x_wconf 82' lang='lat' dir='ltr'>oportet</span> <span class='ocrx_word' id='word_1_87' title='bbox 1288 699 1426 740; x_wconf 87' lang='lat' dir='ltr'>neque</span> <span class='ocrx_word' id='word_1_88' title='bbox 1450 699 1605 739; x_wconf 89' lang='lat' dir='ltr'>negare</span> <span class='ocrx_word' id='word_1_89' title='bbox 1627 687 1736 736; x_wconf 88' lang='lat' dir='ltr'>licet,</span> <span class='ocrx_word' id='word_1_90' title='bbox 1768 699 1852 727; x_wconf 91' lang='lat' dir='ltr'>una</span> <span class='ocrx_word' id='word_1_91' title='bbox 1877 699 1981 739; x_wconf 89' lang='lat' dir='ltr'>quo-</span> 
     </span>
     <span class='ocr_line' id='line_1_9' title="bbox 246 757 1315 811; baseline -0.001 -12"><span class='ocrx_word' id='word_1_92' title='bbox 246 770 326 811; x_wconf 91' lang='lat' dir='ltr'>que</span> <span class='ocrx_word' id='word_1_93' title='bbox 351 759 540 799; x_wconf 91' lang='lat' dir='ltr'>omnium</span> <span class='ocrx_word' id='word_1_94' title='bbox 563 757 690 799; x_wconf 89' lang='lat' dir='ltr'>debet</span> <span class='ocrx_word' id='word_1_95' title='bbox 711 769 805 798; x_wconf 90' lang='lat' dir='ltr'>esse</span> <span class='ocrx_word' id='word_1_96' title='bbox 827 757 924 798; x_wconf 82' lang='lat' dir='ltr'>fidei</span> <span class='ocrx_word' id='word_1_97' title='bbox 946 757 1166 809; x_wconf 81' lang='lat' dir='ltr'>professio.</span> <span class='ocrx_word' id='word_1_98' title='bbox 1208 757 1315 798; x_wconf 91' lang='lat' dir='ltr'>Hinc</span> 
     </span>
     <span class='ocr_line' id='line_1_10' title="bbox 364 828 1982 881; baseline -0.001 -11"><span class='ocrx_word' id='word_1_99' title='bbox 364 830 405 872; x_wconf 76' lang='lat'>2.</span> <span class='ocrx_word' id='word_1_100' title='bbox 428 828 616 869; x_wconf 75' lang='lat' dir='ltr'>Ecclesia</span> <span class='ocrx_word' id='word_1_101' title='bbox 637 840 806 880; x_wconf 84' lang='lat' dir='ltr'>semper</span> <span class='ocrx_word' id='word_1_102' title='bbox 829 829 966 880; x_wconf 81' lang='lat' dir='ltr'>exegit</span> <span class='ocrx_word' id='word_1_103' title='bbox 979 828 1254 880; x_wconf 84' lang='lat' dir='ltr'>professionis</span> <span class='ocrx_word' id='word_1_104' title='bbox 1267 829 1474 869; x_wconf 79' lang='lat' dir='ltr'>unitatem</span> <span class='ocrx_word' id='word_1_105' title='bbox 1498 828 1710 869; x_wconf 89' lang='lat' dir='ltr'>damnatis</span> <span class='ocrx_word' id='word_1_106' title='bbox 1732 829 1794 877; x_wconf 89' lang='lat' dir='ltr'>iis,</span> <span class='ocrx_word' id='word_1_107' title='bbox 1817 829 1887 881; x_wconf 88' lang='lat' dir='ltr'>qui</span> <span class='ocrx_word' id='word_1_108' title='bbox 1910 840 1982 869; x_wconf 77' lang='lat' dir='ltr'>ex-</span> 
     </span>
     <span class='ocr_line' id='line_1_11' title="bbox 246 899 1984 952; baseline -0.001 -11"><span class='ocrx_word' id='word_1_109' title='bbox 246 905 366 941; x_wconf 85' lang='lat' dir='ltr'>terne</span> <span class='ocrx_word' id='word_1_110' title='bbox 389 912 475 940; x_wconf 90' lang='lat' dir='ltr'>non</span> <span class='ocrx_word' id='word_1_111' title='bbox 498 899 679 940; x_wconf 91' lang='lat' dir='ltr'>eandem</span> <span class='ocrx_word' id='word_1_112' title='bbox 702 911 798 940; x_wconf 89' lang='lat' dir='ltr'>cum</span> <span class='ocrx_word' id='word_1_113' title='bbox 822 900 915 952; x_wconf 89' lang='lat' dir='ltr'>ipsa</span> <span class='ocrx_word' id='word_1_114' title='bbox 937 899 1236 952; x_wconf 87' lang='lat' dir='ltr'>profiterentur</span> <span class='ocrx_word' id='word_1_115' title='bbox 1258 899 1396 949; x_wconf 90' lang='lat' dir='ltr'>fidem,</span> <span class='ocrx_word' id='word_1_116' title='bbox 1418 900 1673 952; x_wconf 88' lang='lat' dir='ltr'>nemineque</span> <span class='ocrx_word' id='word_1_117' title='bbox 1696 903 1881 951; x_wconf 89' lang='lat' dir='ltr'>recepto,</span> <span class='ocrx_word' id='word_1_118' title='bbox 1904 899 1984 939; x_wconf 88' lang='lat' dir='ltr'>nisi</span> 
     </span>
     <span class='ocr_line' id='line_1_12' title="bbox 246 969 1982 1023; baseline -0.001 -12"><span class='ocrx_word' id='word_1_119' title='bbox 246 971 317 1023; x_wconf 88' lang='lat' dir='ltr'>qui</span> <span class='ocrx_word' id='word_1_120' title='bbox 351 971 393 1010; x_wconf 91' lang='lat' dir='ltr'>in</span> <span class='ocrx_word' id='word_1_121' title='bbox 428 970 608 1011; x_wconf 87' lang='lat' dir='ltr'>eandem</span> <span class='ocrx_word' id='word_1_122' title='bbox 643 983 740 1011; x_wconf 90' lang='lat' dir='ltr'>cum</span> <span class='ocrx_word' id='word_1_123' title='bbox 774 971 867 1023; x_wconf 88' lang='lat' dir='ltr'>ipsa</span> <span class='ocrx_word' id='word_1_124' title='bbox 902 970 997 1012; x_wconf 85' lang='lat' dir='ltr'>fidei</span> <span class='ocrx_word' id='word_1_125' title='bbox 1030 970 1340 1023; x_wconf 84' lang='lat' dir='ltr'>professionem</span> <span class='ocrx_word' id='word_1_126' title='bbox 1373 970 1648 1023; x_wconf 87' lang='lat' dir='ltr'>conspiraret.</span> <span class='ocrx_word' id='word_1_127' title='bbox 1692 969 1982 1021; x_wconf 82' lang='lat' dir='ltr'>Quamobrem</span> 
     </span>
     <span class='ocr_line' id='line_1_13' title="bbox 247 1040 1983 1094; baseline -0.002 -11"><span class='ocrx_word' id='word_1_128' title='bbox 247 1047 390 1094; x_wconf 88' lang='lat' dir='ltr'>patres</span> <span class='ocrx_word' id='word_1_129' title='bbox 422 1047 468 1083; x_wconf 88' lang='lat' dir='ltr'>ut</span> <span class='ocrx_word' id='word_1_130' title='bbox 499 1041 861 1093; x_wconf 63' lang='lat' dir='ltr'>Augustinus,</span> <span class='ocrx_word' id='word_1_131' title='bbox 903 1041 1265 1094; x_wconf 88' lang='lat' dir='ltr'>Epiphanius,</span> <span class='ocrx_word' id='word_1_132' title='bbox 1305 1041 1643 1082; x_wconf 88' lang='lat' dir='ltr'>Philastrius</span> <span class='ocrx_word' id='word_1_133' title='bbox 1684 1045 1761 1084; x_wconf 87' lang='lat' dir='ltr'>etc.</span> <span class='ocrx_word' id='word_1_134' title='bbox 1811 1040 1983 1092; x_wconf 88' lang='lat' dir='ltr'>longum</span> 
     </span>
     <span class='ocr_line' id='line_1_14' title="bbox 246 1112 1984 1165; baseline -0.001 -12"><span class='ocrx_word' id='word_1_135' title='bbox 246 1118 394 1154; x_wconf 81' lang='lat' dir='ltr'>texunt</span> <span class='ocrx_word' id='word_1_136' title='bbox 434 1113 676 1165; x_wconf 79' lang='lat' dir='ltr'>catalogum</span> <span class='ocrx_word' id='word_1_137' title='bbox 717 1112 1031 1153; x_wconf 87' lang='lat' dir='ltr'>haereticorum</span> <span class='ocrx_word' id='word_1_138' title='bbox 1073 1113 1095 1152; x_wconf 89' lang='lat' dir='ltr'>i.</span> <span class='ocrx_word' id='word_1_139' title='bbox 1139 1124 1174 1155; x_wconf 93' lang='lat' dir='ltr'>e.</span> <span class='ocrx_word' id='word_1_140' title='bbox 1215 1112 1552 1153; x_wconf 83' lang='lat' dir='ltr'>dissentientium</span> <span class='ocrx_word' id='word_1_141' title='bbox 1593 1125 1618 1153; x_wconf 87' lang='lat' dir='ltr'>a</span> <span class='ocrx_word' id='word_1_142' title='bbox 1651 1112 1733 1154; x_wconf 84' lang='lat' dir='ltr'>fide</span> <span class='ocrx_word' id='word_1_143' title='bbox 1768 1112 1984 1153; x_wconf 90' lang='lat' dir='ltr'>communi</span> 
     </span>
     <span class='ocr_line' id='line_1_15' title="bbox 247 1183 473 1227; baseline 0.013 -3"><span class='ocrx_word' id='word_1_144' title='bbox 247 1183 473 1227; x_wconf 86' lang='lat' dir='ltr'>Ecclesiae.</span> 
     </span>
     <span class='ocr_line' id='line_1_16' title="bbox 365 1254 1983 1307; baseline -0.001 -11"><span class='ocrx_word' id='word_1_145' title='bbox 365 1255 405 1298; x_wconf 78' lang='lat'>3.</span> <span class='ocrx_word' id='word_1_146' title='bbox 428 1254 547 1295; x_wconf 87' lang='lat' dir='ltr'>Hanc</span> <span class='ocrx_word' id='word_1_147' title='bbox 579 1255 784 1295; x_wconf 88' lang='lat' dir='ltr'>unitatem</span> <span class='ocrx_word' id='word_1_148' title='bbox 807 1254 1024 1306; x_wconf 87' lang='lat' dir='ltr'>postulant</span> <span class='ocrx_word' id='word_1_149' title='bbox 1045 1254 1260 1295; x_wconf 85' lang='lat' dir='ltr'>Ecclesiae</span> <span class='ocrx_word' id='word_1_150' title='bbox 1282 1254 1503 1295; x_wconf 85' lang='lat' dir='ltr'>visibilitas</span> <span class='ocrx_word' id='word_1_151' title='bbox 1526 1254 1796 1307; x_wconf 89' lang='lat' dir='ltr'>hominisque</span> <span class='ocrx_word' id='word_1_152' title='bbox 1818 1259 1983 1303; x_wconf 76' lang='lat' dir='ltr'>natura.</span> 
     </span>
     <span class='ocr_line' id='line_1_17' title="bbox 247 1325 1983 1378; baseline 0 -13"><span class='ocrx_word' id='word_1_153' title='bbox 247 1338 272 1366; x_wconf 86' lang='lat' dir='ltr'>a</span> <span class='ocrx_word' id='word_1_154' title='bbox 296 1337 379 1378; x_wconf 91' lang='lat' dir='ltr'>qua</span> <span class='ocrx_word' id='word_1_155' title='bbox 405 1325 543 1366; x_wconf 83' lang='lat' dir='ltr'>omnis</span> <span class='ocrx_word' id='word_1_156' title='bbox 557 1325 792 1378; x_wconf 84' lang='lat' dir='ltr'>hypocrisis</span> <span class='ocrx_word' id='word_1_157' title='bbox 811 1329 852 1365; x_wconf 92' lang='lat' dir='ltr'>et</span> <span class='ocrx_word' id='word_1_158' title='bbox 873 1325 1091 1366; x_wconf 89' lang='lat' dir='ltr'>dissidium</span> <span class='ocrx_word' id='word_1_159' title='bbox 1115 1326 1224 1366; x_wconf 90' lang='lat' dir='ltr'>inter</span> <span class='ocrx_word' id='word_1_160' title='bbox 1246 1325 1464 1366; x_wconf 89' lang='lat' dir='ltr'>hominem</span> <span class='ocrx_word' id='word_1_161' title='bbox 1478 1325 1691 1366; x_wconf 90' lang='lat' dir='ltr'>internum</span> <span class='ocrx_word' id='word_1_162' title='bbox 1707 1329 1748 1365; x_wconf 90' lang='lat' dir='ltr'>et</span> <span class='ocrx_word' id='word_1_163' title='bbox 1762 1329 1983 1366; x_wconf 82' lang='lat' dir='ltr'>externum</span> 
     </span>
     <span class='ocr_line' id='line_1_18' title="bbox 247 1395 1984 1448; baseline 0 -12"><span class='ocrx_word' id='word_1_164' title='bbox 247 1395 411 1444; x_wconf 90' lang='lat' dir='ltr'>abesse,</span> <span class='ocrx_word' id='word_1_165' title='bbox 434 1400 476 1436; x_wconf 90' lang='lat' dir='ltr'>et</span> <span class='ocrx_word' id='word_1_166' title='bbox 497 1395 617 1447; x_wconf 85' lang='lat' dir='ltr'>cujus</span> <span class='ocrx_word' id='word_1_167' title='bbox 632 1399 831 1436; x_wconf 84' lang='lat' dir='ltr'>externus</span> <span class='ocrx_word' id='word_1_168' title='bbox 847 1395 1000 1447; x_wconf 85' lang='lat' dir='ltr'>agendi</span> <span class='ocrx_word' id='word_1_169' title='bbox 1014 1395 1298 1448; x_wconf 86' lang='lat' dir='ltr'>loquendique</span> <span class='ocrx_word' id='word_1_170' title='bbox 1313 1395 1466 1436; x_wconf 91' lang='lat' dir='ltr'>modus</span> <span class='ocrx_word' id='word_1_171' title='bbox 1481 1395 1535 1436; x_wconf 89' lang='lat' dir='ltr'>ad</span> <span class='ocrx_word' id='word_1_172' title='bbox 1549 1396 1761 1436; x_wconf 83' lang='lat' dir='ltr'>internam</span> <span class='ocrx_word' id='word_1_173' title='bbox 1776 1396 1984 1437; x_wconf 89' lang='lat' dir='ltr'>sentiendi</span> 
     </span>
     <span class='ocr_line' id='line_1_19' title="bbox 247 1465 1983 1519; baseline 0 -12"><span class='ocrx_word' id='word_1_174' title='bbox 247 1466 456 1507; x_wconf 87' lang='lat' dir='ltr'>rationem</span> <span class='ocrx_word' id='word_1_175' title='bbox 479 1477 704 1518; x_wconf 88' lang='lat' dir='ltr'>expressus</span> <span class='ocrx_word' id='word_1_176' title='bbox 728 1477 821 1506; x_wconf 92' lang='lat' dir='ltr'>esse</span> <span class='ocrx_word' id='word_1_177' title='bbox 844 1465 980 1507; x_wconf 61' lang='lat' dir='ltr'>debett.</span> <span class='ocrx_word' id='word_1_178' title='bbox 1011 1465 1117 1506; x_wconf 87' lang='lat' dir='ltr'>Cum</span> <span class='ocrx_word' id='word_1_179' title='bbox 1140 1478 1240 1519; x_wconf 91' lang='lat' dir='ltr'>ergo</span> <span class='ocrx_word' id='word_1_180' title='bbox 1264 1478 1315 1507; x_wconf 86' lang='lat' dir='ltr'>ex</span> <span class='ocrx_word' id='word_1_181' title='bbox 1338 1466 1458 1507; x_wconf 85' lang='lat' dir='ltr'>dictis</span> <span class='ocrx_word' id='word_1_182' title='bbox 1481 1467 1523 1507; x_wconf 91' lang='lat' dir='ltr'>in</span> <span class='ocrx_word' id='word_1_183' title='bbox 1538 1466 1725 1507; x_wconf 89' lang='lat' dir='ltr'>Ecclesia</span> <span class='ocrx_word' id='word_1_184' title='bbox 1746 1466 1888 1519; x_wconf 87' lang='lat' dir='ltr'>vigere</span> <span class='ocrx_word' id='word_1_185' title='bbox 1911 1466 1983 1507; x_wconf 91' lang='lat' dir='ltr'>de-</span> 
     </span>
     <span class='ocr_line' id='line_1_20' title="bbox 247 1535 1855 1589; baseline 0.002 -12"><span class='ocrx_word' id='word_1_186' title='bbox 247 1537 347 1578; x_wconf 87' lang='lat' dir='ltr'>beat</span> <span class='ocrx_word' id='word_1_187' title='bbox 368 1536 509 1577; x_wconf 89' lang='lat' dir='ltr'>unitas</span> <span class='ocrx_word' id='word_1_188' title='bbox 531 1535 628 1576; x_wconf 87' lang='lat' dir='ltr'>fidei</span> <span class='ocrx_word' id='word_1_189' title='bbox 650 1536 855 1585; x_wconf 89' lang='lat' dir='ltr'>internae,</span> <span class='ocrx_word' id='word_1_190' title='bbox 878 1536 1004 1588; x_wconf 85' lang='lat' dir='ltr'>hujus</span> <span class='ocrx_word' id='word_1_191' title='bbox 1025 1535 1233 1588; x_wconf 88' lang='lat' dir='ltr'>professio</span> <span class='ocrx_word' id='word_1_192' title='bbox 1257 1548 1426 1589; x_wconf 89' lang='lat' dir='ltr'>quoque</span> <span class='ocrx_word' id='word_1_193' title='bbox 1449 1548 1534 1577; x_wconf 91' lang='lat' dir='ltr'>una</span> <span class='ocrx_word' id='word_1_194' title='bbox 1557 1548 1650 1577; x_wconf 88' lang='lat' dir='ltr'>esse</span> <span class='ocrx_word' id='word_1_195' title='bbox 1674 1536 1855 1581; x_wconf 82' lang='lat' dir='ltr'>debebit.</span> 
     </span>
     <span class='ocr_line' id='line_1_21' title="bbox 367 1605 1984 1661; baseline -0.001 -11"><span class='ocrx_word' id='word_1_196' title='bbox 367 1610 464 1652; x_wconf 73' lang='lat'>291.</span> <span class='ocrx_word' id='word_1_197' title='bbox 486 1607 848 1650; x_wconf 84' lang='lat' dir='ltr'>Demonstratio</span> <span class='ocrx_word' id='word_1_198' title='bbox 873 1620 921 1661; x_wconf 85' lang='lat' dir='ltr'>p.</span> <span class='ocrx_word' id='word_1_199' title='bbox 946 1606 999 1649; x_wconf 84' lang='lat' dir='ltr'>V.</span> <span class='ocrx_word' id='word_1_200' title='bbox 1043 1605 1256 1647; x_wconf 87' lang='lat' dir='ltr'>Unitatem</span> <span class='ocrx_word' id='word_1_201' title='bbox 1288 1605 1383 1646; x_wconf 85' lang='lat' dir='ltr'>fidei</span> <span class='ocrx_word' id='word_1_202' title='bbox 1415 1607 1569 1658; x_wconf 85' lang='lat' dir='ltr'>excipit</span> <span class='ocrx_word' id='word_1_203' title='bbox 1589 1607 1729 1648; x_wconf 77' lang='lat' dir='ltr'>unitas</span> <span class='ocrx_word' id='word_1_204' title='bbox 1750 1608 1919 1648; x_wconf 66' lang='lat' dir='ltr'>ritaalis</span> <span class='ocrx_word' id='word_1_205' title='bbox 1943 1612 1984 1648; x_wconf 88' lang='lat' dir='ltr'>et</span> 
     </span>
     <span class='ocr_line' id='line_1_22' title="bbox 248 1676 1984 1731; baseline 0.001 -13"><span class='ocrx_word' id='word_1_206' title='bbox 248 1681 627 1719; x_wconf 66' lang='lat' dir='ltr'>sacramentorum:</span> <span class='ocrx_word' id='word_1_207' title='bbox 659 1681 869 1730; x_wconf 90' lang='lat' dir='ltr'>quatenus</span> <span class='ocrx_word' id='word_1_208' title='bbox 893 1678 1037 1717; x_wconf 86' lang='lat' dir='ltr'>omnia</span> <span class='ocrx_word' id='word_1_209' title='bbox 1059 1676 1274 1718; x_wconf 85' lang='lat' dir='ltr'>Ecclesiae</span> <span class='ocrx_word' id='word_1_210' title='bbox 1297 1676 1491 1718; x_wconf 85' lang='lat' dir='ltr'>membra</span> <span class='ocrx_word' id='word_1_211' title='bbox 1520 1689 1606 1718; x_wconf 92' lang='lat' dir='ltr'>uno</span> <span class='ocrx_word' id='word_1_212' title='bbox 1639 1677 1874 1731; x_wconf 90' lang='lat' dir='ltr'>eodemque</span> <span class='ocrx_word' id='word_1_213' title='bbox 1906 1679 1984 1719; x_wconf 90' lang='lat' dir='ltr'>ini-</span> 
     </span>
     <span class='ocr_line' id='line_1_23' title="bbox 253 1747 1985 1801; baseline 0.001 -13"><span class='ocrx_word' id='word_1_214' title='bbox 253 1749 410 1791; x_wconf 89' lang='lat' dir='ltr'>tiantur</span> <span class='ocrx_word' id='word_1_215' title='bbox 432 1753 725 1796; x_wconf 78' lang='lat' dir='ltr'>sacrament03</span> <span class='ocrx_word' id='word_1_216' title='bbox 748 1748 896 1789; x_wconf 89' lang='lat' dir='ltr'>iisdem</span> <span class='ocrx_word' id='word_1_217' title='bbox 920 1747 1112 1789; x_wconf 86' lang='lat' dir='ltr'>fruuntur</span> <span class='ocrx_word' id='word_1_218' title='bbox 1135 1752 1176 1788; x_wconf 88' lang='lat' dir='ltr'>et</span> <span class='ocrx_word' id='word_1_219' title='bbox 1197 1753 1502 1800; x_wconf 84' lang='lat' dir='ltr'>promoventur</span> <span class='ocrx_word' id='word_1_220' title='bbox 1523 1748 1670 1788; x_wconf 88' lang='lat' dir='ltr'>salutis</span> <span class='ocrx_word' id='word_1_221' title='bbox 1692 1747 1852 1798; x_wconf 89' lang='lat' dir='ltr'>mediis,</span> <span class='ocrx_word' id='word_1_222' title='bbox 1875 1761 1985 1801; x_wconf 87' lang='lat' dir='ltr'>quae</span> 
     </span>
     <span class='ocr_line' id='line_1_24' title="bbox 248 1818 1986 1875; baseline -0.001 -15"><span class='ocrx_word' id='word_1_223' title='bbox 248 1819 313 1860; x_wconf 89' lang='lat' dir='ltr'>vel</span> <span class='ocrx_word' id='word_1_224' title='bbox 344 1819 587 1860; x_wconf 87' lang='lat' dir='ltr'>immediate</span> <span class='ocrx_word' id='word_1_225' title='bbox 622 1819 685 1860; x_wconf 88' lang='lat' dir='ltr'>vel</span> <span class='ocrx_word' id='word_1_226' title='bbox 716 1819 870 1859; x_wconf 89' lang='lat' dir='ltr'>saltem</span> <span class='ocrx_word' id='word_1_227' title='bbox 894 1818 1077 1859; x_wconf 90' lang='lat' dir='ltr'>mediate</span> <span class='ocrx_word' id='word_1_228' title='bbox 1101 1819 1163 1875; x_wconf 84' lang='lat' dir='ltr'>(ut</span> <span class='ocrx_word' id='word_1_229' title='bbox 1186 1822 1504 1860; x_wconf 88' lang='lat' dir='ltr'>sacramentum</span> <span class='ocrx_word' id='word_1_230' title='bbox 1528 1818 1706 1875; x_wconf 90' lang='lat' dir='ltr'>ordinis)</span> <span class='ocrx_word' id='word_1_231' title='bbox 1730 1819 1773 1859; x_wconf 90' lang='lat' dir='ltr'>in</span> <span class='ocrx_word' id='word_1_232' title='bbox 1795 1819 1986 1860; x_wconf 89' lang='lat' dir='ltr'>omnium</span> 
     </span>
     <span class='ocr_line' id='line_1_25' title="bbox 249 1889 2175 1944; baseline -0.002 -12"><span class='ocrx_word' id='word_1_233' title='bbox 249 1891 404 1932; x_wconf 88' lang='lat' dir='ltr'>cedant</span> <span class='ocrx_word' id='word_1_234' title='bbox 425 1891 710 1940; x_wconf 89' lang='lat' dir='ltr'>commodum,</span> <span class='ocrx_word' id='word_1_235' title='bbox 734 1891 969 1943; x_wconf 90' lang='lat' dir='ltr'>eodemque</span> <span class='ocrx_word' id='word_1_236' title='bbox 992 1890 1126 1931; x_wconf 92' lang='lat' dir='ltr'>Deum</span> <span class='ocrx_word' id='word_1_237' title='bbox 1150 1890 1315 1932; x_wconf 88' lang='lat' dir='ltr'>colendi</span> <span class='ocrx_word' id='word_1_238' title='bbox 1336 1894 1511 1931; x_wconf 87' lang='lat' dir='ltr'>utuntur</span> <span class='ocrx_word' id='word_1_239' title='bbox 1533 1891 1628 1931; x_wconf 89' lang='lat' dir='ltr'>ritu.</span> <span class='ocrx_word' id='word_1_240' title='bbox 1672 1889 1762 1930; x_wconf 90' lang='lat' dir='ltr'>Hoc</span> <span class='ocrx_word' id='word_1_241' title='bbox 2130 1915 2175 1944; x_wconf 53' lang='grc' dir='ltr'>μ.</span> 
     </span>
     <span class='ocr_line' id='line_1_26' title="bbox 371 1940 2175 2022; baseline -0.002 -17"><span class='ocrx_word' id='word_1_242' title='bbox 371 1964 410 2005; x_wconf 93' lang='lat' dir='ltr'>l.</span> <span class='ocrx_word' id='word_1_243' title='bbox 440 1962 648 2014; x_wconf 85' lang='lat' dir='ltr'>colligitur</span> <span class='ocrx_word' id='word_1_244' title='bbox 681 1974 731 2002; x_wconf 74' lang='lat' dir='ltr'>ex</span> <span class='ocrx_word' id='word_1_245' title='bbox 763 1961 904 2003; x_wconf 89' lang='lat' dir='ltr'>verbis</span> <span class='ocrx_word' id='word_1_246' title='bbox 936 1960 1090 2002; x_wconf 87' lang='lat' dir='ltr'>Christi</span> <span class='ocrx_word' id='word_1_247' title='bbox 1120 1961 1266 2005; x_wconf 87' lang='lat' dir='ltr'>Matth.</span> <span class='ocrx_word' id='word_1_248' title='bbox 1290 1965 1360 2011; x_wconf 75' lang='lat'>28,</span> <span class='ocrx_word' id='word_1_249' title='bbox 1395 1965 1468 2005; x_wconf 84' lang='lat'>19:</span> <span class='ocrx_word' id='word_1_250' title='bbox 1503 1961 1652 2002; x_wconf 80' lang='lat' dir='ltr'>Docetc</span> <span class='ocrx_word' id='word_1_251' title='bbox 1686 1974 1822 2001; x_wconf 77' lang='lat' dir='ltr'>omncs</span> <span class='ocrx_word' id='word_1_252' title='bbox 1851 1967 1988 2014; x_wconf 58' lang='grc' dir='ltr'>ρεγαρδ</span> <span class='ocrx_word' id='word_1_253' title='bbox 2009 1940 2175 2022; x_wconf 57' lang='lat' dir='ltr'><em>W</em></span> 
     </span>
     <span class='ocr_line' id='line_1_27' title="bbox 249 2020 2156 2110; baseline 0.001 -36"><span class='ocrx_word' id='word_1_254' title='bbox 249 2033 506 2087; x_wconf 53' lang='lat' dir='ltr'>baptisantes</span> <span class='ocrx_word' id='word_1_255' title='bbox 536 2046 628 2083; x_wconf 75' lang='lat' dir='ltr'>cos;</span> <span class='ocrx_word' id='word_1_256' title='bbox 661 2044 711 2073; x_wconf 82' lang='lat' dir='ltr'>ex</span> <span class='ocrx_word' id='word_1_257' title='bbox 744 2032 884 2073; x_wconf 88' lang='lat' dir='ltr'>verbis</span> <span class='ocrx_word' id='word_1_258' title='bbox 907 2031 1023 2073; x_wconf 86' lang='lat' dir='ltr'>Paul.</span> <span class='ocrx_word' id='word_1_259' title='bbox 1050 2036 1085 2082; x_wconf 91' lang='lat'>1,</span> <span class='ocrx_word' id='word_1_260' title='bbox 1108 2031 1202 2075; x_wconf 85' lang='lat' dir='ltr'>Cor.</span> <span class='ocrx_word' id='word_1_261' title='bbox 1230 2036 1294 2082; x_wconf 77' lang='lat'>12,</span> <span class='ocrx_word' id='word_1_262' title='bbox 1321 2036 1394 2077; x_wconf 79' lang='lat'>13:</span> <span class='ocrx_word' id='word_1_263' title='bbox 1429 2032 1595 2073; x_wconf 78' lang='lat' dir='ltr'>Etenim</span> <span class='ocrx_word' id='word_1_264' title='bbox 1631 2033 1673 2072; x_wconf 75' lang='lat' dir='ltr'>in</span> <span class='ocrx_word' id='word_1_265' title='bbox 1708 2046 1788 2072; x_wconf 77' lang='lat' dir='ltr'>uno</span> <span class='ocrx_word' id='word_1_266' title='bbox 1823 2032 1987 2086; x_wconf 75' lang='lat' dir='ltr'>Spiritu</span> <span class='ocrx_word' id='word_1_267' title='bbox 2027 2020 2156 2110; x_wconf 40' lang='lat' dir='ltr'>{114}st</span> 
     </span>
     <span class='ocr_line' id='line_1_28' title="bbox 249 2103 1989 2158; baseline 0 -15"><span class='ocrx_word' id='word_1_268' title='bbox 249 2117 386 2144; x_wconf 77' lang='lat' dir='ltr'>omnes</span> <span class='ocrx_word' id='word_1_269' title='bbox 409 2117 480 2144; x_wconf 79' lang='lat' dir='ltr'>nos</span> <span class='ocrx_word' id='word_1_270' title='bbox 515 2105 557 2143; x_wconf 77' lang='lat' dir='ltr'>in</span> <span class='ocrx_word' id='word_1_271' title='bbox 583 2117 709 2144; x_wconf 69' lang='lat' dir='ltr'>ameum</span> <span class='ocrx_word' id='word_1_272' title='bbox 732 2117 881 2158; x_wconf 76' lang='lat' dir='ltr'>corpus</span> <span class='ocrx_word' id='word_1_273' title='bbox 904 2103 1108 2157; x_wconf 56' lang='lat' dir='ltr'>baptis-citi</span> <span class='ocrx_word' id='word_1_274' title='bbox 1130 2117 1273 2144; x_wconf 73' lang='lat' dir='ltr'>sumus</span> <span class='ocrx_word' id='word_1_275' title='bbox 1293 2104 1376 2145; x_wconf 78' lang='lat' dir='ltr'>sive</span> <span class='ocrx_word' id='word_1_276' title='bbox 1386 2104 1553 2157; x_wconf 71' lang='lat' dir='ltr'>judaei,</span> <span class='ocrx_word' id='word_1_277' title='bbox 1584 2105 1666 2144; x_wconf 79' lang='lat' dir='ltr'>sive</span> <span class='ocrx_word' id='word_1_278' title='bbox 1693 2103 1875 2157; x_wconf 39' lang='lat' dir='ltr'>yent&#39;iles,</span> <span class='ocrx_word' id='word_1_279' title='bbox 1907 2104 1989 2144; x_wconf 75' lang='lat' dir='ltr'>sive</span> 
     </span>
     <span class='ocr_line' id='line_1_29' title="bbox 249 2173 1987 2229; baseline -0.001 -15"><span class='ocrx_word' id='word_1_280' title='bbox 249 2176 368 2228; x_wconf 71' lang='lat' dir='ltr'>servi,</span> <span class='ocrx_word' id='word_1_281' title='bbox 391 2176 472 2215; x_wconf 70' lang='lat' dir='ltr'>sive</span> <span class='ocrx_word' id='word_1_282' title='bbox 494 2174 636 2215; x_wconf 76' lang='lat' dir='ltr'>liberi:</span> <span class='ocrx_word' id='word_1_283' title='bbox 665 2179 698 2214; x_wconf 76' lang='lat' dir='ltr'>ei</span> <span class='ocrx_word' id='word_1_284' title='bbox 720 2188 855 2216; x_wconf 73' lang='lat' dir='ltr'>omnes</span> <span class='ocrx_word' id='word_1_285' title='bbox 876 2176 918 2215; x_wconf 47' lang='lat' dir='ltr'>«in</span> <span class='ocrx_word' id='word_1_286' title='bbox 946 2188 1024 2214; x_wconf 73' lang='lat' dir='ltr'>emo</span> <span class='ocrx_word' id='word_1_287' title='bbox 1049 2176 1214 2228; x_wconf 70' lang='lat' dir='ltr'>Spiritu</span> <span class='ocrx_word' id='word_1_288' title='bbox 1232 2176 1369 2229; x_wconf 73' lang='lat' dir='ltr'>potati</span> <span class='ocrx_word' id='word_1_289' title='bbox 1391 2188 1561 2224; x_wconf 76' lang='lat' dir='ltr'>sumus;</span> <span class='ocrx_word' id='word_1_290' title='bbox 1593 2179 1634 2215; x_wconf 89' lang='lat' dir='ltr'>et</span> <span class='ocrx_word' id='word_1_291' title='bbox 1666 2173 1717 2214; x_wconf 83' lang='lat' dir='ltr'>ib.</span> <span class='ocrx_word' id='word_1_292' title='bbox 1745 2177 1810 2224; x_wconf 85' lang='lat'>10,</span> <span class='ocrx_word' id='word_1_293' title='bbox 1838 2177 1890 2218; x_wconf 83' lang='grc'>16</span> <span class='ocrx_word' id='word_1_294' title='bbox 1914 2187 1987 2217; x_wconf 83' lang='lat' dir='ltr'>ss,:</span> 
     </span>
     <span class='ocr_line' id='line_1_30' title="bbox 253 2245 1988 2299; baseline -0.001 -13"><span class='ocrx_word' id='word_1_295' title='bbox 253 2245 375 2286; x_wconf 64' lang='lat' dir='ltr'>Galim</span> <span class='ocrx_word' id='word_1_296' title='bbox 419 2245 728 2298; x_wconf 68' lang='lat' dir='ltr'>benedictionis,</span> <span class='ocrx_word' id='word_1_297' title='bbox 780 2246 845 2286; x_wconf 72' lang='lat' dir='ltr'>ceci</span> <span class='ocrx_word' id='word_1_298' title='bbox 889 2246 1182 2299; x_wconf 63' lang='lat' dir='ltr'>benedicimus,</span> <span class='ocrx_word' id='word_1_299' title='bbox 1238 2259 1370 2286; x_wconf 77' lang='lat' dir='ltr'>nonne</span> <span class='ocrx_word' id='word_1_300' title='bbox 1414 2246 1728 2286; x_wconf 72' lang='lat' dir='ltr'>communicatio</span> <span class='ocrx_word' id='word_1_301' title='bbox 1770 2246 1988 2297; x_wconf 68' lang='lat' dir='ltr'>sanquinis</span> 
     </span>
     <span class='ocr_line' id='line_1_31' title="bbox 253 2315 1988 2370; baseline 0 -15"><span class='ocrx_word' id='word_1_302' title='bbox 253 2315 406 2356; x_wconf 75' lang='lat' dir='ltr'>Christi</span> <span class='ocrx_word' id='word_1_303' title='bbox 428 2315 518 2357; x_wconf 67' lang='lat' dir='ltr'>est?</span> <span class='ocrx_word' id='word_1_304' title='bbox 539 2322 575 2357; x_wconf 80' lang='lat' dir='ltr'>et</span> <span class='ocrx_word' id='word_1_305' title='bbox 590 2317 734 2370; x_wconf 75' lang='lat' dir='ltr'>panis,</span> <span class='ocrx_word' id='word_1_306' title='bbox 757 2330 873 2370; x_wconf 69' lang='lat' dir='ltr'>quem</span> <span class='ocrx_word' id='word_1_307' title='bbox 896 2317 1149 2370; x_wconf 62' lang='lat' dir='ltr'>franyimus,</span> <span class='ocrx_word' id='word_1_308' title='bbox 1173 2329 1306 2357; x_wconf 67' lang='lat' dir='ltr'>nonne</span> <span class='ocrx_word' id='word_1_309' title='bbox 1320 2317 1601 2370; x_wconf 72' lang='lat' dir='ltr'>participatio</span> <span class='ocrx_word' id='word_1_310' title='bbox 1615 2316 1803 2370; x_wconf 72' lang='lat' dir='ltr'>corporis</span> <span class='ocrx_word' id='word_1_311' title='bbox 1816 2315 1988 2356; x_wconf 78' lang='lat' dir='ltr'>Domini</span> 
     </span>
     <span class='ocr_line' id='line_1_32' title="bbox 251 2386 1988 2441; baseline 0 -16"><span class='ocrx_word' id='word_1_312' title='bbox 251 2386 341 2426; x_wconf 67' lang='lat' dir='ltr'>cst?</span> <span class='ocrx_word' id='word_1_313' title='bbox 372 2387 577 2437; x_wconf 73' lang='lat' dir='ltr'>Quoniam</span> <span class='ocrx_word' id='word_1_314' title='bbox 600 2400 710 2427; x_wconf 50' lang='lat' dir='ltr'>‘canus</span> <span class='ocrx_word' id='word_1_315' title='bbox 727 2388 869 2440; x_wconf 75' lang='lat' dir='ltr'>panis,</span> <span class='ocrx_word' id='word_1_316' title='bbox 894 2400 1022 2427; x_wconf 77' lang='lat' dir='ltr'>unum</span> <span class='ocrx_word' id='word_1_317' title='bbox 1045 2400 1193 2441; x_wconf 73' lang='lat' dir='ltr'>corpus</span> <span class='ocrx_word' id='word_1_318' title='bbox 1215 2386 1334 2427; x_wconf 78' lang='lat' dir='ltr'>multi</span> <span class='ocrx_word' id='word_1_319' title='bbox 1356 2400 1512 2441; x_wconf 67' lang='lat' dir='ltr'>sumus-7</span> <span class='ocrx_word' id='word_1_320' title='bbox 1543 2398 1706 2440; x_wconf 57' lang='lat' dir='ltr'>omnm,</span> <span class='ocrx_word' id='word_1_321' title='bbox 1726 2387 1797 2441; x_wconf 77' lang='lat' dir='ltr'>qui</span> <span class='ocrx_word' id='word_1_322' title='bbox 1828 2386 1876 2427; x_wconf 84' lang='lat' dir='ltr'>de</span> <span class='ocrx_word' id='word_1_323' title='bbox 1906 2400 1988 2426; x_wconf 60' lang='lat' dir='ltr'>urio</span> 
     </span>
     <span class='ocr_line' id='line_1_33' title="bbox 251 2456 1988 2510; baseline 0.001 -14"><span class='ocrx_word' id='word_1_324' title='bbox 251 2470 359 2509; x_wconf 75' lang='lat' dir='ltr'>pane</span> <span class='ocrx_word' id='word_1_325' title='bbox 380 2458 698 2510; x_wconf 73' lang='lat' dir='ltr'>participamus,</span> <span class='ocrx_word' id='word_1_326' title='bbox 742 2456 866 2498; x_wconf 84' lang='lat' dir='ltr'>Certe</span> <span class='ocrx_word' id='word_1_327' title='bbox 888 2456 1077 2498; x_wconf 87' lang='lat' dir='ltr'>Ecclesia</span> <span class='ocrx_word' id='word_1_328' title='bbox 1098 2457 1312 2509; x_wconf 86' lang='lat' dir='ltr'>primitiva</span> <span class='ocrx_word' id='word_1_329' title='bbox 1334 2457 1424 2498; x_wconf 85' lang='lat' dir='ltr'>Act.</span> <span class='ocrx_word' id='word_1_330' title='bbox 1448 2461 1486 2507; x_wconf 78' lang='lat'>2,</span> <span class='ocrx_word' id='word_1_331' title='bbox 1508 2461 1564 2501; x_wconf 78' lang='lat'>42</span> <span class='ocrx_word' id='word_1_332' title='bbox 1587 2461 1760 2510; x_wconf 86' lang='lat' dir='ltr'>propter</span> <span class='ocrx_word' id='word_1_333' title='bbox 1782 2457 1988 2497; x_wconf 87' lang='lat' dir='ltr'>unitatem</span> 
     </span>
     <span class='ocr_line' id='line_1_34' title="bbox 253 2527 1988 2582; baseline 0 -15"><span class='ocrx_word' id='word_1_334' title='bbox 253 2527 450 2568; x_wconf 89' lang='lat' dir='ltr'>ritualem</span> <span class='ocrx_word' id='word_1_335' title='bbox 471 2527 689 2568; x_wconf 90' lang='lat' dir='ltr'>laudatur:</span> <span class='ocrx_word' id='word_1_336' title='bbox 723 2528 861 2568; x_wconf 73' lang='lat' dir='ltr'>Erant</span> <span class='ocrx_word' id='word_1_337' title='bbox 885 2533 1021 2568; x_wconf 76' lang='lat' dir='ltr'>autem</span> <span class='ocrx_word' id='word_1_338' title='bbox 1038 2532 1346 2581; x_wconf 75' lang='lat' dir='ltr'>perseverantes</span> <span class='ocrx_word' id='word_1_339' title='bbox 1371 2529 1415 2568; x_wconf 73' lang='lat' dir='ltr'>in</span> <span class='ocrx_word' id='word_1_340' title='bbox 1439 2528 1628 2569; x_wconf 71' lang='lat' dir='ltr'>doctrina</span> <span class='ocrx_word' id='word_1_341' title='bbox 1652 2527 1930 2582; x_wconf 76' lang='lat' dir='ltr'>apostolorum</span> <span class='ocrx_word' id='word_1_342' title='bbox 1953 2532 1988 2568; x_wconf 76' lang='lat' dir='ltr'>et</span> 
     </span>
     <span class='ocr_line' id='line_1_35' title="bbox 254 2564 2175 2667; baseline 0.001 -30"><span class='ocrx_word' id='word_1_343' title='bbox 254 2599 623 2639; x_wconf 73' lang='lat' dir='ltr'>communicatione</span> <span class='ocrx_word' id='word_1_344' title='bbox 642 2599 865 2651; x_wconf 75' lang='lat' dir='ltr'>fractionis</span> <span class='ocrx_word' id='word_1_345' title='bbox 884 2599 1014 2652; x_wconf 73' lang='lat' dir='ltr'>panis</span> <span class='ocrx_word' id='word_1_346' title='bbox 1037 2603 1072 2638; x_wconf 75' lang='lat' dir='ltr'>ci</span> <span class='ocrx_word' id='word_1_347' title='bbox 1096 2598 1361 2639; x_wconf 75' lang='lat' dir='ltr'>orationibus.</span> <span class='ocrx_word' id='word_1_348' title='bbox 1398 2590 1581 2667; x_wconf 48' lang='lat' dir='ltr'><strong><em>W</em></strong></span> <span class='ocrx_word' id='word_1_349' title='bbox 1607 2586 1750 2655; x_wconf 53' lang='lat' dir='ltr'>m,</span> <span class='ocrx_word' id='word_1_350' title='bbox 1786 2624 1975 2656; x_wconf 51' lang='lat' dir='ltr'><em>w</em></span> <span class='ocrx_word' id='word_1_351' title='bbox 1997 2632 2007 2646; x_wconf 70' lang='lat'>.</span> <span class='ocrx_word' id='word_1_352' title='bbox 2095 2625 2103 2650; x_wconf 53' lang='grc' dir='ltr'>ί</span> <span class='ocrx_word' id='word_1_353' title='bbox 2131 2564 2175 2616; x_wconf 49' lang='lat' dir='ltr'><em>Y</em></span> 
     </span>
     <span class='ocr_line' id='line_1_36' title="bbox 371 2668 1988 2721; baseline 0.001 -12"><span class='ocrx_word' id='word_1_354' title='bbox 371 2668 495 2710; x_wconf 89' lang='lat' dir='ltr'>Patet</span> <span class='ocrx_word' id='word_1_355' title='bbox 524 2670 568 2712; x_wconf 75' lang='grc'>2.</span> <span class='ocrx_word' id='word_1_356' title='bbox 601 2681 689 2709; x_wconf 91' lang='lat' dir='ltr'>non</span> <span class='ocrx_word' id='word_1_357' title='bbox 711 2668 849 2709; x_wconf 91' lang='lat' dir='ltr'>solum</span> <span class='ocrx_word' id='word_1_358' title='bbox 881 2680 931 2709; x_wconf 84' lang='lat' dir='ltr'>ex</span> <span class='ocrx_word' id='word_1_359' title='bbox 954 2669 1154 2709; x_wconf 88' lang='lat' dir='ltr'>universa</span> <span class='ocrx_word' id='word_1_360' title='bbox 1176 2669 1353 2710; x_wconf 89' lang='lat' dir='ltr'>historia</span> <span class='ocrx_word' id='word_1_361' title='bbox 1375 2669 1676 2718; x_wconf 88' lang='lat' dir='ltr'>ecclesiastica,</span> <span class='ocrx_word' id='word_1_362' title='bbox 1710 2669 1784 2710; x_wconf 92' lang='lat' dir='ltr'>sed</span> <span class='ocrx_word' id='word_1_363' title='bbox 1816 2681 1866 2710; x_wconf 82' lang='lat' dir='ltr'>ex</span> <span class='ocrx_word' id='word_1_364' title='bbox 1898 2670 1988 2721; x_wconf 89' lang='lat' dir='ltr'>ipsa</span> 
     </span>
     <span class='ocr_line' id='line_1_37' title="bbox 254 2737 1990 2791; baseline 0.001 -12"><span class='ocrx_word' id='word_1_365' title='bbox 254 2740 470 2780; x_wconf 84' lang='lat' dir='ltr'>societatis</span> <span class='ocrx_word' id='word_1_366' title='bbox 491 2739 716 2791; x_wconf 80' lang='lat' dir='ltr'>religiosae</span> <span class='ocrx_word' id='word_1_367' title='bbox 739 2744 780 2780; x_wconf 86' lang='lat' dir='ltr'>et</span> <span class='ocrx_word' id='word_1_368' title='bbox 812 2738 985 2779; x_wconf 89' lang='lat' dir='ltr'>visibilis</span> <span class='ocrx_word' id='word_1_369' title='bbox 1008 2743 1173 2779; x_wconf 87' lang='lat' dir='ltr'>natura.</span> <span class='ocrx_word' id='word_1_370' title='bbox 1217 2737 1260 2780; x_wconf 88' lang='lat' dir='ltr'>Si</span> <span class='ocrx_word' id='word_1_371' title='bbox 1292 2739 1405 2780; x_wconf 91' lang='lat' dir='ltr'>enim</span> <span class='ocrx_word' id='word_1_372' title='bbox 1428 2739 1616 2780; x_wconf 88' lang='lat' dir='ltr'>Ecclesia</span> <span class='ocrx_word' id='word_1_373' title='bbox 1639 2744 1702 2781; x_wconf 91' lang='lat' dir='ltr'>est</span> <span class='ocrx_word' id='word_1_374' title='bbox 1722 2753 1778 2780; x_wconf 89' lang='lat' dir='ltr'>so</span> <span class='ocrx_word' id='word_1_375' title='bbox 1793 2740 1967 2781; x_wconf 90' lang='lat' dir='ltr'>cietas</span> <span class='ocrx_word' id='word_1_376' title='bbox 1981 2771 1990 2788; x_wconf 94' lang='lat'>,</span> 
     </span>
     <span class='ocr_line' id='line_1_38' title="bbox 254 2809 1989 2862; baseline 0 -12"><span class='ocrx_word' id='word_1_377' title='bbox 254 2810 480 2862; x_wconf 84' lang='lat' dir='ltr'>requiritur</span> <span class='ocrx_word' id='word_1_378' title='bbox 501 2810 759 2862; x_wconf 87' lang='lat' dir='ltr'>conspiratio</span> <span class='ocrx_word' id='word_1_379' title='bbox 783 2809 1097 2858; x_wconf 82' lang='lat' dir='ltr'>membrorum3</span> <span class='ocrx_word' id='word_1_380' title='bbox 1131 2810 1167 2850; x_wconf 91' lang='lat' dir='ltr'>si</span> <span class='ocrx_word' id='word_1_381' title='bbox 1200 2814 1265 2850; x_wconf 91' lang='lat' dir='ltr'>est</span> <span class='ocrx_word' id='word_1_382' title='bbox 1294 2810 1477 2851; x_wconf 87' lang='lat' dir='ltr'>societas</span> <span class='ocrx_word' id='word_1_383' title='bbox 1508 2810 1777 2862; x_wconf 87' lang='lat' dir='ltr'>religiosa</span> <span class='ocrx_word' id='word_1_384' title='bbox 1799 2811 1989 2850; x_wconf 88' lang='lat' dir='ltr'>instituta</span> 
     </span>
     <span class='ocr_line' id='line_1_39' title="bbox 255 2879 1990 2933; baseline -0.001 -13"><span class='ocrx_word' id='word_1_385' title='bbox 255 2880 298 2919; x_wconf 90' lang='lat' dir='ltr'>in</span> <span class='ocrx_word' id='word_1_386' title='bbox 329 2879 489 2920; x_wconf 91' lang='lat' dir='ltr'>cultum</span> <span class='ocrx_word' id='word_1_387' title='bbox 519 2879 596 2921; x_wconf 92' lang='lat' dir='ltr'>Dei</span> <span class='ocrx_word' id='word_1_388' title='bbox 626 2880 932 2933; x_wconf 88' lang='lat' dir='ltr'>hominumque</span> <span class='ocrx_word' id='word_1_389' title='bbox 966 2880 1158 2930; x_wconf 91' lang='lat' dir='ltr'>salutem,</span> <span class='ocrx_word' id='word_1_390' title='bbox 1190 2881 1234 2921; x_wconf 90' lang='lat' dir='ltr'>in</span> <span class='ocrx_word' id='word_1_391' title='bbox 1265 2881 1379 2922; x_wconf 85' lang='lat' dir='ltr'>cultu</span> <span class='ocrx_word' id='word_1_392' title='bbox 1410 2881 1650 2922; x_wconf 86' lang='lat' dir='ltr'>exhibendo</span> <span class='ocrx_word' id='word_1_393' title='bbox 1683 2885 1725 2922; x_wconf 91' lang='lat' dir='ltr'>et</span> <span class='ocrx_word' id='word_1_394' title='bbox 1756 2880 1903 2921; x_wconf 87' lang='lat' dir='ltr'>mediis</span> <span class='ocrx_word' id='word_1_395' title='bbox 1935 2880 1990 2920; x_wconf 88' lang='lat' dir='ltr'>ab</span> 
     </span>
     <span class='ocr_line' id='line_1_40' title="bbox 255 2949 1989 3003; baseline 0.001 -14"><span class='ocrx_word' id='word_1_396' title='bbox 255 2953 431 2990; x_wconf 86' lang='lat' dir='ltr'>auctore</span> <span class='ocrx_word' id='word_1_397' title='bbox 451 2949 577 3002; x_wconf 85' lang='lat' dir='ltr'>hujus</span> <span class='ocrx_word' id='word_1_398' title='bbox 599 2951 815 2992; x_wconf 87' lang='lat' dir='ltr'>societatis</span> <span class='ocrx_word' id='word_1_399' title='bbox 839 2952 862 2991; x_wconf 89' lang='lat' dir='ltr'>i.</span> <span class='ocrx_word' id='word_1_400' title='bbox 886 2962 920 2994; x_wconf 91' lang='lat' dir='ltr'>e.</span> <span class='ocrx_word' id='word_1_401' title='bbox 944 2949 1109 2992; x_wconf 90' lang='lat' dir='ltr'>Christo</span> <span class='ocrx_word' id='word_1_402' title='bbox 1138 2951 1340 2993; x_wconf 88' lang='lat' dir='ltr'>institutis</span> <span class='ocrx_word' id='word_1_403' title='bbox 1363 2952 1417 2992; x_wconf 89' lang='lat' dir='ltr'>ad</span> <span class='ocrx_word' id='word_1_404' title='bbox 1440 2953 1621 2993; x_wconf 91' lang='lat' dir='ltr'>salutem</span> <span class='ocrx_word' id='word_1_405' title='bbox 1644 2950 1989 3003; x_wconf 89' lang='lat' dir='ltr'>consequendam</span> 
     </span>
     <span class='ocr_line' id='line_1_41' title="bbox 256 3019 1988 3075; baseline 0 -15"><span class='ocrx_word' id='word_1_406' title='bbox 256 3019 449 3061; x_wconf 89' lang='lat' dir='ltr'>membra</span> <span class='ocrx_word' id='word_1_407' title='bbox 476 3021 620 3062; x_wconf 89' lang='lat' dir='ltr'>omnia</span> <span class='ocrx_word' id='word_1_408' title='bbox 652 3023 900 3074; x_wconf 88' lang='lat' dir='ltr'>conspirare</span> <span class='ocrx_word' id='word_1_409' title='bbox 932 3021 1098 3063; x_wconf 88' lang='lat' dir='ltr'>debent.</span> <span class='ocrx_word' id='word_1_410' title='bbox 1143 3021 1373 3064; x_wconf 89' lang='lat' dir='ltr'>Verissime</span> <span class='ocrx_word' id='word_1_411' title='bbox 1396 3027 1623 3075; x_wconf 89' lang='lat' dir='ltr'>propterea</span> <span class='ocrx_word' id='word_1_412' title='bbox 1644 3022 1790 3063; x_wconf 89' lang='lat' dir='ltr'>scribit</span> <span class='ocrx_word' id='word_1_413' title='bbox 1811 3021 1883 3061; x_wconf 92' lang='lat' dir='ltr'>Au</span> <span class='ocrx_word' id='word_1_414' title='bbox 1897 3033 1988 3072; x_wconf 88' lang='lat' dir='ltr'>gu-</span> 
     </span>
     <span class='ocr_line' id='line_1_42' title="bbox 256 3090 1990 3145; baseline 0.001 -15"><span class='ocrx_word' id='word_1_415' title='bbox 256 3092 366 3131; x_wconf 88' lang='lat' dir='ltr'>stin</span> <span class='ocrx_word' id='word_1_416' title='bbox 380 3103 437 3130; x_wconf 92' lang='lat' dir='ltr'>us</span> <span class='ocrx_word' id='word_1_417' title='bbox 460 3103 492 3131; x_wconf 90' lang='lat' dir='ltr'>c.</span> <span class='ocrx_word' id='word_1_418' title='bbox 506 3090 711 3133; x_wconf 89' lang='lat' dir='ltr'>Faustum</span> <span class='ocrx_word' id='word_1_419' title='bbox 726 3092 833 3145; x_wconf 86' lang='lat' dir='ltr'>XIX,</span> <span class='ocrx_word' id='word_1_420' title='bbox 859 3094 934 3136; x_wconf 86' lang='lat'>11:</span> <span class='ocrx_word' id='word_1_421' title='bbox 965 3091 1032 3142; x_wconf 81' lang='lat' dir='ltr'>„In</span> <span class='ocrx_word' id='word_1_422' title='bbox 1053 3092 1214 3133; x_wconf 88' lang='lat' dir='ltr'>nullum</span> <span class='ocrx_word' id='word_1_423' title='bbox 1236 3105 1394 3134; x_wconf 89' lang='lat' dir='ltr'>nomen</span> <span class='ocrx_word' id='word_1_424' title='bbox 1412 3093 1624 3144; x_wconf 88' lang='lat' dir='ltr'>religionis</span> <span class='ocrx_word' id='word_1_425' title='bbox 1647 3104 1722 3133; x_wconf 91' lang='lat' dir='ltr'>seu</span> <span class='ocrx_word' id='word_1_426' title='bbox 1743 3103 1891 3132; x_wconf 81' lang='lat' dir='ltr'>verum</span> <span class='ocrx_word' id='word_1_427' title='bbox 1913 3103 1990 3132; x_wconf 91' lang='lat' dir='ltr'>seu</span> 
     </span>
    </p>
   </div>
  </div>
 </body>
</html>
