2175 3382
902 130 1100 164 ministerii
1122 131 1373 164 ecclesiastici.
1925 138 2008 180 287

383 254 533 299 Quibus
570 253 773 303 perpensis
808 253 1007 290 verissime
1042 253 1159 289 inFert
1191 253 1376 289 Petrus
1413 253 1672 292 cluniacensis
1703 258 1838 292 contra
1874 256 2008 293 Petro—

265 313 489 350 brussianos
513 310 694 365 (Migne
724 319 814 357 189,
843 309 962 364 739):
1001 311 1116 355 »Non
1139 311 1253 348 debet
1275 323 1366 360 ergo
1390 311 1494 348 credi
1527 313 1766 351 testimoniis
1799 314 2006 358 Ecclesiae,

266 372 330 410 cui
350 371 644 409 indivisibiliter
666 371 840 408 Christus
862 370 1060 408 cohabitat
1092 382 1216 417 usque
1249 370 1295 406 ad
1329 371 1703 409 consummationem
1738 373 1889 410 seculi?
1923 374 2011 411 Non

266 431 381 468 debet
412 430 517 468 credi
548 430 785 468 testimoniis
818 429 1025 474 Ecclesiae,
1061 441 1149 465 cum
1184 441 1262 476 qua
1294 429 1464 477 Spiritus
1498 432 1656 467 sanctus
1693 430 2011 479 inseparabiliter

265 492 467 539 permanet
488 502 566 527 non
589 490 650 526 hic
672 491 841 529 tantum.
867 488 933 542 sed
957 488 997 525 in
1021 490 1252 525 aeternum?
1285 488 1372 524 Non
1408 488 1523 525 debet
1547 489 1651 526 credi
1673 489 1913 527 testimoniis
1937 492 2007 529 Ec-

267 549 415 594 clesiae,
447 561 547 597 quae
569 561 693 586 unum
724 560 813 585 cum
836 548 950 584 Patre
982 548 1021 584 et
1043 546 1141 583 Filio
1174 549 1244 592 est,
1278 547 1381 583 sicut
1404 547 1520 584 Pater
1551 548 1593 584 in
1614 547 1713 585 Filio
1746 551 1785 585 et
1808 549 1933 587 Filius
1969 551 2010 587 in

266 608 409 645 Patre?
431 608 495 645 cui
517 619 601 644 eam
625 606 841 644 claritatem
864 606 988 643 Filius
1011 606 1045 642 ei
1068 605 1186 648 dedit,
1212 618 1331 653 quam
1356 606 1505 654 accepit
1526 620 1546 643 a
1568 607 1684 644 Patre
1709 604 1750 658 (J
1754 620 1786 644 o.
1817 615 1879 651 17,
1908 614 1958 648 22
1992 612 2009 646 ⁴?

267 666 465 710 Quomodo
488 679 579 715 ergo
602 666 732 714 potuit
753 666 844 714 plus
867 678 984 713 quam
1016 677 1086 713 per
1117 664 1227 702 mille
1260 676 1380 701 annos
1412 668 1450 701 et
1482 665 1565 702 falli
1597 672 1635 702 et
1668 665 1803 703 fallere
1828 667 2010 707 Ecclesia.

267 737 354 762 cum
377 738 455 774 qua
476 738 627 762 verax
649 725 775 765 Pater,
809 736 897 761 cum
919 737 996 771 qua
1018 723 1228 760 Veritas
1251 724 1386 765 Filius,
1421 736 1509 761 cum
1533 737 1612 772 qua
1635 724 1897 762 Veritatis
1922 726 2010 775 Spi-

266 784 366 821 ritus
388 786 578 833 perpetuo
600 784 774 820 mansit?
807 783 879 820 Sed
902 796 989 819 cum
1012 783 1083 820 hoc
1107 783 1264 820 omnino
1288 783 1532 831 impossibile
1555 783 1618 829 sit,
1657 783 1872 833 colligitur,
1907 787 2011 833 quod

267 844 350 892 ejus
371 843 653 880 traditionibus
677 842 858 879 omnibus
892 842 995 879 sicut
1027 842 1246 890 apostolicis
1279 842 1502 879 omnimoda
1534 843 1581 879 ab
1613 843 1796 880 omnibus
1828 844 2010 882 fidelibus

270 902 364 939 fides
385 902 559 939 exhiberi
580 901 730 939 debeat.
742 907 758 924 «

391 981 431 1025 3.
455 980 667 1022 Probatur
690 993 740 1021 ex
764 980 906 1021 verbis
929 993 959 1020 s.
982 979 1112 1029 Pauli,
1137 980 1207 1032 qui
1221 979 1454 1020 Ecclesiam
1481 984 1604 1020 vocat
1626 981 1858 1022 columnam
1881 986 1917 1022 et
1939 984 2010 1034 fir-

271 1058 518 1093 mamentum
544 1053 729 1093 veritatis
752 1052 807 1107 (l.
824 1051 926 1094 Tim.
944 1055 981 1098 3,
1011 1051 1103 1105 15{):
1127 1050 1280 1103 quibus
1303 1050 1444 1091 verbis
1468 1050 1578 1097 dicit,
1601 1063 1689 1092 non
1712 1052 1810 1104 quid
1825 1052 2011 1094 Ecclesia

274 1135 392 1163 esse
416 1122 616 1164 debeat
638 1135 689 1164 ex
713 1122 854 1174 aliqua
876 1121 965 1173 lege
988 1121 1151 1169 morali,
1179 1121 1253 1162 sed
1276 1121 1403 1174 quid
1428 1122 1519 1168 sit,
1554 1126 1595 1162 et
1626 1122 1795 1174 quidem
1829 1124 1927 1175 quid
1959 1125 2011 1164 sit

272 1206 355 1234 non
380 1193 431 1234 de
454 1193 564 1234 facto
589 1198 629 1234 et
651 1193 851 1234 historice
866 1197 1042 1239 tantum,
1066 1191 1141 1232 sed
1163 1192 1263 1244 quid
1286 1193 1340 1232 sit
1362 1204 1420 1233 ex
1445 1204 1585 1239 sese,
1609 1193 1733 1245 idque
1757 1194 1857 1234 dicit
1879 1194 1943 1236 do
1957 1208 2010 1247 g-

271 1266 480 1306 matice.
514 1265 641 1317 Atqui
663 1269 781 1305 tanto
806 1264 1001 1304 encomio
1024 1262 1213 1304 Ecclesia
1235 1264 1422 1315 insigniri
1445 1276 1530 1305 non
1554 1269 1710 1316 posset,
1735 1265 1770 1305 si
1795 1264 1859 1305 vel
1881 1266 2012 1306 semel

270 1335 469 1388 proderet
490 1335 724 1377 veritatem.

393 1421 609 1459 Senserunt
642 1422 720 1459 vim
744 1422 968 1471 argumenti
988 1424 1261 1470 protestantes,
1297 1434 1463 1470 quorum
1488 1424 1693 1470 propterea
1728 1423 1910 1459 nonnulli
1948 1435 2010 1459 ex-

270 1482 467 1528 ceperunt,
490 1481 585 1518 haec
607 1481 725 1518 verba
747 1493 828 1518 esse
852 1481 912 1518 vel
935 1480 1140 1518 referenda
1172 1481 1220 1517 ad
1255 1481 1501 1518 Timotheum
1538 1478 1602 1534 (cf.
1626 1481 1708 1518 Gal.
1736 1487 1770 1527 2,
1798 1479 1851 1533 9),
1877 1482 1941 1518 vel
1964 1482 2011 1518 ad

270 1540 468 1576 ecclesiam
488 1540 766 1589 particularem
790 1540 1025 1589 ephesinam,
1051 1552 1149 1588 quae
1172 1542 1276 1577 certe
1299 1553 1377 1577 non
1392 1540 1467 1577 fuit
1482 1539 1716 1577 infallibilis.
1751 1540 1824 1577 Sed
1839 1541 2011 1589 primum

270 1598 459 1648 effugium
480 1599 544 1636 vix
566 1598 819 1648 responsione
842 1602 903 1636 est
925 1599 1101 1648 dignum,
1125 1612 1213 1636 cnm
1238 1599 1429 1648 apposita,
1467 1599 1543 1636 nisi
1565 1612 1702 1649 graves
1727 1599 1872 1636 obsunt
1892 1601 2010 1637 ratio-

269 1669 349 1702 nes,
372 1657 509 1694 referri
532 1658 699 1695 debeant
734 1658 781 1695 ad
805 1658 1027 1706 subjectum
1059 1658 1295 1706 proximum.
1328 1658 1433 1706 quod
1466 1659 1527 1695 hic
1558 1661 1616 1695 est
1639 1658 1820 1696 Ecclesia.
1863 1659 2011 1696 Deinde

269 1717 414 1754 Paulus
437 1729 523 1754 cum
548 1717 749 1754 Timotheo
772 1717 853 1766 agit
875 1718 921 1754 ut
943 1729 1030 1754 cum
1065 1717 1256 1764 discipulo
1288 1719 1327 1753 et
1349 1717 1444 1762 filio,
1477 1730 1594 1765 quem
1626 1717 1793 1755 sollicite
1825 1718 2010 1756 instruit:

269 1776 432 1824 ideoque
454 1788 534 1813 non
555 1776 774 1813 considerat
796 1779 840 1813 ut
864 1777 1084 1813 columnam
1108 1778 1147 1813 et
1168 1776 1459 1813 firmamentum
1482 1776 1673 1814 veritatis.
1708 1776 1813 1814 Haec
1834 1790 1925 1814 vero
1948 1791 2010 1814 re-

270 1834 362 1871 ferri
384 1835 577 1872 exclusive
599 1835 647 1872 ad
669 1835 865 1872 ecclesiam
898 1835 1121 1883 ephesinam
1153 1835 1270 1883 plane
1302 1836 1425 1884 gratis
1459 1836 1708 1884 supponitur,
1741 1849 1831 1873 nam
1864 1837 2009 1874 Paulus

271 1893 447 1941 loquitur
468 1895 667 1939 absolute;
699 1907 826 1942 neque
858 1895 1019 1931 ecclesia
1050 1894 1298 1942 particularis
1330 1893 1408 1931 dici
1438 1897 1568 1943 potest
1601 1895 1781 1932 columna
1812 1897 1851 1932 et
1882 1895 2010 1932 firma-

270 1954 446 1989 mentum
482 1953 672 1998 veritatis,
704 1953 779 1990 nisi
811 1957 1006 2002 quatenus
1039 1955 1099 1990 est
1131 1953 1351 1990 membrum
1372 1953 1568 1991 Ecclesiae
1601 1954 1855 1997 universalis;
1890 1968 2009 2002 quare

270 2011 389 2048 verba
410 2011 582 2062 intelligi
604 2012 749 2049 debent
772 2013 832 2049 vel
856 2012 1080 2049 immediate
1105 2013 1166 2049 vel
1188 2012 1355 2049 mediate
1378 2013 1515 2049 saltem
1538 2013 1584 2049 de
1599 2013 1769 2050 Ecclesia
1782 2014 2010 2050 universim.

270 2070 447 2107 Ceterum
470 2071 540 2108 hoc
560 2071 786 2108 testimonio
810 2084 1027 2119 expressam
1049 2083 1130 2108 esse
1152 2071 1372 2110 veritatem.
1411 2085 1525 2120 quam
1559 2071 1818 2117 defendimus,
1852 2073 2008 2110 intelle-

270 2132 413 2166 xerunt
434 2130 678 2167 Calvinus
702 2130 831 2169 Instit.
858 2130 922 2175 IV,
947 2132 985 2167 et
1007 2131 1035 2166 L
1050 2131 1280 2168 utherus.
1314 2131 1382 2178 qui
1403 2131 1443 2168 in
1467 2131 1489 2167 l.
1514 2130 1560 2167 de
1584 2143 1696 2168 servo
1720 2131 1882 2169 arbitrio
1906 2131 2004 2169 fate-

271 2190 355 2225 tur:
381 2189 578 2232 ,Ecclesia
600 2192 658 2227 est
680 2190 859 2227 columna
883 2191 922 2226 et
944 2190 1235 2226 firmamentum
1251 2189 1444 2234 veritatis,
1468 2203 1557 2227 nam
1582 2190 1636 2227 sic
1651 2190 1768 2228 habet
1784 2191 2008 2239 symbolum

270 2248 443 2285 omnium
465 2250 663 2285 nostrum:
687 2249 806 2286 Credo
817 2249 1029 2286 Ecclesiam
1053 2250 1224 2286 sanctam
1249 2249 1488 2295 catholicam,
1515 2251 1560 2285 ut
1575 2249 1817 2297 impossibile
1839 2250 1889 2287 sit
1903 2250 2011 2287 illam

271 2319 398 2343 errare
420 2307 534 2344 etiam
558 2307 598 2344 in
622 2307 786 2345 minimo
809 2307 986 2345 articulo.
1001 2313 1016 2330 «

388 2385 431 2428 4.
455 2385 672 2427 Tenentur
687 2385 840 2435 fideles,
864 2387 944 2426 nisi
958 2386 1093 2426 salute
1110 2386 1305 2426 excidere
1329 2390 1370 2426 et
1391 2386 1622 2427 anathema
1636 2386 1852 2428 incurrere
1869 2388 2009 2435 velint,

273 2455 486 2497 Ecclesiae
500 2456 670 2498 docenti
692 2457 886 2505 credere;
910 2469 1010 2497 nam
1025 2457 1311 2509 peremptorie
1334 2456 1492 2497 dictum
1515 2461 1597 2498 est:
1624 2457 1669 2498 Sa·
1683 2457 1911 2500 Ecclesiam
1932 2473 2008 2499 non

274 2528 472 2582 audierit,
494 2529 547 2568 sit
570 2528 644 2569 tibi
666 2529 771 2568 sicut
793 2528 977 2568 ethnicus
999 2533 1034 2568 et
1051 2527 1304 2581 publicanus
1317 2527 1463 2570 Matth.
1484 2531 1549 2576 18,
1575 2530 1647 2576 1f3
1675 2531 1739 2578 10,
1758 2531 1811 2573 14
1826 2543 1877 2570 s.:
1912 2529 2010 2579 Qui-

272 2612 428 2653 cunque
450 2612 531 2639 non
554 2600 751 2652 receperit
774 2612 855 2652 cos,
888 2614 1012 2654 neque
1035 2599 1215 2639 audierit
1238 2611 1441 2639 sermones
1463 2603 1640 2650 vestros;
1671 2605 1861 2641 exeuntes
1891 2600 2010 2653 foras

271 2669 320 2709 de
342 2669 459 2709 domo
480 2669 538 2710 vel
559 2670 732 2718 civitate,
756 2670 929 2710 excutite
949 2668 1154 2723 pulverem
1178 2669 1226 2709 de
1240 2668 1429 2723 pedibus.
1462 2671 1594 2710 Amen
1617 2671 1707 2710 dico
1730 2670 1863 2712 tobis:
1895 2672 2006 2712 Tole-

273 2739 450 2781 rabilius
480 2745 555 2780 erit
586 2744 722 2781 terrae
745 2739 1016 2781 Sodomorum
1050 2744 1085 2780 et
1111 2739 1489 2781 Gomorrhaeorecm
1524 2741 1565 2780 in
1597 2741 1662 2781 die
1682 2742 1854 2795 Judicii,
1887 2757 2007 2796 (lucam

276 2810 339 2852 illi
360 2812 517 2852 civitati
527 2827 544 2862 ,·
557 2811 684 2852 Marc.
703 2813 769 2861 16,
787 2815 838 2856 16
852 2827 861 2860 ;
884 2816 925 2851 et
945 2815 1141 2851 tenentur
1155 2810 1328 2851 credere
1341 2814 1430 2851 tam
1445 2810 1565 2852 firmo
1582 2823 1771 2861 assensu,
1786 2816 1831 2853 ut
1845 2813 2010 2853 etiamsi

274 2882 448 2933 angelus
470 2882 522 2922 de
544 2881 664 2923 coelo
688 2883 810 2923 aliter
833 2882 997 2930 doceat,
1020 2894 1107 2922 non
1128 2881 1254 2922 liceat
1276 2882 1335 2922 eis
1360 2881 1583 2923 dissentire
1607 2880 1713 2938 (Gal.
1732 2887 1768 2932 1,
1791 2884 1833 2938 8)
1859 2889 1899 2923 et
1921 2883 2008 2935 qui-

275 2951 372 2992 dem
394 2951 595 3004 quamdiu
615 2953 799 2994 mundus
823 2952 1002 2996 durabit.
1045 2951 1173 3004 Atqui
1201 2952 1406 3004 injustum
1430 2952 1555 3005 plane
1578 2957 1641 2993 est
1664 2954 1922 3006 rationisque
1945 2953 2008 2993 in-

276 3021 361 3062 doli
374 3022 547 3063 omnino
562 3024 823 3064 contrarium
837 3029 926 3064 tam
940 3023 1108 3063 firmum
1124 3023 1370 3075 simpliciter
1383 3023 1600 3075 postulare
1615 3035 1848 3073 assensum,
1866 3028 2008 3075 spreta

275 3092 423 3144 quavis
446 3092 611 3133 ratione
632 3092 698 3133 vel
721 3094 975 3135 auctoritate
997 3094 1040 3133 in
1068 3094 1341 3144 contrarium,
1373 3094 1407 3134 si
1438 3106 1525 3135 non
1558 3106 1684 3134 omne
1707 3093 1875 3134 errandi
1897 3095 2008 3146 peri-
