2175 3382
221 172 303 213 2224
527 167 647 201 Tract.
668 167 727 200 ΙΙΙ.
746 165 799 201 De
810 166 996 213 Ecclesia.
1015 167 1142 201 'rhesis
1161 166 1254 201 Lm.
1276 166 1536 211 l·]piscopor111u
1555 166 1643 200 ordo

219 291 379 328 versalis
403 289 838 338 repraesentatiO,
873 302 921 326 ne
958 291 1163 338 propterea
1187 288 1493 337 aequiparentur
1514 289 1625 337 regni
1649 289 1817 337 alicujus
1840 290 1958 328 comi-

218 350 305 387 tiis:
341 361 429 386 nam
451 358 494 388 a.
518 360 596 386 non
619 350 713 385 sunt-
736 348 968 385 institutum
991 347 1221 385 distinctum
1245 347 1293 385 ab
1318 347 1551 385 auctoritate
1575 347 1773 385 ordinaria
1797 348 1956 398 regendi

217 409 439 452 Ecclesiam,
473 407 541 445 sed
562 410 716 444 tantum
749 407 887 444 modus
918 407 1127 444 solemnior
1157 410 1195 444 et
1227 405 1572 451 extraordinarius,
1606 418 1683 454 quo
1715 407 1782 444 illa
1813 419 1958 445 munus

218 480 335 505 suum
357 466 520 504 docendi
542 468 714 510 exercet;
737 478 863 514 neque
886 464 932 505 b.
956 466 1125 514 episcopi
1147 466 1280 503 haberi
1300 468 1469 514 possunt
1490 470 1535 502 ut
1557 465 1698 503 delecti
1722 479 1742 503 a
1764 465 1957 511 fidelibus,

217 527 285 575 qui
308 527 447 564 horum
469 525 625 563 nomine
647 527 776 574 agant,
801 524 867 562 sed
892 524 1058 562 habendi
1082 527 1173 562 sunt
1197 527 1242 562 ut
1265 525 1333 573 qui
1358 525 1461 562 vices
1488 524 1632 561 Christi
1655 527 1794 574 gerant
1816 525 1864 562 ad
1889 525 1957 563 do-

218 585 384 623 cendum
405 584 606 634 populum.
649 584 784 632 Neque
807 593 848 624 (⁸.
873 583 1142 632 episcoporum
1165 587 1225 621 est
1242 584 1333 632 jura
1355 583 1549 620 Ecclesiae
1572 583 1759 621 discentis
1773 583 1959 622 adversus

217 645 431 694 primatum
452 643 556 681 tueri
578 643 775 691 hujusque
798 645 1033 691 potestatem
1056 642 1160 679 inter
1182 642 1299 690 aequi
1333 642 1479 680 limites
1504 647 1688 684 coercere,
1713 655 1802 680 cum
1829 643 1957 681 solum

218 703 482 753 dependenter
503 715 524 739 a
544 701 718 750 primatu
740 701 964 738 authentice
986 701 1136 749 aliquid
1156 702 1308 750 possint
1330 702 1548 739 decernere.
1585 701 1710 746 Quare
1733 699 1780 743 (l.
1796 704 1960 740 eatenus

217 764 511 812 repraesentant
533 761 745 798 Ecclesiam
768 760 982 805 docentem,
1006 762 1202 808 quatenus
1225 760 1322 797 hanc
1343 764 1587 810 praesentem
1611 761 1758 798 sistunt
1772 760 1956 799 fidelibus

217 826 255 859 et
277 821 435 870 quidem
457 819 571 857 modo
594 819 769 863 solemni,
793 818 994 868 palpabili,
1018 818 1182 856 indubio
1207 831 1276 856 suo
1299 832 1461 857 munere
1484 820 1727 869 fungentem.

336 915 444 960 Quod
467 916 695 952 conditiones
716 915 768 952 ad
789 913 987 952 concilium
1010 916 1283 951 oecumenicum
1304 915 1517 952 habendum
1539 915 1773 952 necessarias
1796 914 1952 959 attinet,

218 976 384 1013 dicimus
409 971 446 1014 1.
469 986 513 1011 ex
535 976 646 1022 parte
668 973 821 1011 romani
841 973 1120 1023 pontificis
1151 973 1298 1022 requiri
1331 985 1371 1014 a.
1402 976 1449 1011 ut
1479 974 1528 1011 ab
1559 974 1693 1011 eodem
1724 974 1787 1011 vel
1819 973 1956 1011 saltem

217 1047 261 1072 eo
284 1035 481 1072 annuente
504 1035 755 1070 convocetur:
780 1030 827 1073 b.
850 1035 897 1070 ut
918 1032 1000 1082 ipse
1022 1033 1085 1070 vel
1106 1044 1176 1081 per
1197 1044 1236 1069 se
1258 1033 1320 1069 vel
1336 1046 1406 1082 per
1420 1045 1509 1070 suos
1523 1033 1672 1083 legatos
1693 1032 1818 1070 eidem
1845 1045 1956 1082 prae-

216 1093 357 1132 sideat:
381 1096 419 1130 et
444 1093 485 1129 in
506 1091 645 1140 primis
669 1101 711 1132 c..
735 1094 781 1129 ut
803 1091 904 1129 illud
928 1091 1151 1129 confirmet:
1176 1091 1282 1140 quod
1304 1093 1446 1141 triplex
1464 1093 1530 1140 jus
1553 1092 1587 1129 ei
1610 1092 1711 1129 infra
1726 1092 1781 1130 th.
1801 1097 1850 1132 ts
1867 1091 1953 1129 vin-

217 1152 442 1190 dicabimus.
484 1151 538 1187 ΕΚ
561 1152 671 1199 parte
692 1164 731 1187 m
744 1151 1031 1188 embrorum
1052 1150 1283 1199 requiritur.

333 1244 377 1286 ⁸2.
401 1248 445 1284 ut
468 1249 730 1284 convocentur
751 1258 885 1283 omnes
920 1245 1156 1294 episcopi
1182 1245 1500 1293 jurisdictionem
1532 1245 1720 1283 habentes
1734 1244 1762 1296 l)
1795 1248 1834 1282 et
1867 1245 1955 1294 qui-

216 1306 303 1344 dem
326 1305 372 1343 de
395 1305 545 1343 cunctis
577 1304 803 1354 provinciis,
836 1307 882 1342 ut
904 1317 932 1342 s.
955 1305 1049 1342 Leo
1072 1304 1193 1354 exigit
1224 1317 1281 1353 ep.
1307 1310 1380 1344 89:
1415 1304 1495 1349 „Ut
1525 1304 1695 1342 evocatis
1728 1304 1774 1342 de
1805 1304 1957 1342 cunctis

216 1364 427 1414 provinciis
450 1364 717 1402 sacerdotibus
738 1376 829 1401 vere
851 1363 973 1413 possit
997 1376 1076 1401 esse
1099 1363 1320 1401 universale
1344 1364 1590 1401 concilium.‘
1635 1364 1714 1413 Ipsi
1737 1363 1840 1401 enim
1866 1366 1954 1401 tan-

215 1428 302 1461 tum
318 1425 408 1472 jure
431 1435 501 1461 suo
533 1423 671 1460 sedent
700 1423 741 1460 in
772 1423 933 1461 concilio
964 1425 1168 1471 tamquam
1194 1422 1358 1471 judices,
1391 1423 1548 1460 nullum
1579 1435 1670 1461 vero
1697 1423 1763 1471 jus
1794 1421 1956 1460 sedendi

215 1483 361 1520 habent
381 1483 479 1527 laici,
503 1494 573 1519 nec
596 1482 813 1520 sacerdotes
835 1482 993 1520 secundi
1014 1481 1171 1526 ordinis
1194 1481 1271 1519 nisi
1292 1481 1353 1519 his
1377 1493 1555 1519 summus
1577 1481 1751 1530 pontifex
1773 1482 1902 1519 locum
1916 1484 1957 1519 et

216 1542 446 1591 suffragium
470 1541 665 1579 concedat.
707 1541 798 1579 Ideo
822 1541 1102 1591 Gregorius
1125 1541 1228 1578 XIII.
1251 1540 1415 1578 concilio
1447 1541 1711 1591 rotomagensi
1732 1540 1954 1590 respondit:

215 1601 415 1646 ‚Abbates
439 1600 790 1638 commendatarios
813 1603 852 1638 et
875 1600 1138 1649 capitulorum
1161 1600 1368 1649 deputatos
1398 1612 1530 1637 vocem
1561 1600 1765 1638 dumtaxat
1795 1599 1954 1638 consul-

212 1660 377 1698 tativam
398 1661 562 1698 habere:
599 1660 870 1709 episcoporum
890 1662 1164 1708 procuratores
1184 1670 1310 1708 posse,
1343 1659 1375 1696 si
1407 1659 1570 1697 concilio
1603 1659 1837 1708 provinciali
1871 1659 1955 1707 pla-

213 1719 349 1764 cuerit,
372 1722 411 1756 et
433 1719 643 1757 decisivam
665 1719 856 1763 habere;‘
890 1722 929 1756 et
950 1718 1073 1755 Pius
1095 1718 1160 1759 VI,
1183 1718 1382 1755 damnavit
1414 1731 1524 1767 prop.
1552 1726 1614 1759 10.
1639 1731 1722 1768 syn.
1745 1718 1955 1767 pistorien-

214 1779 288 1816 sis:
315 1805 332 1822 „
343 1779 528 1816 Doctrina
542 1791 619 1827 qua
631 1778 789 1827 parochi
803 1778 918 1815 aliive
932 1777 1150 1816 sacerdotes
1164 1777 1204 1814 in
1219 1777 1366 1826 synodo
1391 1777 1619 1827 congregati
1641 1777 1957 1826 pronunciantur

212 1850 291 1875 una
313 1849 400 1875 cum
423 1838 601 1887 episcopo
619 1837 770 1886 judices
792 1837 894 1882 fidei,
919 1840 958 1874 et
979 1837 1098 1874 simul
1121 1837 1305 1874 innuitur
1321 1837 1518 1885 judicium
1538 1836 1579 1873 in
1602 1837 1728 1874 causis
1749 1836 1841 1874 fidei
1856 1836 1954 1885 ipsis

212 1899 431 1945 competere
448 1897 539 1945 jure
561 1896 718 1945 proprio
741 1899 779 1933 et
802 1896 961 1944 quidem
984 1896 1103 1933 etiam
1124 1908 1194 1944 per
1215 1895 1502 1933 ordinationem
1523 1898 1690 1945 accepto,
1714 1895 1811 1933 falsa
1832 1897 1955 1932 teme-

212 1955 324 2001 raria,
348 1956 498 1993 ordinis
519 1955 751 1992 hierarchici
774 1955 1011 2001 subversiva,
1046 1955 1256 1992 detrahens
1277 1954 1456 1992 firmitati
1479 1954 1756 1992 definitionum
1784 1954 1954 2004 judicio-

211 2027 350 2052 rumve
373 2015 683 2064 dogmaticorum
705 2014 911 2055 Ecclesiae,
936 2014 982 2051 ad
1005 2014 1138 2051 minus
1162 2019 1362 2051 erronea.<¹

331 2105 373 2148 3.
399 2107 510 2152 Quod
532 2109 802 2157 episcoporum
823 2121 1084 2146 numerum
1107 2108 1263 2153 attinet,
1297 2109 1476 2146 consulta
1498 2109 1751 2146 conciliorum
1775 2119 1953 2146 oecume-

211 2166 390 2204 nicorum
410 2168 572 2205 historia
606 2169 775 2205 statuere
806 2167 918 2205 licet:
952 2178 993 2207 a.
1017 2180 1096 2204 non
1126 2167 1285 2215 requiri,
1321 2170 1368 2204 ut
1403 2169 1603 2216 quotquot
1637 2170 1731 2205 sunt
1766 2167 1952 2216 episcopi,

212 2238 345 2264 omnes
368 2226 565 2270 intersint,
589 2226 765 2274 alioquin
787 2239 991 2275 nunquam
1010 2230 1143 2275 posset
1165 2226 1375 2263 concilium
1397 2227 1637 2276 congregari,
1661 2238 1846 2275 unusque
1871 2226 1953 2263 suf-

211 2284 342 2322 ficeret
363 2285 410 2322 ad
432 2286 533 2323 illud
554 2285 867 2334 impediendum;
903 2298 1030 2334 neque
1051 2283 1183 2322 tamen
1204 2283 1251 2325 b.
1276 2285 1451 2323 sufficere
1484 2298 1693 2323 numerum
1724 2285 1952 2334 quemlibet,

210 2346 256 2380 ut
278 2343 411 2382 decem
431 2345 494 2381 vel
516 2344 659 2394 viginti
696 2345 984 2393 episcoporum3
1018 2344 1085 2382 sed
1115 2347 1210 2382 tunc
1243 2354 1281 2384 (3.
1313 2346 1464 2382 ratione
1496 2345 1651 2382 numeri
1683 2357 1729 2382 ex
1759 2344 1952 2382 Ecclesiae

211 2403 492 2441 consuetudine
515 2404 664 2441 censeri
685 2404 888 2442 concilium
917 2404 1151 2450 universale,
1183 2404 1215 2441 si
1238 2404 1460 2441 convocatio
1492 2407 1551 2441 est
1581 2404 1788 2453 generalis,
1820 2403 1876 2441 ita
1906 2406 1953 2440 ut

211 2461 254 2498 in
274 2462 495 2511 praecipuis
518 2463 709 2500 Ecclesiae
744 2463 923 2511 partibus
953 2463 1195 2507 innotescat3
1228 2462 1319 2500 hinc
1352 2463 1383 2500 si
1415 2463 1552 2500 nullus
1584 2465 1792 2512 episcopus
1823 2475 1950 2508 verus,

212 2520 282 2568 qui
299 2521 619 2569 jurisdictionem
641 2522 899 2571 episcopalem
929 2522 1057 2568 habet,
1090 2521 1336 2566 excluditur3
1372 2522 1546 2570 adeoque
1580 2524 1627 2560 ut
1661 2522 1846 2571 episcopi,
1882 2522 1952 2570 qui

210 2581 300 2617 actu
320 2592 398 2618 non
420 2581 632 2626 intersunt,
669 2581 798 2617 animo
821 2582 860 2618 et
881 2581 992 2618 velut
1014 2581 1301 2630 conspiratione
1324 2581 1513 2618 interesse
1545 2593 1634 2619 cum
1664 2581 1829 2629 reliquis
1861 2593 1950 2618 cen-

210 2639 284 2676 seri
305 2639 475 2688 possint:
511 2639 542 2676 si
565 2652 610 2676 ex
631 2640 908 2677 remotioribus
940 2640 1122 2689 part-ibus
1153 2640 1292 2677 saltem
1323 2640 1457 2688 aliqui,
1491 2653 1535 2678 ex
1567 2640 1826 2677 vicinioribus
1857 2652 1950 2678 vero

209 2698 343 2746 plures
367 2698 520 2735 adsunt.

330 2791 428 2834 270.
450 2789 814 2833 Demonstrati«)
836 2803 880 2844 p.
894 2790 989 2834 ΙΙΙ.
1016 2790 1202 2831 Οοηεὶἰία
1225 2791 1483 2831 oecumenica
1505 2803 1588 2830 esse
1613 2789 1854 2843 infallibilia
1878 2789 1949 2830 iis-

220 2859 317 2900 dem
348 2860 608 2911 argumentis
639 2860 966 2910 demonstratur,
999 2860 1151 2913 quibus
1181 2860 1395 2901 Ecclesiae
1425 2859 1632 2913 probatur
1664 2859 1947 2901 infallibilitas.

356 3034 379 3072 ¹)
397 3029 562 3064 Dicimus
580 3030 704 3064 autem
722 3029 902 3064 vocandos
922 3040 998 3064 esse
1017 3031 1211 3075 episcopos
1232 3029 1532 3075 jurisdictionem
1558 3030 1747 3072 habentes,
1767 3030 1853 3074 quia
1872 3029 1946 3073 epi-

210 3084 312 3128 scopi
330 3084 453 3118 titul
465 3094 544 3118 are
556 3095 570 3117 s
589 3094 652 3118 seu
670 3083 734 3127 qui
752 3085 839 3117 actu
857 3083 1013 3117 dioecesi
1033 3086 1161 3119 carent
1179 3095 1266 3118 sane
1284 3084 1435 3118 admitti
1451 3084 1606 3128 possunt
1619 3083 1842 3127 admissique
1859 3085 1946 3117 sunt

207 3138 247 3170 in
264 3136 376 3171 variis
395 3136 569 3178 conciliis,
589 3137 659 3171 etsi
678 3136 843 3170 nondum
860 3137 1104 3180 peremptorie
1124 3138 1307 3182 dirempta
1321 3139 1376 3171 est
1390 3136 1639 3171 controversia
1656 3136 1700 3170 de
1717 3147 1842 3170 eorum
1849 3136 1944 3180 jure.
