2175 3382
742 124 933 170 religionis
953 126 1174 160 christianae
1193 126 1367 161 efficacia.
1865 136 1918 177 97

185 275 202 292 ,,
214 247 329 285 Multi
351 248 520 294 quidem,
544 248 675 296 inquit
696 248 720 284 J
732 261 758 285 u
772 249 944 285 stinus
969 248 1014 284 de
1037 248 1107 285 hoc
1131 252 1361 298 argumento
1384 251 1579 298 praeclare
1602 252 1795 290 disserens
1818 254 1918 302 apol.

183 367 288 411 sunt,
311 365 529 414 incorrupti
549 367 810 414 perseverant,
834 366 1010 413 talesque
1032 366 1074 402 in
1096 366 1201 402 omni
1224 379 1364 415 genere
1386 367 1588 405 hominum
1612 372 1919 408 monstraturum

184 438 244 462 me
264 424 461 474 profiteor,
505 424 607 469 Quid
630 425 734 461 enim
756 424 1085 462 innumerabilem
1108 437 1241 462 eorum
1264 426 1563 463 multitudinem
1596 428 1744 469 dicam,
1778 430 1846 477 qui
1877 442 1920 467 ex

183 484 344 521 lascivia
367 495 448 521 sese
470 487 703 533 receperunt
724 486 841 531 atque
865 484 959 520 haec
982 481 1209 531 (pudicitiae
1232 482 1453 535 praecepta)
1478 486 1754 523 ‹lidice1·unt‘.²«
1792 489 1922 525 Refert

184 555 275 581 vero
298 542 666 580 Tertullianus
687 543 798 590 Apol.
823 555 851 580 c.
879 550 928 582 50
953 555 989 579 n.
1020 549 1110 586 176,
1136 543 1307 592 virgines
1329 544 1560 581 christianas
1584 545 1706 593 magis
1730 546 1919 590 timuisse,

186 603 219 639 si
241 602 288 639 ad
309 602 468 639 lenones
492 615 609 650 quain
632 602 665 638 si
687 602 734 638 ad
757 602 889 639 leones
912 602 1202 639 damnarentur.
1246 600 1292 642 l).
1317 602 1560 644 Patienti
1567 616 1587 639 a
1609 604 1762 641 heroica
1783 606 1920 642 mediis

183 662 226 698 in
247 661 368 698 saevis
389 661 595 698 tormentis
617 663 656 698 et
676 661 1015 710 persecutionibus
1037 660 1142 705 adeo,
1167 663 1211 698 ut
1234 661 1367 699 fideles
1392 661 1631 699 Salv-altorem
1655 663 1809 708 imitati,
1834 676 1921 701 cum

184 732 254 769 pro
277 720 443 768 acceptis
466 720 622 769 injuriis
644 722 804 769 possent
835 720 990 765 ulcisci,
1024 731 1227 767 nunquam
1258 721 1319 757 vel
1350 733 1510 757 manum
1542 721 1760 758 levaverint
1790 722 1851 759 vel
1882 714 1946 759 os'

187 791 303 816 suum
325 779 548 828 aperuerint
579 779 620 816 in
650 782 930 828 persecutores,
964 779 1029 816 sed
1060 779 1194 827 potius
1225 791 1295 827 pro
1328 780 1386 816 his
1417 780 1615 817 oraverint
1637 777 1700 831 (cf.
1725 780 1923 818 Tertul-

184 839 363 875 lianus
386 838 437 875 ib.
460 851 488 875 0.
515 835 597 889 37).
641 848 682 878 (3.
708 839 908 886 Caritas
931 852 1023 887 erga
1047 850 1191 883 omnes,
1220 838 1261 874 in
1282 838 1420 886 primis
1442 839 1616 888 miseros,
1640 851 1842 887 pauperes,
1866 840 1925 876 in-

189 897 333 939 firmos
358 897 527 937 infantes
551 910 594 934 011
627 897 759 941 ositos,
784 910 933 935 carcere
951 898 1157 947 detentos:
1180 896 1271 934 hinc
1285 900 1346 934 tot
1360 910 1523 935 canones
1539 897 1585 935 de
1600 897 1796 947 erigendis
1811 910 1926 935 xeno-

188 943 345 995 (10011115.
369 911 660 1005 comprimeriisa
681 957 865 999 vindicta,
889 943 1117 1006 mitigandis
1140 956 1286 1004 poenis,
1311 956 1518 1004 aperiendo
1541 957 1649 1005 asylo
1676 959 1747 994 etc.
1790 957 1927 994 Nomi-

187 1015 309 1053 natim
330 1028 421 1053 vero
444 1016 544 1053 ratio
566 1016 756 1053 habeatur
778 1016 919 1053 amoris
946 1016 1299 1061 inimicorum,
1333 1028 1409 1064 quo
1442 1016 1645 1052 christiani
1677 1016 1796 1064 pestis
1828 1018 1926 1052 tem-

188 1087 279 1124 pore
302 1087 434 1112 curam
456 1087 523 1124 ges
529 1087 590 1112 501·
595 1077 667 1112 unt
689 1075 902 1124 gentilium
927 1089 947 1112 a
971 1075 1053 1112 suis
1080 1075 1378 1120 derelictorum,
1411 1076 1513 1111 teste
1537 1075 1784 1123 Dionysio
1808 1071 1927 1126 (apud

188 1134 405 1171 Eusebium
426 1107 479 1171 Ηζ.5
497 1134 538 1171 Ε.
560 1134 644 1179 HI,
672 1140 722 1173 22
748 1164 754 1179 ‚
779 1136 818 1171 et
849 1134 918 1182 qui
944 1147 983 1171 50
1005 1134 1179 1183 prodidit
1212 1134 1466 1182 eleemosynis
1489 1133 1605 1170 etiam
1628 1133 1842 1182 gentilibus
1865 1146 1928 1170 ex-

190 1193 338 1239 bibitis,
361 1194 465 1230 unde
487 1193 550 1230 vel
572 1193 656 1242 ipse
678 1193 925 1241 Julifflus
949 1195 1124 1242 apostata
1147 1193 1243 1230 hanc
1266 1192 1466 1230 caritatem
1481 1192 1747 1230 commendare
1770 1192 1929 1240 suisque

188 1253 230 1289 in
251 1253 470 1301 exemplum
491 1265 707 1301 proponere
729 1265 807 1289 non
829 1252 1029 1290 dubitavit
1051 1265 1108 1301 ep.
1134 1258 1207 1292 49:
1242 1253 1258 1295 >g
1271 1250 1373 1295 Quid
1395 1264 1531 1289 causae
1554 1253 1614 1288 est
1635 1281 1643 1288 .
1668 1283 1675 1290 .
1699 1280 1706 1287 .
1731 1281 1738 1288 .
1761 1263 1831 1288 cur
1852 1263 1930 1288 non
1950 1266 1958 1271 ‘¹

190 1311 320 1360 potius
344 1314 615 1349 convertamus
646 1312 779 1349 oculos
803 1312 851 1348 ad
874 1325 937 1357 ea,
971 1312 1116 1360 quibus
1148 1310 1444 1348 christianorum
1477 1310 1614 1359 religio
1637 1311 1760 1347 crevit
1783 1310 1806 1346 i.
1829 1323 1859 1348 e.
1883 1310 1930 1346 ad

189 1370 476 1420 benignitatem
498 1371 540 1407 in
560 1371 806 1420 peregrinos,
839 1371 887 1408 ad
919 1384 1050 1408 curam
1083 1371 1128 1407 ab
1160 1370 1240 1407 illis
1262 1370 1300 1406 in
1324 1370 1488 1407 mortuis
1510 1369 1742 1418 sepeliendis
1764 1369 1944 1417 positam¹
1970 1392 1978 1398 ι

191 1432 231 1467 et
252 1429 301 1467 ad
322 1430 630 1474 sanctimoniam,
657 1429 775 1478 quarn
797 1430 1014 1467 simulant?
1057 1429 1146 1467 Non
1176 1431 1292 1477 turpe
1323 1429 1496 1478 profecto
1528 1431 1604 1473 est,
1639 1440 1727 1465 cum
1749 1440 1861 1464 nemo
1884 1440 1947 1472 ex,

193 1488 342 1535 iudaeis
364 1489 560 1526 mendicet
582 1492 621 1526 et
643 1489 754 1537 impii
776 1489 933 1538 galilaei
968 1488 1172 1537 (intelligit
1204 1486 1455 1540 christianos)
1488 1500 1567 1525 non
1589 1500 1677 1524 suos
1697 1487 1830 1531 modo,
1865 1486 1930 1524 sed

194 1549 346 1586 nostros
367 1560 524 1596 quoque
546 1549 653 1585 alant
663 1550 679 1584 ’τ’
691 1553 708 1571 «
724 1550 749 1599 i

310 1627 352 1670 4.
375 1625 677 1668 Consideretur
698 1628 780 1668 hoc
803 1628 1134 1680 phaenomenon
1156 1627 1328 1678 saepius
1352 1638 1446 1666 0550
1468 1625 1704 1678 repetitum,
1727 1637 1823 1665 cum
1846 1624 1930 1676 pri-

194 1711 310 1739 mum
329 1699 506 1739 advecta
530 1704 593 1739 est
614 1699 757 1751 religio
775 1699 1005 1739 christiana
1020 1698 1142 1738 terris
1157 1697 1364 1746 barbaris,
1391 1701 1436 1736 ut
1459 1697 1502 1736 in
1524 1695 1732 1745 America,
1754 1695 1930 1747 imperio

195 1769 363 1817 sinensi,
385 1769 567 1822 Japonia
591 1774 680 1813 etc..
712 1770 1076 1821 mutationemque
1099 1769 1142 1808 in
1165 1768 1315 1809 melius
1339 1767 1594 1820 quandoque
1619 1766 1749 1807 fuisse
1772 1762 1938 1806 subitass

194 1852 333 1886 neam,
358 1845 402 1881 ut
423 1840 624 1892 baptizati
642 1840 731 1892 ‚iam
755 1840 825 1881 alii
848 1845 989 1881 essent
1011 1852 1037 1880 a
1059 1851 1115 1888 50,
1139 1843 1246 1880 teste
1271 1838 1469 1891 Cypria
1484 1850 1547 1878 no
1572 1850 1633 1890 ep.
1661 1840 1695 1880 1.

128 1943 177 1972 ‚Q
315 1912 355 1954 5.
379 1909 606 1963 Speciatim
631 1911 922 1952 consideretur
944 1912 1445 1962 series-„saQiorum
1481 1922 1588 1962 quos
1620 1909 1768 1962 quovis
1791 1908 1933 1950 seculo
1956 1917 1965 1922 ”

148 1977 169 2037 J*
196 1982 344 2034 quavis
375 1981 490 2023 orbis
521 1987 732 2023 terrarum
763 1982 887 2034 plaga
918 1982 1063 2034 religio
1091 1982 1322 2022 christiana
1345 1981 1520 2032 protulit
1543 1991 1733 2033 quosque
1756 1991 1933 2031 magnos
1992 1979 1995 1985 '

148 2051 178 2107 ᾗ(
196 2052 462 2105 illustresque
485 2052 611 2094 fuisse
634 2053 866 2094 adversarii
888 2065 1045 2104 negare
1068 2056 1294 2105 nequeunt.
1338 2051 1639 2092 Excelluerunt
1661 2051 1772 2092 enim
1795 2049 1934 2090 studio

92 2109 398 2179 {Jiveritatis
431 2124 538 2166 adeo
570 2129 616 2165 ut
646 2129 829 2165 mortem
859 2124 1000 2165 subire
1032 2135 1119 2164 non
1140 2127 1387 2164 vererentur
1409 2122 1548 2174 potius
1571 2133 1698 2174 quam
1720 2121 1812 2162 leve
1834 2133 1932 2173 pro-

96 2179 142 2246 f?
172 2183 306 2297 [ferre
328 2195 610 2244 mendacium,
641 2196 796 2247 ingenii
818 2197 1061 2247 sagacitate,
1084 2194 1365 2235 simulationis
1389 2192 1633 2245 fraudisque
1657 2192 1767 2241 odio,
1790 2191 1933 2244 probi-

66 2242 134 2330 ἦ
199 2270 285 2307 tate
315 2267 426 2307 vitae
450 2279 703 2320 morumque
726 2266 945 2307 candore..
969 2265 1070 2317 Quis
1103 2277 1204 2306 vero
1238 2268 1356 2316 putet
1389 2263 1593 2311 fraudem,
1626 2262 1933 2314 deceptionem,

112 2332 118 2345 ¹
199 2348 387 2378 errorem
410 2349 558 2389 parem
580 2349 673 2378 esse
696 2336 850 2378 talibus
873 2335 1118 2389 effingendis
1140 2335 1253 2384 viris,
1286 2346 1392 2387 quos
1426 2333 1619 2374 doctrina
1643 2345 1817 2374 osorum
1838 2332 1934 2372 reli-

199 2408 333 2460 gionis
355 2408 624 2457 christianae,
657 2421 785 2461 quam
808 2420 953 2448 veram
980 2407 1156 2459 jactant,
1188 2416 1409 2457 nunquam
1433 2404 1657 2445 efformare
1680 2404 1845 2456 potuit?
1888 2401 1937 2442 Et

200 2479 415 2532 quomodo
437 2479 549 2520 Deus
581 2479 660 2520 illis
682 2478 903 2531 inspiravit
925 2482 1091 2518 tantum
1114 2476 1281 2516 virtutis
1305 2475 1493 2516 studium
1519 2479 1561 2515 et
1583 2474 1806 2526 denegavit
1826 2473 1935 2514 veri-

200 2551 298 2592 tatis
322 2551 638 2603 cognitionem?

318 2621 464 2675 Neque
488 2624 641 2663 mirum
672 2625 713 2666 6.
744 2627 908 2663 tantam
936 2632 1030 2661 esse
1052 2620 1267 2671 religionis
1291 2618 1525 2659 efficaciam
1548 2616 1602 2657 ad
1624 2615 1932 2656 immutandum

150 2689 155 2692 ⁴
202 2705 374 2734 omnem
389 2693 580 2735 ordinem
595 2698 722 2735 antea
744 2693 852 2734 adeo
876 2696 1134 2743 corruptum,
1161 2690 1214 2731 ad
1237 2688 1574 2742 promovendum
1597 2687 1772 2728 cultum:
1800 2686 1933 2726 elevat

203 2828 340 2872 ginitas
358 2840 434 2862 non
451 2830 523 2863 tuit
542 2833 739 2874 perpetua:
768 2830 939 2873 poterant
971 2828 1055 2870 post
1074 2826 1213 2859 certum
1233 2826 1399 2858 exictum
1427 2824 1574 2866 tempus
1594 2821 1918 2865 (0051(«11111111113α
1925 2824 1933 2853 1

206 2881 295 2915 inire
313 2883 601 2918 matrimonium.
620 2883 768 2916 illarum
788 2882 857 2915 fuit
877 2879 1282 2924 Ρο1ροἲι13·,4.1131·11111
1300 2876 1496 2922 virginitas
1514 2875 1587 2908 fuit
1605 2875 1729 2908 001013
1748 2883 1787 2905 ac
1805 2871 1933 2915 poenis

205 2935 400 2975 custodita,
417 2935 565 2969 illarum
582 2946 668 2970 vero
686 2936 795 2980 plane
813 2936 1018 2979 spontanea
1038 2932 1243 2975 omniques
1230 2929 1435 2965 seductioni
1453 2928 1629 2973 exposita
1649 2926 1700 2959 De
1720 2936 1790 2968 quo
1810 2923 1933 2956 discri-

203 2989 303 3022 mine
320 2989 503 3023 disserunt
530 2988 815 3023 Ambrosius
846 2988 867 3021 1
894 2992 902 3020 l
937 2986 980 3019 de
1000 2986 1130 3029 virgin.
1150 2988 1237 3021 e.4;
1266 2994 1319 3028 ep.
1344 2987 1436 3018 1811
1459 2986 1546 3016 115
1575 2985 1610 3013 et
1639 2976 1933 3012 Prudentius

206 3041 609 3085 ῆ(11’.8)111π.3(·,11111111
629 3045 648 3075 2
667 3054 700 3076 v.
722 3045 843 3075 10545
848 3055 873 3073 5.
909 3038 961 3072 Cf.
980 3038 1013 3071 N
1027 3048 1171 3079 ourry
1200 3037 1285 3070 diss
1305 3036 1350 3070 de
1372 3036 1416 3069 M.
1434 3033 1563 3067 1011015
1584 3031 1627 3066 O
1627 3032 1734 3064 tavio
1753 3041 1780 3062 0
1804 3032 1844 3062 10
1863 3040 1893 3060 ·1.
1914 3030 1928 3059 1

206 3096 243 3128 et
259 3106 288 3129 c.
310 3097 352 3129 18
370 3106 401 3128 3.
419 3098 456 3132 4;
475 3095 607 3128 WVeis
620 3106 648 3139 5,
666 3093 846 3139 Apologie
863 3094 890 3126 t.
912 3095 927 3125 1
949 3091 1035 3125 diss.
1057 3094 1109 3125 16.

349 3166 371 3190 11
382 3173 399 3190 u
409 3173 421 3190 r
433 3167 443 3190 t
454 3173 468 3191 e
479 3173 491 3191 r
504 3187 509 3195 ,
532 3165 676 3197 Compend.
698 3164 851 3196 theologiae
872 3167 894 3191 1.
917 3164 950 3188 10
981 3162 1022 3187 ed.
