2175 3382
776 876 1197 947 Tractatus
1248 877 1327 947 ΙΙ.

492 999 581 1048 De
622 997 901 1047 fontibus
942 997 1191 1048 divinae
1229 999 1643 1048 revelationis

307 1117 399 1159 108,
423 1113 724 1154 Demonstrata
749 1113 840 1166 jam
863 1113 1088 1154 existentia
1111 1118 1152 1154 et
1173 1114 1349 1154 veritate
1371 1113 1640 1154 revelationis
1663 1114 1918 1155 christianae

190 1189 341 1237 sponte
372 1196 450 1225 sua
473 1183 664 1225 oboritur
695 1185 901 1237 quaestio,
933 1196 1016 1236 quo
1039 1184 1165 1224 veluti
1189 1184 1370 1225 canali
1392 1185 1592 1225 revelatio
1617 1184 1777 1236 pridem
1800 1197 1918 1225 com-

187 1255 301 1307 pleta
322 1255 376 1296 ad
397 1267 476 1296 nos
498 1267 632 1308 usque
655 1255 894 1308 pervenerit
916 1260 1042 1308 atque
1066 1260 1320 1295 conservata
1341 1256 1394 1295 sit
1408 1256 1570 1307 integra
1584 1259 1625 1295 et
1639 1255 1816 1304 sincera,
1837 1256 1918 1296 sic-

186 1329 232 1365 ut
253 1337 279 1366 a
294 1323 460 1366 Christo
484 1330 525 1366 et
547 1324 601 1365 ab
624 1325 830 1377 apostolis
852 1325 1044 1376 primitus
1067 1323 1142 1364 fuit
1163 1325 1441 1377 promulgata,
1464 1336 1539 1365 seu
1562 1325 1735 1377 quinam
1758 1326 1840 1366 sint
1861 1326 1920 1366 illi

189 1395 337 1446 fontes,
362 1407 413 1436 ex
436 1395 586 1448 quibus
610 1408 705 1436 eam
728 1396 898 1436 haurire
920 1395 1143 1447 possimus.
1166 1395 1441 1447 Respondent
1462 1400 1758 1447 protestantes,
1783 1396 1918 1437 solam

186 1478 356 1507 sacram
370 1465 631 1519 Scripturam
655 1466 814 1507 fontem
838 1470 879 1506 et
901 1465 1094 1506 canalem
1119 1477 1224 1515 esse,
1247 1477 1297 1506 ex
1320 1478 1402 1518 quo
1427 1466 1626 1517 dogmata
1649 1467 1791 1507 omnia
1814 1467 1919 1507 hau-

185 1536 336 1578 rienda
357 1537 451 1587 sint⁷
474 1541 515 1578 et
537 1550 732 1578 normam
762 1537 1036 1589 regulamque
1060 1536 1355 1589 adaequatam,
1388 1549 1496 1589 quae
1519 1536 1573 1576 ad
1596 1549 1744 1578 omnes
1767 1536 1818 1577 de
1839 1537 1919 1578 fide

186 1609 457 1661 quaestiones
481 1607 660 1649 sufficiat
683 1612 724 1648 et
746 1607 800 1648 ad
823 1619 951 1660 quam
984 1606 1184 1659 dogmata
1208 1608 1351 1647 omnia
1374 1607 1579 1658 exigenda
1601 1608 1683 1648 sint
1705 1613 1831 1660 atque
1849 1608 1918 1660 ju-

190 1678 370 1720 dicanda
382 1680 423 1735 1).
435 1678 641 1720 Catholici
653 1691 754 1720 vero
769 1678 1028 1730 respondent
1043 1690 1139 1718 cum
1154 1678 1200 1718 Ir
1212 1690 1234 1718 e
1246 1691 1307 1718 na
1318 1690 1374 1719 eo
1387 1678 1447 1726 ΙΙΙ,
1461 1683 1509 1722 4:
1526 1711 1540 1727 „
1553 1677 1648 1719 Non
1663 1684 1830 1731 oportet
1843 1678 1918 1719 ad-

185 1749 268 1790 huc
291 1761 495 1802 quaerere
518 1751 631 1803 apud
654 1750 758 1790 alios
774 1750 1008 1798 veritatem,
1031 1761 1159 1801 quam
1182 1748 1302 1789 facile
1326 1754 1388 1789 est
1411 1748 1464 1789 ab
1479 1749 1666 1790 Ecclesia
1689 1761 1857 1790 sumere
1873 1750 1917 1804 2).

186 1832 280 1860 cum
314 1821 497 1872 apostoli
529 1821 650 1873 quasi
671 1821 713 1860 in
746 1820 1050 1872 depositorium
1083 1819 1199 1860 dives
1222 1819 1462 1871 plenissime
1484 1820 1525 1860 in
1549 1831 1643 1860 eam
1667 1820 1919 1860 contulerint

184 1891 340 1940 omnia,
376 1904 485 1944 quae
508 1893 591 1932 sint
612 1892 813 1939 veritatis,
835 1897 881 1932 ut
903 1892 1040 1932 omnis
1063 1892 1302 1944 quicunque
1324 1891 1432 1939 velit,
1465 1896 1606 1932 sumat
1628 1903 1677 1931 ex
1701 1902 1752 1931 ea
1774 1895 1919 1943 potum

186 1961 307 2003 vitae.
350 1961 466 2003 Haec
498 1967 562 2003 est
593 1964 705 2004 enim
728 1963 839 2003 vitae
863 1963 1077 2010 introitus;
1107 1974 1257 2003 omnes
1287 1967 1429 2003 autem
1458 1963 1605 2015 reliqui
1628 1962 1739 2002 fures
1761 1966 1859 2002 sunt
1880 1966 1921 2001 et

333 2106 355 2145 ¹)
375 2103 546 2137 Formula
564 2103 589 2137 C
602 2114 621 2137 o
634 2116 657 2136 n
670 2114 687 2137 c
701 2115 719 2137 o
734 2115 751 2136 1·
764 2104 785 2136 tl
797 2104 808 2136 i
821 2115 839 2137 a
853 2114 872 2137 e
889 2115 925 2148 p.
946 2105 1032 2137 570:
1055 2128 1067 2141 2
1077 2103 1266 2136 Credimus
1284 2104 1431 2136 unicam
1450 2103 1613 2147 regulam
1629 2103 1665 2135 et
1676 2112 1851 2140 normam⁷
1867 2110 1920 2134 se-

190 2155 349 2189 cundum
379 2167 490 2199 quam
520 2157 644 2191 omnia
673 2156 851 2201 dogmata
881 2167 1080 2199 omnesque
1109 2156 1276 2189 doctores
1307 2155 1494 2189 aestimari
1512 2156 1549 2189 et
1560 2154 1719 2199 judicari
1739 2155 1919 2198 oporteat,

184 2208 323 2242 nullam
344 2209 494 2243 omnino
513 2209 625 2243 aliam
645 2219 721 2243 esse
740 2219 850 2252 quam
868 2209 1086 2253 prophetica
1104 2210 1141 2242 et
1160 2208 1363 2252 apostolica
1381 2207 1517 2251 scripta
1535 2218 1617 2241 cum
1636 2207 1678 2241 V.
1698 2208 1776 2240 tum
1797 2206 1842 2239 N.
1858 2205 1916 2241 'It‘

183 2262 372 2297 Confessio
390 2263 415 2296 h
427 2274 445 2297 e
457 2264 469 2297 l
483 2276 516 2300 v,
534 2263 578 2297 Π.
599 2274 626 2297 c.
647 2267 687 2297 2:
710 2263 814 2302 ²§Non
833 2262 948 2296 alium
967 2262 1191 2296 sustinemus
1208 2262 1247 2295 in
1263 2271 1372 2295 causa
1385 2261 1654 2305 ficleijudicem,
1669 2271 1781 2304 quam
1799 2260 1920 2303 ipsum

182 2316 298 2350 Deum
315 2327 379 2360 per
398 2316 625 2361 Scripturam
644 2329 670 2350 s.
689 2316 1006 2360 pronunciantem,
1035 2314 1123 2358 quid
1142 2325 1264 2348 verum
1285 2314 1343 2354 sit,
1371 2313 1460 2357 quid
1488 2312 1633 2351 falsum,
1663 2313 1751 2356 quid
1770 2322 1920 2356 sequen-

185 2369 270 2403 dum
283 2370 343 2411 sit,
355 2369 489 2413 quidve
500 2370 753 2414 fugiendum«.
773 2368 934 2402 Ecclesia
952 2379 973 2401 a
984 2380 1006 2401 n
1018 2379 1043 2412 g
1055 2368 1068 2400 l
1079 2368 1092 2400 i
1103 2378 1121 2401 c
1133 2379 1153 2401 a
1164 2380 1188 2401 n
1201 2379 1220 2400 a
1240 2379 1271 2401 a.
1291 2369 1332 2402 6:
1355 2367 1563 2410 „Scriptura
1577 2378 1603 2400 s.
1619 2365 1742 2400 omnia
1757 2365 1921 2399 continet

183 2421 231 2456 ad
249 2423 407 2456 salutem
426 2423 642 2462 necessaria,
662 2423 716 2456 ita
734 2424 775 2456 ut
792 2420 973 2465 quidquid
1000 2421 1053 2454 ibi
1080 2431 1153 2454 non
1170 2421 1318 2465 legitur,
1348 2430 1414 2453 nec
1430 2420 1550 2463 possit
1575 2430 1640 2463 per
1665 2429 1744 2452 eam
1762 2417 1920 2462 probari.

182 2486 257 2510 non
274 2474 410 2509 debeat
427 2476 472 2510 ab
491 2476 615 2519 aliquo
635 2475 733 2520 exigi
752 2480 793 2508 ut
811 2475 978 2508 credatur
996 2473 1113 2507 veluti
1131 2473 1215 2506 fidei
1241 2472 1417 2506 articulus
1437 2474 1501 2506 aut
1520 2472 1660 2506 censeri
1678 2470 1920 2506 necessarium

184 2528 230 2563 ad
247 2529 438 2562 salutem.“
476 2528 527 2562 Cf.
547 2529 711 2562 VVinei·
729 2528 987 2571 Comparative
1007 2526 1248 2570 Darstellung
1275 2525 1336 2559 des
1355 2525 1600 2570 Lehrbegriffs
1628 2525 1691 2558 der
1721 2523 1920 2558 verschied.

189 2580 328 2617 christl.
347 2580 717 2626 Kirchenpartheie11,
735 2580 886 2625 Leipzig
907 2582 995 2614 1837
1013 2590 1097 2624 pag.
1118 2580 1161 2612 29
1180 2590 1225 2613 ss.

326 2634 354 2680 2>
373 2633 492 2675 Quare
510 2636 587 2668 tam
606 2634 713 2668 facile
731 2633 780 2667 sit
797 2634 844 2667 ab
862 2632 1023 2667 Ecclesia
1041 2632 1189 2666 haurire
1207 2632 1398 2665 veritatem
1417 2630 1526 2665 docet
1544 2630 1586 2671 V,
1604 2634 1648 2665 :20
1663 2642 1697 2663 n.
1717 2634 1728 2663 l
1745 2644 1750 2662 :
1776 2629 1842 2668 ,Et
1856 2628 1920 2661 Ec-

185 2687 318 2722 clesiae
336 2686 486 2731 quidem
503 2687 730 2731 praedicatio
750 2697 837 2720 vera
855 2689 891 2719 et
909 2686 1024 2726 firma,
1043 2685 1141 2729 apud
1159 2695 1270 2728 quam
1289 2695 1362 2717 una
1376 2685 1413 2717 et
1427 2682 1556 2717 eadem
1571 2683 1701 2716 salutis
1715 2682 1774 2716 via
1788 2682 1825 2714 in
1841 2681 1920 2714 uni-

185 2751 288 2775 verso
307 2740 444 2774 mundo
463 2740 682 2774 ostenditur.
703 2739 797 2774 Huic
815 2739 913 2773 enim
931 2738 1112 2772 creditum
1131 2747 1186 2772 est
1204 2737 1328 2771 lumen
1342 2736 1421 2775 Dei,
1441 2737 1477 2770 et
1491 2738 1641 2780 propter
1656 2736 1722 2768 hoc
1734 2733 1920 2778 Sapientia

185 2793 251 2827 Dei
267 2803 334 2837 per
351 2804 462 2836 quam
480 2793 600 2828 salvat,
626 2804 751 2828 omnes
769 2792 947 2833 homines,
976 2792 1014 2825 in
1042 2791 1143 2824 exitu
1161 2791 1317 2831 canitur,
1345 2790 1383 2824 in
1400 2789 1533 2833 plateis
1561 2790 1684 2822 autem
1704 2786 1921 2821 fiducialiter

186 2844 275 2889 agit,
294 2845 334 2878 in
352 2846 503 2879 summis
521 2846 636 2880 muris
652 2845 896 2891 praedicatur,
907 2845 944 2878 in
955 2844 1073 2888 portis
1084 2844 1209 2877 autem
1228 2843 1390 2876 civitatis
1411 2840 1794 2883 constanter-loquitur
1806 2838 1919 2883 (prov.

188 2902 217 2939 1,
235 2899 305 2935 20).
326 2897 470 2942 Ubique
486 2899 584 2933 enim
598 2897 761 2932 Ecclesia
779 2897 967 2942 praedicat,
980 2895 1187 2935 veritatem,
1203 2896 1342 2929 ethaeo
1357 2896 1412 2929 est
1426 2895 1609 2940 ὲπτάμυξος
1623 2893 1771 2926 lucerna
1786 2889 1919 2924 Christi

186 2950 358 2994 bajulans
368 2950 504 2985 lumen.
515 2958 528 2973 ¹
548 2951 675 2985 Simile
693 2961 907 2995 responsum
926 2950 1017 2983 dant
1034 2950 1101 2982 Au
1112 2960 1171 2993 gu
1182 2960 1197 2982 s
1208 2948 1282 2982 tin
1293 2959 1316 2981 u
1329 2959 1344 2981 s
1363 2948 1407 2981 de
1423 2947 1504 2980 util.
1520 2946 1614 2980 cred.
1631 2957 1658 2979 c.
1674 2947 1696 2979 7
1712 2957 1754 2977 ss.
1772 2945 1808 2977 et
1822 2943 1850 2975 T
1861 2952 1879 2975 e
1890 2954 1919 2975 r-

185 3002 304 3037 tulli
318 3014 374 3037 an
387 3015 410 3037 u
423 3015 438 3037 s
457 3004 501 3038 de
518 3005 717 3049 praescrip.
736 3015 764 3039 c.
784 3008 848 3042 24;
877 3002 1173 3037 Vincentius
1200 3001 1257 3035 lir.
1285 3000 1497 3035 commonit.
1527 3011 1555 3032 c.
1577 3002 1596 3031 2
1625 3002 1761 3042 (opusc.
1789 2998 1814 3028 t.
1834 2995 1919 3038 IX.).

189 3055 243 3091 Cf.
259 3055 299 3088 in
315 3056 444 3100 primis
463 3055 486 3090 S
498 3067 516 3090 c
530 3058 552 3090 h
565 3068 583 3091 e
595 3067 614 3091 e
625 3057 649 3091 b
662 3067 680 3090 e
691 3070 716 3091 n
733 3055 940 3091 Handbuch
960 3055 1023 3089 der
1040 3055 1075 3089 k.
1094 3054 1295 3099 Dogmatik
1313 3056 1333 3099 ξ
1351 3055 1384 3089 7,
1403 3056 1434 3087 8.
