2175 3382
206 142 290 182 23»ι
564 136 841 171 '1¹1·act.1[1.De
861 136 1030 171 Ecclesia.
1051 135 1178 171 'rhesis
1197 136 1264 171 CL.
1287 135 1444 255 Flet-§sia
1392 0 2054 297 dffieffltffi(

207 255 359 307 quibus
384 255 542 307 passim
566 255 608 296 in
630 255 781 296 divinis
803 255 932 296 literis
955 255 1108 296 dicitur
1130 255 1403 309 reqmemDei
1428 269 1597 310 reynum
1612 211 1844 297 coelorff)
1815 236 1944 311 ,feim-

204 331 270 366 ta
293 326 388 379 Dei
420 326 564 366 domus
595 331 637 367 et
668 326 863 381 templum
887 325 967 367 Dei
986 329 1027 378 1).
1059 325 1212 379 quibus
1234 325 1587 378 appellationibus
1609 327 1712 368 satis
1734 327 1848 369 clare
1869 326 1944 369 de-

203 397 407 447 signatur,
446 401 610 438 tantum
634 396 864 438 Ecclesiam
898 409 923 437 a
954 397 1158 438 societate
1189 397 1299 437 civili
1331 396 1500 446 distare,
1531 402 1736 450 quantum
1768 409 1944 451 regnum

204 467 277 507 Dei
310 472 351 508 et
392 467 611 508 coelorum
643 479 667 508 a
701 479 831 519 regno
864 466 1092 509 mundano.
1125 468 1273 508 civitas
1295 467 1491 508 coelestis
1513 479 1539 508 a
1561 468 1762 516 terrestri,
1792 468 1945 509 domus

201 537 290 578 Deo
320 550 444 579 sacra
466 543 508 579 et
530 539 732 591 templum
756 538 884 579 distat
905 550 931 579 a
953 538 1081 579 domo
1104 538 1293 591 profana.

324 624 523 661 Differunt
546 637 651 674 ergo,
675 629 720 661 ut
742 625 871 662 omnia
893 625 1028 673 paucis
1051 625 1364 674 complectamur,
1392 636 1432 666 a.
1454 627 1686 669 auctore,
1711 624 1781 673 qui
1802 626 1864 662 est
1883 636 1944 662 re-

207 688 343 731 spectu
364 683 555 721 Ecclesiae
587 684 668 732 ipse
692 684 794 721 Deus
826 696 912 721 caro
934 684 1080 728 faetus;
1112 681 1159 724 b.
1183 684 1408 734 origine,
1441 696 1568 732 neque
1590 684 1694 721 enim
1717 683 1794 722 dici
1815 685 1946 732 potest

207 742 264 779 ita
295 742 519 780 immediate
552 755 572 779 a
596 743 672 779 Deo
696 743 882 780 instituta
915 742 1078 780 societas
1100 743 1235 785 civilis.
1262 743 1363 781 sicut
1394 756 1415 780 a
1437 743 1588 781 Christo
1611 743 1802 788 Ecclesia3
1835 742 1945 780 illius

202 801 310 838 enim
334 801 438 839 Deus
470 805 531 838 est
554 803 709 838 tantum
745 803 893 846 auctor,
926 804 1121 850 quatenus
1144 802 1341 839 hominem
1363 802 1455 840 fecit
1476 802 1677 846 socialem
1709 811 1749 842 c.
1773 801 1943 846 forma,

206 872 306 907 quae
339 861 379 897 in
403 860 575 897 Ecclesia
607 860 655 897 ab
687 860 769 909 ipso
801 862 959 897 auctore
985 864 1044 898 est,
1066 860 1324 898 determinata
1345 863 1385 898 et
1405 861 1673 906 immutabilis,
1705 861 1800 899 dum
1822 859 1947 898 forma

208 919 404 956 societatis
436 919 618 967 politicae
651 919 863 968 multiplici
894 919 1107 957 mutationi
1138 919 1184 956 ab
1208 920 1409 957 hominum
1432 921 1551 958 etiam
1571 920 1735 958 arbitrio
1756 919 1947 970 pendenti

207 980 265 1014 est
289 978 470 1016 obnoxia:
505 975 547 1018 d.
571 978 771 1023 ordine,
805 988 846 1018 θ.
870 978 976 1015 fine
1007 975 1060 1030 (n.
1087 975 1200 1031 204),
1233 976 1268 1019 f.
1291 979 1552 1017 membrorum
1575 979 1944 1027 qualitatibus,

203 1138 259 1162 est¹
277 1131 344 1172 liic,
365 1129 427 1163 sed
449 1139 523 1163 non
542 1130 596 1163 est
615 1131 713 1166 hinc:
741 1129 801 1163 hic
828 1131 883 1163 est
910 1130 1009 1163 enim
1035 1140 1189 1175 regnum
1217 1132 1294 1173 ejus
1318 1142 1433 1175 usque
1460 1133 1499 1166 in
1516 1132 1627 1166 finem
1644 1130 1793 1165 seculi.‹
1828 1127 1947 1170 Quare

200 1182 401 1216 discrimen
419 1182 470 1216 int
479 1191 517 1216 er
547 1183 575 1216 E
587 1193 606 1216 c
617 1193 635 1216 c
646 1182 658 1216 l
670 1192 688 1216 e
701 1183 739 1216 si
751 1193 771 1215 a
782 1194 817 1216 m
846 1185 882 1217 et
901 1184 1115 1218 societatem
1145 1184 1298 1218 civile
1309 1196 1345 1218 m
1375 1196 1449 1219 non
1466 1195 1509 1219 eo
1527 1184 1746 1221 continetur,
1763 1181 1863 1227 quod
1880 1180 1947 1215 illa

203 1237 305 1268 curet
324 1237 471 1268 tantum
497 1246 548 1279 sp
560 1235 571 1269 i
583 1235 684 1269 ritu
697 1235 797 1269 alia
824 1235 882 1269 vel
901 1237 1060 1282 aeterna,
1088 1236 1178 1270 haec
1203 1237 1398 1281 provideat
1425 1237 1638 1281 corporibus
1655 1237 1768 1280 atque
1785 1233 1946 1280 negotiis

203 1291 294 1322 tem
306 1301 330 1333 p
343 1298 422 1322 ora
434 1287 446 1321 l
458 1289 467 1322 i
480 1288 504 1322 b
516 1300 537 1322 u
551 1299 586 1325 s:
605 1287 695 1322 haec
713 1287 811 1323 enim
828 1289 973 1324 theoria
990 1290 1102 1324 nimis
1120 1292 1309 1335 separaret
1335 1290 1373 1324 in
1400 1290 1549 1325 homine
1576 1301 1630 1332 ea,
1660 1298 1754 1333 quae
1783 1286 1946 1332 quamvis

202 1341 397 1380 distincta,
417 1342 599 1386 disjuncta
619 1352 692 1376 non
711 1344 808 1376 sunt.
842 1342 987 1377 Pariter
1003 1343 1151 1388 probari
1169 1344 1299 1388 nequit
1316 1343 1525 1384 discrimen,
1545 1342 1749 1378 seeundum
1767 1341 1866 1386 quod
1883 1340 1946 1376 Ec-

197 1405 220 1428 c
231 1393 321 1428 lesia
332 1395 451 1428 utitur
462 1395 592 1429 mediis
603 1397 750 1429 tantum
769 1407 784 1430 s
796 1408 820 1441 p
831 1396 843 1430 i
854 1396 891 1430 ri
904 1397 921 1429 t
932 1408 955 1430 u
967 1396 1034 1431 ali
1046 1398 1102 1431 bu
1113 1409 1140 1438 s,
1161 1398 1317 1431 societas
1330 1396 1448 1431 civilis
1462 1397 1594 1431 mediis
1612 1409 1636 1430 n
1648 1407 1668 1430 a
1679 1398 1696 1430 t
1706 1407 1731 1429 u
1740 1407 1759 1429 r
1772 1394 1875 1429 alib
1887 1405 1946 1428 ue.

205 1447 301 1481 Nam
325 1448 392 1482 etsi
412 1447 573 1482 Ecclesia
592 1450 647 1482 est
665 1450 821 1483 societas
841 1449 1056 1494 spiritualis,
1085 1451 1172 1485 inde
1198 1452 1344 1485 tantum
1371 1451 1548 1495 seqnitur.
1577 1461 1658 1484 eam
1687 1448 1811 1494 quoad
1836 1448 1946 1483 finem

204 1511 283 1534 esse
302 1501 545 1545 spiritualem,
565 1512 639 1535 non
657 1504 782 1536 autem
801 1503 926 1537 omnia
943 1502 1056 1537 etiam
1074 1503 1208 1547 media,
1226 1504 1360 1548 quibus
1385 1505 1429 1538 ad
1454 1503 1564 1538 finem
1591 1515 1697 1537 suum
1724 1511 1946 1545 consequen-

205 1553 290 1587 dum
310 1553 443 1594 utitur,
462 1565 538 1588 esse
558 1554 765 1589 formaliter
783 1556 1011 1601 spiritualia:
1040 1567 1082 1590 ea
1109 1557 1204 1591 enim
1223 1568 1299 1591 non
1315 1556 1434 1591 solum
1453 1557 1500 1592 ad
1517 1557 1628 1591 finem
1645 1554 1945 1600 consequendum

204 1607 538 1652 quomodocunque
556 1608 689 1643 idonea
707 1620 784 1644 esse
802 1611 949 1651 debent,
967 1611 1027 1645 sed
1046 1610 1163 1645 indoli
1193 1621 1339 1656 quoque
1369 1611 1607 1657 subjecti,
1637 1609 1737 1655 quod
1765 1609 1806 1644 in
1833 1608 1945 1643 finem

204 1660 435 1705 spiritualem
455 1661 568 1706 dirigi
586 1661 707 1703 debet,
727 1665 975 1699 accomodata.
1007 1663 1108 1698 Sicut
1125 1665 1234 1698 homo
1253 1664 1468 1709 spiritualis,
1486 1665 1613 1699 doctus
1631 1667 1698 1698 etc.
1715 1665 1853 1708 potest,
1870 1661 1945 1696 imo

198 1713 313 1748 debet
330 1715 386 1748 uti
405 1715 496 1749 cibis
515 1715 628 1749 etiam
647 1716 912 1760 corporalibus.
948 1716 1066 1759 Quare
1094 1719 1220 1762 inepte
1239 1718 1286 1752 ad
1304 1718 1412 1752 illum
1441 1718 1584 1752 textum
1603 1718 1806 1762 provocant
1822 1715 1946 1749 hostes

203 1767 356 1801 dominii
375 1768 592 1813 temporalis
611 1781 638 1804 s,
657 1771 763 1804 sedis.
782 1771 821 1804 in
840 1771 943 1816 cujus
960 1771 1117 1805 tutelam
1136 1771 1366 1817 propositum
1385 1771 1544 1816 legimus
1560 1770 1599 1804 in
1619 1771 1805 1804 schemate
1822 1770 1885 1803 cit.
1900 1767 1946 1802 de

202 1821 400 1854 constitut.
419 1821 513 1855 Eccl.
533 1825 643 1867 caput
663 1827 754 1865 (12):
774 1849 787 1863 ,
799 1824 847 1858 Ut
865 1825 990 1858 autem
1008 1835 1182 1859 romanus
1200 1825 1366 1869 pontifex
1384 1826 1567 1869 primatus
1584 1823 1655 1858 sibi
1673 1823 1854 1858 divinitus
1872 1820 1947 1857 col-

200 1873 270 1907 lati
287 1886 434 1915 munus,
451 1878 492 1908 ut
511 1886 579 1920 par
597 1877 664 1916 est,
683 1876 913 1921 adimpleret,
931 1878 976 1911 iis
989 1877 1183 1922 indigebat
1194 1877 1400 1922 praesidiis.
1415 1889 1509 1922 quae
1519 1880 1728 1921 temporum
1740 1875 1945 1910 conditioni

194 1927 237 1960 et
256 1927 469 1961 necessita-ti
489 1934 745 1973 congruerent.
780 1930 884 1964 L‘nde
903 1930 1083 1975 singulari
1102 1931 1250 1965 divinae
1266 1930 1523 1975 providentiae
1550 1929 1702 1964 consilio
1719 1929 1861 1963 factum
1879 1931 1945 1969 est,

200 1979 243 2014 ut
259 1980 298 2013 in
316 1981 421 2014 tanta
441 1981 659 2015 secularium
676 1983 889 2027 principum
908 1984 1147 2018 multitudine
1173 1987 1210 2018 et
1236 1984 1414 2018 varietate
1441 1994 1594 2018 romana
1620 1992 1767 2027 quoque
1784 1980 1947 2016 Ecclesia

196 2033 449 2077 temporalem
469 2035 765 2070 dominationem
785 2037 956 2071 haberet:
985 2048 1056 2080 quo
1074 2048 1250 2072 romanus
1267 2037 1433 2082 pontifex
1451 2048 1614 2070 summus
1638 2039 1754 2070 totius
1771 2035 1944 2069 ecclesiae

202 2088 341 2130 pastor,
359 2086 455 2120 nulli
476 2087 637 2132 principi
657 2089 852 2134 subjectus,
886 2101 1091 2135 supremam
1110 2092 1270 2125 universi
1289 2090 1464 2125 dominici
1483 2090 1608 2135 gregis
1624 2089 1801 2134 pa>cendi
1817 2099 1946 2133 regen-

203 2141 317 2184 dique
335 2142 561 2185 potestatem
591 2143 927 2187 auctoritatemque
945 2144 990 2177 ab
1007 2143 1090 2188 ipso
1108 2143 1250 2178 Ch=isto
1269 2143 1427 2178 Domino
1446 2147 1636 2188 acceptam
1653 2153 1718 2188 per
1734 2142 1945 2176 universum

199 2193 328 2227 orbem
348 2193 565 2237 plenissima
582 2195 755 2229 libertate
773 2206 948 2237 exercere,
982 2208 1024 2231 ac
1042 2196 1154 2231 simul
1170 2195 1317 2231 facilius
1344 2197 1505 2230 divinam
1534 2196 1751 2241 religionem
1769 2195 1888 2240 magis
1905 2195 1945 2228 in

206 2248 283 2281 <lies
301 2257 445 2292 augere,
466 2250 512 2288 et,
533 2259 628 2292 quae
646 2261 711 2294 pro
730 2260 768 2283 re
787 2261 828 2284 ac
856 2253 1023 2295 tempore
1050 2253 1095 2285 ad
1122 2252 1300 2296 majorem
1326 2252 1442 2285 totius
1469 2250 1695 2284 christianae
1719 2248 1945 2294 reipublicae

204 2300 407 2335 utilitatem
427 2302 615 2345 pertinere
633 2303 712 2347 ipse
731 2305 977 2348 cognosceret,
998 2304 1180 2338 efficacius
1194 2314 1370 2349 peragere
1382 2308 1540 2348 possea«
1561 2302 1662 2345 Quae
1675 2313 1846 2348 expressa.
1858 2301 1946 2336 sunt

203 2354 249 2387 ad
275 2356 387 2388 verba-
413 2355 488 2389 Pii
513 2355 574 2389 IX.
602 2356 641 2389 in
670 2355 726 2393 lit.
757 2356 916 2402 apostol.
934 2360 991 2393 26.
1010 2358 1119 2392 Mart.
1139 2361 1230 2394 1860
1259 2361 1295 2392 et
1321 2358 1360 2392 in
1379 2356 1527 2392 allocut.
1547 2360 1601 2392 20.
1620 2356 1722 2392 Junii
1745 2357 1852 2395 1859;
1879 2355 1945 2399 qui

198 2408 315 2441 etiam
332 2409 548 2453 reprobavit
567 2410 706 2453 syllabi
725 2420 828 2456 prop.
850 2414 911 2448 26:
942 2411 1129 2451 ,Ecclesia
1155 2422 1228 2446 non
1256 2411 1371 2445 habet
1399 2411 1564 2445 nativum
1591 2420 1634 2444 ac
1650 2409 1862 2455 legitimum
1881 2409 1944 2454 jus

201 2461 418 2504 acquirendi
438 2463 473 2495 et
487 2462 723 2506 possidendi;
744 2466 807 2502 27;
828 2464 951 2503 ,Sacri
964 2464 1146 2499 Ecclesiae
1161 2464 1323 2498 ministri
1339 2474 1588 2507 romanusque
1601 2463 1768 2508 pontifex
1781 2462 1829 2497 ab
1843 2462 1944 2496 omni

199 2520 323 2549 rerum
344 2516 610 2559 temporalium
628 2527 714 2550 cura
732 2527 774 2551 ac
792 2517 954 2553 dominio
982 2519 1069 2552 sunt
1085 2518 1237 2552 omnino
1265 2517 1516 2552 excludendi.‘
1552 2516 1605 2552 Cf.
1633 2517 1656 2551 S
1669 2516 1875 2550 chrader
1899 2515 1944 2550 de

202 2569 348 2602 unitate
366 2579 516 2603 romana
536 2571 559 2611 Ι,
577 2573 624 2605 43
641 2582 687 2604 ss,

346 2626 372 2665 ¹)
394 2623 508 2657 Marc.
529 2626 559 2663 1,
582 2629 632 2658 14.
656 2629 717 2663 153
752 2625 886 2659 Matth.
905 2629 938 2670 3,
958 2630 997 2663 2:
1032 2626 1145 2661 Hebr.
1168 2630 1220 2666 10,
1239 2629 1302 2663 21:
1340 2629 1370 2660 1.
1389 2625 1471 2660 Cor.
1490 2627 1522 2665 3,
1543 2629 1596 2659 15.
1633 2625 1792 2658 Vocatur
1817 2624 1943 2657 autem

202 2676 362 2710 Ecclesia
380 2688 526 2719 regynum
543 2679 715 2711 coelorum
743 2689 780 2714 a.
806 2680 951 2713 ratione
979 2691 999 2714 o
1011 2680 1209 2725 riginis,
1234 2690 1328 2723 quae
1354 2688 1428 2712 non
1455 2680 1511 2712 est
1537 2677 1730 2718 naturalis,
1747 2676 1943 2721 terrestris,

199 2731 384 2767 humana:
412 2730 473 2764 sed
504 2731 597 2764 sicut
625 2733 801 2766 nativitas
828 2732 965 2767 Christi
992 2733 1295 2778 supernaturalis,
1322 2731 1499 2771 coelestis,
1526 2731 1652 2764 divina⁷
1678 2733 1789 2776 Apoc.
1816 2734 1872 2770 21,
1899 2733 1941 2767 2:

204 2785 246 2819 1).
265 2783 409 2818 ratione
427 2795 451 2827 p
463 2794 542 2817 ara
555 2783 684 2829 digm
696 2786 812 2827 atis,
842 2797 928 2820 nam
946 2797 1119 2831 expressa
1136 2789 1191 2821 est
1209 2786 1256 2820 ad
1272 2797 1428 2830 regnum
1446 2784 1514 2819 Dei
1531 2790 1569 2818 in
1587 2784 1715 2821 coelis:
1745 2795 1780 2820 c..
1797 2782 1942 2818 ratione

199 2836 238 2870 fi
251 2836 338 2876 nis,
349 2835 434 2879 quia
448 2836 618 2870 conducit
629 2838 675 2871 ad
687 2849 842 2883 regnum
852 2839 891 2872 in
904 2840 1016 2874 coelis
1028 2839 1151 2881 (Hebr.
1166 2843 1300 2880 13‚14),
1321 2840 1358 2872 et
1376 2838 1464 2872 hinc
1483 2837 1592 2882 hujus
1613 2837 1761 2882 estjam
1779 2836 1941 2877 initium,

204 2900 339 2928 semen,
353 2888 596 2933 praelibatio:
626 2892 664 2926 d.
682 2893 828 2926 ratione
847 2893 957 2927 aula
972 2904 990 2927 e
1017 2893 1154 2938 regiae,
1180 2893 1217 2928 in
1237 2903 1310 2937 qua
1327 2891 1463 2926 residet
1480 2890 1557 2935 ejus
1575 2902 1647 2931 rex,
1666 2902 1728 2934 qui
1742 2890 1822 2935 jam
1840 2888 1943 2924 sedet

200 2943 251 2977 ad
269 2943 458 2976 dexteram
476 2942 595 2977 Patris
614 2944 652 2977 in
671 2945 831 2981 excelsis.
866 2945 1093 2990 Quandoque
1120 2948 1244 2981 autem
1272 2946 1340 2980 hoc
1368 2944 1517 2978 nomine
1544 2943 1760 2988 designatur
1778 2943 1942 2977 Ecclesia

202 2996 452 3040 triumphans,
473 2995 695 3041 quandoque
722 2999 888 3033 militans
914 3000 955 3033 in
977 3001 1098 3040 terris,
1123 3000 1338 3044 praesertim
1357 2998 1396 3032 in
1412 2997 1611 3042 parabolis,
1638 2997 1861 3040 quandoque
1877 2995 1941 3030 Ec-

201 3050 316 3084 clesia
333 3048 539 3093 adaequate
555 3060 623 3094 pro
649 3053 810 3096 utroque
837 3053 966 3087 stadio.
1004 3053 1056 3087 Cf.
1084 3053 1128 3087 de
1154 3053 1211 3087 his
1238 3049 1553 3097 appellationibus
1580 3049 1842 3094 Passaglia
1866 3049 1890 3083 l.
1923 3052 1939 3082 1

200 3117 230 3140 c.
252 3109 291 3140 3:
311 3105 521 3140 Patritii
539 3105 583 3138 de
601 3104 739 3148 Evang.
759 3105 782 3138 1.
801 3107 823 3140 3
841 3105 933 3150 disp.
951 3109 1007 3142 46.
