2175 3382
730 113 774 147 <le
792 112 958 157 profectu
979 112 1014 145 iu
1035 113 1244 157 cognitione
1264 113 1511 148 revelationis.
1905 120 1989 160 173

365 232 406 275 4.
432 234 619 282 Displicet
641 234 810 282 denique
834 235 937 282 quod
962 234 1191 271 Giintherus
1214 236 1294 271 tam
1319 235 1525 282 perfectam
1550 239 1747 285 exspectat
1776 238 1984 286 mysterio-

247 307 336 331 rum
358 293 677 343 intelligentiam,
700 295 746 330 ut
769 293 894 330 omnis
916 293 1094 342 mysterii
1116 293 1215 330 ratio
1240 295 1373 330 cesset.
1418 294 1520 331 Haec
1542 295 1646 332 enim
1682 296 1814 344 opinio
1847 296 1987 335 adver—

248 354 360 390 satur
381 352 555 389 unanimi
578 354 736 401 patrum
757 352 1030 401 theologorum
1054 352 1284 397 sententiae,
1318 365 1417 400 quac
1442 352 1565 398 docet,
1599 354 1688 391 fidei
1710 355 1898 403 mysteria
1920 368 1984 393 ex-

247 411 380 449 cedere
403 411 650 448 intellectum
673 411 734 448 vel
755 411 996 459 angelicum;
1020 410 1254 447 adversatur
1276 411 1398 447 statui
1420 424 1577 459 quoque
1601 412 1703 457 fidei,
1727 413 1766 449 in
1790 426 1866 461 quo
1899 427 1985 451 ver-

248 483 390 508 samur.
431 472 531 508 Nam
553 481 679 518 usque
701 469 749 506 ad
771 469 1145 506 consummationem
1169 469 1291 506 seculi
1313 469 1490 507 homines
1513 483 1556 507 ea
1570 470 1644 507 fide
1657 472 1989 519 justificabuntur

247 542 289 566 ac
310 528 459 574 vivent,
491 541 569 576 qua
590 528 698 565 velut
721 540 791 576 per
823 528 1026 576 speculum
1058 530 1096 564 et
1128 528 1168 564 in
1199 528 1419 577 aenigmate
1451 529 1602 566 tamdiu
1635 531 1903 579 cognoscimus
1927 528 1985 578 (l.

249 588 328 626 Gor.
358 595 420 633 13,
449 585 529 640 12),
553 587 777 635 usquedum
800 587 949 624 lumine
982 587 1128 636 gloriae
1161 587 1383 624 collustrati
1416 588 1460 623 ad
1496 587 1689 624 visionem
1721 601 1853 626 eorum
1886 580 1986 637 quae

247 647 497 684 crediderunt
518 646 795 694 provehantur,
828 647 868 683 et
890 658 934 682 ea
957 645 1031 682 fide
1052 645 1185 683 vivere
1208 648 1247 682 et
1278 658 1426 683 merere
1460 647 1614 691 debent,
1648 659 1748 694 quae
1780 648 1830 684 sit
1865 661 1982 696 argu-

246 706 425 742 mentum
456 717 527 742 seu
557 704 750 742 convictio
782 717 855 741 non
888 706 1159 753 apparemc'mn
1194 705 1309 743 Hebr.
1339 712 1400 749 11,
1431 713 1463 749 1,
1498 718 1575 753 qua
1608 706 1827 754 captivetur
1863 708 1985 744 omnis

247 764 476 801 intellectus
508 764 549 800 in
583 763 815 811 obsequium
837 763 978 800 Christi
1001 760 1056 815 (2.
1081 763 1162 800 Cor.
1193 772 1255 809 10,
1281 761 1335 816 5).
1379 764 1581 812 Ejusmodi
1613 776 1727 812 porro
1762 766 1984 802 oeconomia

248 822 507 867 subvertitur,
531 822 563 860 si
588 835 763 870 unquam
786 823 1042 872 contingeret,
1067 824 1113 859 ut
1135 823 1354 860 successiva
1377 823 1634 871 explicatione
1652 823 1819 873 jugique
1842 825 1984 861 mentis

247 882 403 919 cultura
423 881 612 919 veritates
646 881 837 918 revelatae
869 893 1001 918 omnes
1032 881 1095 918 vel
1126 882 1265 919 saltem
1299 882 1470 930 potiores
1506 881 1797 920 innotescerent
1832 883 1986 920 rationi.

247 941 489 978 Adversatur
510 941 678 988 denique
701 940 900 978 doctrinae
924 953 1026 978 conc.
1048 941 1281 981 vaticani
1304 941 1329 978 l.
1352 953 1381 977 c.
1405 953 1486 989 cap.
1513 949 1532 980 4
1551 956 1558 979 :
1583 967 1599 984 »
1612 942 1665 977 Ac
1688 943 1788 979 ratio
1812 942 1985 990 quidem,

246 999 321 1037 fide
342 999 554 1043 illustrata,
579 1012 667 1037 cum
690 999 835 1044 sedulo,
871 999 936 1047 pie
959 1001 999 1036 et
1021 1000 1149 1036 sobrie
1181 1000 1344 1048 quaerit,
1379 1000 1556 1048 aliquam
1578 1000 1656 1036 Deo
1688 1001 1805 1038 dante
1836 1009 1985 1049 myste-

246 1059 396 1096 riorum
416 1058 724 1108 intelligentiam
746 1070 908 1106 eamque
929 1059 1287 1096 fructuosissimam
1310 1059 1534 1107 assequitur
1548 1061 1633 1096 tum
1657 1072 1701 1096 ex
1717 1072 1862 1105 eorum,
1887 1072 1987 1108 quae

246 1118 481 1155 naturaliter
502 1118 702 1167 cognoscit
723 1117 911 1167 analogia,
946 1119 1035 1155 tum
1056 1130 1076 1154 e
1098 1118 1381 1167 mysteriorum
1403 1119 1578 1167 ipsorum
1601 1130 1705 1155 nexu
1741 1119 1845 1156 inter
1875 1131 1914 1156 se
1947 1129 1986 1155 et.

247 1189 333 1214 cum
357 1177 433 1214 fine
456 1177 622 1215 hominis
643 1176 804 1221 ultim03
828 1190 1032 1225 nunquam
1053 1179 1190 1214 tamen
1212 1177 1351 1214 idonea
1372 1177 1553 1214 redditur
1581 1177 1627 1213 ad
1651 1190 1694 1214 ea
1715 1178 1985 1226 perspicienda

245 1236 373 1273 instar
392 1236 616 1281 veritatum,
650 1248 748 1284 quae
779 1236 982 1284 proprium
1013 1235 1138 1284 ipsius
1170 1237 1367 1285 objectum
1401 1237 1662 1273 constituunt.
1706 1237 1847 1273 Divina
1882 1237 1984 1274 enim

245 1295 436 1344 mysteria
457 1298 596 1343 suapte
619 1297 760 1332 natura
781 1295 1026 1332 intellectum
1049 1296 1223 1332 creatum
1247 1295 1299 1332 sic
1322 1296 1524 1341 excedunt,
1549 1296 1595 1332 ut
1610 1295 1730 1332 etiam
1743 1295 1986 1333 revelatione

245 1354 393 1391 tradita
413 1356 454 1391 et
474 1354 549 1391 fide
570 1356 761 1402 suscepta,
784 1353 909 1402 ipsius
932 1356 1063 1391 tamen
1084 1354 1175 1391 fidei
1198 1354 1391 1391 velamine
1414 1356 1589 1391 contecta
1621 1356 1661 1391 et
1682 1355 1847 1402 quadam
1871 1355 1985 1402 quasi

247 1413 412 1462 caligine
433 1413 622 1450 obvoluta
642 1416 837 1458 maneant,
868 1413 1057 1461 quamdiu
1080 1413 1121 1450 in
1143 1414 1214 1450 hac
1234 1414 1391 1450 mortali
1423 1413 1505 1451 vita
1535 1413 1831 1462 peregrinamur
1862 1427 1883 1450 a
1907 1414 1984 1449 Do-

246 1471 373 1510 mino:
397 1485 467 1521 per
488 1472 605 1509 fidem
627 1472 730 1508 enim
753 1472 999 1509 ambulamus
1023 1474 1062 1508 et
1084 1485 1162 1509 non
1184 1485 1253 1521 per
1276 1472 1439 1521 speciem
1465 1470 1520 1524 (2.
1544 1473 1625 1509 Cor.
1653 1479 1687 1516 5,
1716 1471 1796 1518 7).“<

970 1602 1158 1648 Sectio
1195 1601 1263 1649 H.

874 1699 938 1733 De
963 1707 1087 1733 sacra
1111 1699 1356 1741 Scriptura.

370 1789 462 1831 153.
487 1791 523 1830 S.
540 1788 786 1841 Scripturae
799 1789 1078 1842 praestantia.
1093 1813 1150 1817 -—
1166 1786 1366 1828 Summae
1381 1788 1670 1840 praestantiae
1685 1798 1778 1827 esse
1793 1800 1823 1826 s.
1839 1785 1982 1838 Scrip-

246 1862 386 1898 turam
417 1859 752 1911 negari-nequit,
793 1859 881 1899 sive
917 1870 969 1899 ea
1000 1858 1291 1910 philosophice
1323 1863 1488 1899 tantum
1522 1858 1599 1907 vel,
1632 1857 1745 1910 quod
1776 1857 1886 1897 idem
1920 1863 1982 1897 est

247 1928 442 1969 critice
464 1933 505 1969 et
527 1929 715 1970 humano
742 1929 883 1977 modo,
904 1929 992 1969 sive
1016 1929 1143 1969 etiam
1165 1929 1352 1969 theolo
1368 1929 1484 1981 gice
1507 1928 1812 1971 consideratur.

366 2010 407 2054 1.
441 2008 484 2051 Si
516 2022 567 2051 ea
598 2012 726 2052 modo
758 2012 947 2052 humano
978 2015 1205 2063 spectatur,
1238 2011 1328 2063 ejus
1360 2011 1622 2063 praestantia
1654 2010 1859 2062 colligitur
1892 2015 1979 2049 tam

245 2094 288 2123 a.
313 2093 363 2122 ex
385 2094 553 2122 summa
587 2087 794 2131 aetate,
827 2095 911 2136 qua
942 2082 1055 2123 haud
1078 2082 1254 2122 minima
1276 2081 1466 2134 ejusdem
1489 2094 1588 2134 pars
1611 2081 1833 2130 antecedit,
1857 2086 1981 2133 quot-

246 2156 349 2204 quot
370 2158 607 2205 supersunt,
631 2154 893 2206 antiquitatis
915 2152 1065 2199 libros;
1089 2157 1179 2194 tum
1200 2154 1245 2196 b.
1269 2164 1319 2194 ex
1343 2152 1498 2205 objecti
1521 2165 1596 2194 seu
1612 2152 1829 2194 doctrinae
1852 2151 1948 2192 sub
1964 2176 1980 2182 -

244 2223 482 2264 limitate
502 2226 553 2280 ¹);
576 2228 664 2264 tum
690 2237 731 2268 e.
757 2236 806 2265 ex
831 2225 923 2277 ipsa
946 2224 1138 2273 forma,
1161 2236 1270 2276 quae
1285 2224 1515 2264 verborum
1538 2224 1692 2264 tastum
1716 2227 1757 2264 et
1778 2234 1980 2274 pompam

245 2388 370 2421 sertim
389 2388 501 2422 etiam
519 2388 614 2423 circa
632 2401 666 2422 m
682 2390 761 2423 eth
774 2400 793 2423 0
806 2389 862 2423 du
875 2401 909 2422 m
929 2389 965 2423 in
984 2389 1150 2433 profectu
1169 2390 1238 2423 hoc
1257 2388 1504 2432 promovendo
1525 2387 1753 2422 servandam.
1773 2385 1800 2426 Q
1813 2398 1835 2419 u
1848 2397 1865 2418 a
1880 2386 1901 2419 d
1913 2397 1930 2418 r
1943 2397 1979 2418 u-

245 2440 315 2484 pli
328 2451 345 2474 c
357 2451 423 2474 em
441 2441 663 2476 nominatim
675 2443 863 2487 scopulum
878 2442 1078 2476 cavendum
1091 2443 1231 2476 monet:
1247 2443 1282 2477 1.
1295 2452 1377 2475 eum
1390 2452 1497 2484 quem
1510 2441 1599 2475 dicit
1616 2452 1634 2474 1·
1646 2451 1667 2474 a
1678 2440 1720 2474 di
1735 2451 1752 2473 c
1764 2439 1857 2473 alis
1870 2450 1976 2472 muru

245 2494 468 2537 absolutum,
496 2495 561 2539 qui
589 2496 813 2540 praescribit,
843 2497 884 2529 ut
912 2507 933 2530 a
959 2495 1120 2539 positivo
1146 2495 1258 2529 dnbio
1285 2494 1484 2528 universali
1512 2494 1619 2528 etiam
1652 2493 1750 2527 circa
1775 2504 1831 2527 res
1859 2492 1978 2526 fidei

245 2546 409 2579 studium
436 2557 499 2580 seu
525 2547 802 2591 inquisitionem
830 2547 1081 2592 theologicam
1110 2547 1322 2581 inchoemus
1355 2546 1459 2587 (Her
1472 2552 1599 2588 mes);
1634 2546 1671 2581 2.
1705 2543 1977 2579 radicalismum

245 2598 355 2632 miti
366 2609 386 2633 0
398 2611 416 2633 r
426 2610 445 2632 e
456 2612 502 2639 m,
520 2601 584 2644 qui
603 2601 734 2645 spretis
753 2601 934 2641 omnibus,
954 2611 1047 2644 quae
1061 2601 1238 2634 hactenus
1253 2599 1441 2644 praestitit
1454 2599 1654 2644 theologia,
1670 2597 1862 2642 speciatim
1878 2596 1978 2630 scho-

244 2651 387 2692 lastica,
406 2653 580 2687 methodo
598 2664 693 2687 nova
711 2655 748 2687 et
764 2654 825 2687 via
842 2654 1018 2687 hactenus
1035 2653 1222 2687 intentata
1239 2652 1380 2686 incedit
1394 2653 1430 2686 et
1445 2653 1555 2686 miros
1573 2651 1759 2696 promittit
1777 2660 1977 2684 successus:

244 2706 281 2740 3.
299 2703 533 2739 liberalis
546 2718 579 2739 m
593 2718 683 2746 um,
711 2707 775 2750 qui
803 2705 860 2740 vel
886 2706 1052 2751 theologi
1079 2705 1405 2750 independentiam
1434 2717 1455 2739 a
1481 2706 1609 2748 quavis
1627 2715 1755 2738 norma
1774 2705 1923 2737 externa
1943 2707 1979 2734 ct

246 2758 466 2793 auctoritate
495 2759 741 2794 ecclesiastica
766 2761 805 2794 in
824 2761 898 2794 suis
927 2759 1242 2804 speculationibus
1274 2760 1311 2793 et
1341 2759 1636 2793 conclusionibus
1665 2758 1886 2802 proclamat:
1919 2756 1975 2789 vel

244 2812 282 2847 4.
300 2811 446 2855 plenam
466 2813 597 2847 saltem
616 2813 829 2848 libertatem
848 2814 886 2847 in
904 2813 1101 2857 seligendis
1121 2813 1251 2847 mediis
1270 2813 1306 2847 et
1323 2812 1470 2846 auxiliis
1489 2822 1553 2856 pro
1568 2812 1642 2845 suis
1657 2811 1787 2845 studiis
1804 2809 1977 2843 vindicat.

245 2864 332 2898 hinc
346 2865 505 2899 libenter
525 2867 647 2900 lumen
666 2869 702 2900 et
721 2865 916 2900 consilium
934 2866 982 2899 ab
1004 2865 1185 2899 Ecclesiae
1202 2865 1419 2899 adversariis
1439 2865 1632 2899 mendicat.

393 2918 416 2962 ¹)
435 2918 606 2953 Fichte
624 2920 847 2954 Naturrecht
867 2933 902 2965 p.
926 2925 936 2954 1
961 2933 996 2965 p.
1015 2922 1060 2954 32
1079 2919 1134 2954 ed.
1155 2921 1269 2954 Jenae
1286 2920 1323 2953 et
1340 2918 1484 2963 Lipsiae
1506 2919 1612 2952 1790:
1633 2917 1722 2955 ,Ein
1742 2916 1846 2950 Geist
1864 2915 1973 2948 nabin

247 2971 323 3004 sich
341 2972 404 3004 der
420 2973 541 3006 ersten
559 2972 755 3007 Menschen
774 2984 832 3014 an,
861 2984 954 3017 ganz
980 2974 1049 3006 wie
1077 2981 1113 3005 es
1141 2973 1221 3006 eine
1249 2972 1323 3006 alte
1350 2971 1582 3014 ehi-wurdige
1601 2969 1777 3003 Urkunde
1796 2967 1976 3002 voi-stellt.

245 3023 382 3058 welche
399 3023 610 3068 uberhaupt
636 3025 693 3059 die
719 3025 967 3070 tiefsinnigste
995 3025 1211 3059 erhabenste
1231 3023 1412 3058 Weisheit
1429 3023 1573 3056 enthttlt
1600 3022 1674 3055 und
1694 3020 1881 3055 Resultate
1901 3022 1976 3053 aut·-

246 3076 358 3118 stellt,
378 3089 419 3110 zu
440 3076 555 3111 denen
574 3078 644 3112 alle
663 3078 901 3123 Philosophic
920 3089 979 3112 ain
998 3078 1096 3111 Ende
1111 3078 1204 3111 doch
1224 3077 1358 3112 wieder
1377 3075 1648 3110 zui-iickkehren
1670 3080 1803 3106 mimz<
