2175 3382
794 149 849 182 est
866 147 1070 192 subjectum
1090 145 1380 181 infallibilitatis.
1872 153 1956 195 293

153 291 156 295 -
219 267 274 307 ad
308 267 473 307 illorum
507 277 675 319 quoque
698 266 937 307 doctrinam
969 266 1012 305 in
1043 266 1184 306 causis
1215 264 1312 306 fidei
1344 266 1600 318 appellatum
1632 268 1786 311 fuisset.
1828 267 1955 321 Atqui

220 336 467 390 presbyteri,
490 337 685 389 quamvis
699 336 877 377 subinde
892 335 1216 376 admitterentur
1230 335 1284 376 ad
1299 336 1489 385 concilia,
1509 349 1596 377 non
1611 337 1956 388 admittebantur,

220 408 340 461 quasi
350 408 446 458 jure
462 406 699 448 fruerentur
721 407 763 447 in
786 408 846 448 eis
861 406 1048 455 sedendi,
1071 406 1145 447 sed
1160 410 1324 447 tantum
1348 418 1399 447 ex
1421 407 1638 459 privilegio
1662 409 1727 449 vel
1750 420 1800 449 ex
1823 421 1955 450 causa

220 478 404 530 speciali.
447 477 540 529 Quo
575 477 732 518 factum
765 481 840 526 est,
874 482 920 518 ut
953 477 1176 517 innumera
1208 477 1389 518 concilia
1424 476 1639 519 celebrata
1675 479 1768 528 sint,
1803 479 1955 533 quibus

220 549 357 589 nullus
379 547 602 602 presbyter
633 548 825 595 adesset,
858 547 1057 600 solosque
1089 548 1313 600 episcopos
1343 547 1520 600 legimus
1553 561 1629 589 suo
1662 548 1757 589 loco
1789 549 1954 591 misisse

217 618 397 660 subinde
420 618 704 672 presbyteros,
737 630 954 670 nunquam
985 629 1086 659 vero
1114 618 1409 671 presbyterum
1432 620 1597 660 misisse
1620 619 1760 669 alium,
1783 620 1853 672 qui
1876 633 1952 661 suo

218 690 313 731 loco
337 689 516 730 concilio
532 689 766 730 interesset.
796 688 1051 741 „Nusquam
1076 689 1201 730 docet
1222 701 1366 732 conc.
1390 690 1714 730 oecumenicum
1727 688 1821 738 VIL,
1844 691 1955 731 sacri

218 773 406 802 canones
428 766 629 810 statuunt,
664 765 710 800 ut
745 760 797 801 ad
830 759 1018 812 synodos
1045 760 1256 812 principes
1279 760 1493 801 seculares
1525 761 1708 809 veniant,
1742 760 1815 801 sed
1848 761 1954 802 soli

218 832 406 884 episcopi
428 834 478 884 (0.
505 834 556 875 17
581 843 646 883 ap.
669 830 952 871 Hardouin
974 829 1021 879 V,
1050 831 1192 886 1103).
1235 829 1358 881 Quod
1390 831 1423 871 si
1454 830 1689 884 presbyteri
1711 831 1953 872 subscribe-

218 902 322 943 bant
336 902 519 952 decreta,
542 901 868 942 subscribebant
890 901 955 942 vel
969 901 1141 942 nomine
1164 901 1473 953 episcoporum,
1497 914 1677 954 quorum
1700 902 1814 943 vices
1836 914 1955 954 gere-

218 972 335 1021 bant,
357 985 443 1014 non
465 973 636 1013 nomine
659 972 843 1024 proprio,
876 972 942 1013 vel
973 984 1025 1013 ex
1047 971 1276 1024 privilegio,
1307 972 1373 1013 vel
1404 977 1450 1013 ut
1481 984 1507 1013 a
1539 984 1584 1014 se
1606 973 1797 1019 haeresis
1820 974 1955 1025 suspi-

218 1044 386 1084 cionem
409 1047 669 1091 amoverent,
692 1042 758 1083 vel
780 1046 826 1083 ut
847 1053 1104 1083 consensum
1124 1054 1249 1082 suum
1265 1047 1533 1084 testarentur.
1557 1042 1824 1096 Quapropter
1846 1043 1882 1083 si
1903 1043 1955 1084 de

217 1114 404 1155 conciliis
428 1119 491 1154 est
513 1125 654 1154 sermo
670 1113 782 1165 apud
797 1117 951 1165 patres,
976 1124 1179 1153 numerus
1196 1112 1405 1154 indicatur
1420 1115 1839 1166 episcoporum,·non
1852 1125 1954 1155 vero

217 1185 575 1237 presbyterorum,
599 1184 726 1225 etiam
750 1185 784 1224 si
808 1185 878 1236 qui
900 1183 1175 1224 interfuerint.
1198 1183 1359 1224 Dicitur
1380 1197 1416 1224 v.
1432 1197 1488 1236 gr.
1502 1184 1695 1225 habitum
1710 1184 1837 1226 fuisse
1852 1197 1955 1226 con-

216 1256 358 1296 cilium
393 1259 449 1299 20
480 1255 547 1296 vel
579 1259 635 1300 30
666 1254 732 1296 vel
764 1259 819 1299 50
852 1259 928 1298 ete.
962 1255 1281 1307 episcoporum:
1314 1267 1397 1307 quo
1431 1254 1700 1307 significatur,
1732 1256 1956 1308 episcopos

218 1326 356 1366 solum
372 1338 466 1367 esse
480 1326 666 1378 legitima
681 1330 722 1366 et
730 1325 825 1378 jure
840 1326 1011 1378 proprio
1028 1325 1222 1367 membra
1237 1326 1525 1367 conciliorum.
1555 1326 1637 1378 „Ex
1653 1329 1739 1370 675
1755 1326 1955 1374 conciliis,

221 1397 366 1437 scribit
388 1396 625 1438 Antoine
657 1396 783 1438 theol.
815 1397 925 1437 univ.
950 1401 998 1438 tr.
1031 1396 1082 1437 de
1104 1396 1185 1437 fide
1207 1396 1286 1440 div.
1310 1402 1410 1437 sect.
1434 1400 1462 1439 4
1484 1409 1518 1437 c.
1542 1401 1567 1441 3
1590 1409 1627 1438 a.
1654 1400 1708 1441 10
1731 1398 1752 1452 ξ
1775 1400 1813 1447 5,
1846 1409 1955 1450 quae

220 1467 437 1508 celebrata
458 1471 737 1508 numerantur
760 1467 910 1522 (usque
934 1467 988 1508 ad
1010 1478 1092 1510 sec,
1116 1466 1286 1524 XVIII.),
1318 1467 1543 1508 duodecim
1566 1472 1732 1508 tantum
1763 1467 1817 1509 ab
1849 1480 1954 1520 apo-

218 1537 371 1590 logista
393 1539 644 1593 (anonymo)
669 1537 955 1590 parochorum
978 1538 1274 1590 parisiensium
1303 1538 1415 1579 hanc
1437 1538 1830 1592 presbyterianismi
1851 1539 1954 1580 hae-

216 1609 345 1650 resim
360 1614 503 1650 tuente
527 1609 588 1665 (in
607 1609 676 1649 lib.
691 1608 746 1649 Le
761 1608 1029 1660 temoignage
1052 1608 1103 1649 de
1130 1609 1171 1649 la
1185 1607 1345 1665 Verite)
1362 1608 1539 1661 proferri
1554 1614 1795 1661 potuerunt,
1810 1610 1853 1649 in
1867 1610 1958 1662 qui-

217 1679 297 1720 bus
319 1680 555 1733 presbyteri
578 1679 739 1732 aliquot
752 1679 1091 1731 subscripserint,
1115 1683 1157 1720 et
1179 1680 1345 1720 circiter
1370 1680 1524 1731 viginti,
1548 1679 1699 1732 quibus
1722 1692 1773 1721 ex
1797 1681 1960 1733 episco-

218 1765 370 1805 porum
392 1753 563 1793 licentia
584 1752 882 1793 interfuerintss
933 1750 990 1795 Cf,
1014 1750 1223 1792 Stimmen
1250 1764 1326 1792 aus
1349 1751 1483 1792 Maria
1505 1751 1647 1791 Laach
1670 1751 1707 1790 X
1729 1748 1885 1795 nx126
1908 1764 1961 1791 ss.

339 1845 433 1878 260.
477 1835 750 1878 Declaratio
782 1848 828 1889 p.
863 1835 955 1877 III.
1010 1837 1203 1881 »001101111
1231 1838 1400 1883 nomine,
1433 1838 1562 1886 inquit
1592 1837 1961 1883 Bellarminus,

216 1897 320 1934 idem
344 1897 591 1946 significatur
612 1897 652 1933 in
674 1897 855 1940 Ecclesia,
880 1896 986 1944 quod
1008 1897 1170 1933 nomine
1193 1897 1441 1934 comitiorum
1464 1897 1505 1934 in
1527 1897 1668 1947 regnis.
1701 1896 1803 1933 Nam
1824 1908 1960 1945 quem-

217 1956 438 1994 admodum.
472 1968 562 1993 cum
584 1957 712 1993 oritur
735 1956 1002 1992 controversia
1037 1955 1077 1991 in
1109 1956 1322 2006 republica,
1355 1956 1596 1993 conveniunt
1624 1956 1665 1992 in
1698 1968 1823 1992 unum
1852 1955 1960 2003 prin-

217 2015 321 2064 cipes
344 2016 456 2064 regni
477 2015 542 2052 vel
564 2015 830 2064 magistratus,
864 2017 902 2051 et
925 2016 1112 2051 statuunt
1146 2015 1242 2062 quid
1273 2027 1370 2063 opus
1403 2015 1466 2061 sit,
1501 2015 1556 2052 ita
1587 2015 1628 2052 in
1660 2014 1841 2059 Ecclesia,
1874 2026 1962 2051 cum

217 2074 344 2111 oritur
366 2074 630 2111 controversia
651 2074 785 2122 aliqua
807 2074 853 2110 de
875 2073 1078 2123 religione,
1103 2074 1342 2111 conveniunt
1362 2074 1562 2123 praesules
1585 2074 1776 2111 Ecclesiae
1790 2075 1829 2110 et
1843 2073 1963 2110 simul

217 2133 371 2171 collatis
394 2134 604 2170 sententiis
628 2134 812 2170 statuunt
834 2132 937 2180 quod
961 2132 1122 2169 videtur
1142 2131 1213 2185 1).‘²<
1257 2133 1388 2170 Missis
1410 2133 1470 2179 iis,
1507 2145 1604 2181 quae
1637 2132 1683 2170 de
1715 2132 1890 2169 conciliis
1920 2132 1961 2168 in

217 2204 359 2241 genere
382 2192 578 2241 disputari
601 2192 739 2236 solent,
776 2194 933 2228 tantum
955 2191 1001 2228 de
1034 2192 1212 2229 conciliis
1242 2192 1590 2229 oecumenicis
1621 2191 1809 2240 quaedam
1841 2191 1960 2228 adno-

218 2251 401 2297 tabimus,
437 2263 524 2288 cum
550 2264 594 2288 ea
616 2251 742 2288 solum
764 2250 1066 2287 infallibilitatis
1100 2252 1373 2301 praerogativa
1402 2251 1606 2288 fruantur:
1639 2252 1733 2287 sunt
1765 2250 1868 2287 enim
1901 2262 1961 2287 so-

218 2310 366 2347 lemnes
387 2310 586 2347 Ecclesiae
610 2309 784 2347 docentis
809 2310 855 2346 ad
878 2309 1082 2346 tractanda
1116 2310 1274 2359 negotia
1303 2310 1493 2359 gravioris
1525 2309 1715 2347 momenti
1745 2311 1961 2346 conventus

221 2381 291 2406 5011
312 2370 420 2406 1111115
440 2368 614 2417 juridica
636 2368 954 2417 repraesentatio.
991 2369 1086 2405 Cum
1113 2373 1243 2406 autem
1269 2369 1431 2406 concilia
1454 2369 1639 2406 dicuntur
1660 2368 1850 2406 Ecclesiae
1872 2367 1961 2405 uni-

362 2525 388 2569 1)
406 2523 459 2558 De
479 2534 577 2558 conc.
596 2525 620 2564 I,
640 2527 661 2559 3
680 2525 746 2558 col.
768 2524 809 2563 ll,
829 2527 861 2557 2.
897 2524 1062 2568 Suspecti
1093 2525 1138 2558 de
1165 2525 1350 2558 erroribus
1369 2525 1520 2559 Wicleff
1544 2527 1580 2558 et
1597 2525 1692 2558 Huss
1720 2535 1762 2558 ex
1781 2523 1955 2557 mandato

217 2577 285 2611 Ma
297 2578 422 2611 rtini
450 2577 493 2613 V.
522 2577 779 2622 interrogandi
804 2577 908 2612 sunt:
947 2577 1101 2615 „Utrum
1122 2577 1255 2618 credat,
1279 2579 1404 2612 teneat
1422 2580 1459 2612 et
1477 2580 1627 2619 asserat,
1647 2578 1745 2622 quod
1763 2576 1955 2621 quodlibet

216 2630 412 2664 concilium
430 2630 601 2675 generale
620 2632 657 2664 et
675 2630 787 2664 etiam
806 2630 1081 2665 constantiense
1099 2630 1345 2665 universalem
1364 2631 1563 2666 Ecclesiam
1581 2632 1866 2675 repraesentet<
1903 2629 1955 2663 Cf.

220 2683 250 2716 H
263 2682 457 2717 einrich
484 2684 504 2728 ξ
536 2686 621 2719 101;
646 2683 680 2717 Η
693 2682 819 2717 efele
846 2684 885 2716 in
915 2683 1049 2718 introd.
1078 2683 1124 2717 ad
1142 2683 1228 2719 hist.
1249 2684 1500 2726 conciliorum,
1531 2685 1594 2728 qui
1622 2684 1821 2728 distinguit
1849 2693 1868 2716 o
1881 2693 1897 2716 0
1910 2685 1924 2716 1
1937 2693 1956 2715 0

218 2736 455 2770 conciliorum
486 2737 636 2771 classes:
670 2738 705 2773 1.
734 2737 984 2775 oecumenica;
1015 2737 1052 2772 2.
1079 2737 1278 2781 generalia,
1306 2737 1440 2781 quibus
1467 2737 1673 2771 intererant
1705 2736 1870 2781 episcopi
1897 2735 1957 2770 vel

219 2788 378 2823 Orientis
396 2790 453 2823 vel
472 2789 701 2825 Occidentis:
729 2791 766 2825 3.
785 2789 993 2824 nationalia
1020 2799 1083 2823 seu
1111 2789 1366 2835 episcoporum
1384 2789 1494 2824 unius
1513 2789 1685 2831 nationis,
1708 2789 1825 2833 regni,
1841 2789 1954 2832 patri-

218 2843 410 2880 archatus:
428 2843 465 2878 4.
484 2843 728 2888 provincialia
743 2843 810 2877 sub
825 2843 1080 2887 metropolita;
1098 2844 1135 2878 5.
1155 2844 1321 2884 concilia,
1336 2843 1469 2888 quibus
1483 2843 1687 2877 intererant
1701 2842 1863 2887 episcopi
1876 2840 1955 2885 plu-

219 2895 314 2929 rium
332 2895 621 2939 provinciarum:
657 2898 694 2931 6.
722 2896 852 2940 synodi
880 2896 1128 2937 dioecesanae,
1157 2896 1243 2931 cleri
1269 2896 1345 2930 5011.
1373 2895 1482 2930 unius
1512 2895 1687 2930 dioecesis
1712 2895 1779 2929 sub
1805 2895 1954 2939 proprio

219 2948 410 2992 episcopo:v
430 2951 465 2984 7.
485 2949 616 2993 synodi
636 2950 845 2997 ἐνδημοῦσαι,
867 2960 961 2993 quae
977 2950 1298 2994 Constantinopoli
1323 2950 1402 2995 cogi
1418 2948 1586 2983 solebant
1614 2960 1656 2983 ex
1680 2950 1871 2994 episcopis.
1891 2948 1955 2991 qui

222 3008 300 3035 tum
319 3003 413 3036 forte
430 3002 664 3047 negotiorum
683 3013 792 3036 causa
809 3003 848 3036 in
866 3003 957 3036 urbe
970 3004 1073 3047 regia
1087 3003 1425 3041 commorabantur;
1444 3004 1482 3038 8.
1500 3003 1658 3036 concilia
1675 3002 1801 3042 mixta,
1820 3001 1953 3044 quibus

220 3055 425 3089 intererant
442 3056 556 3088 etiam
574 3065 740 3099 proceres
757 3055 862 3100 regni
881 3055 927 3089 ad
947 3054 1232 3090 consultandum
1251 3056 1295 3090 de
1315 3056 1474 3100 negotiis
1491 3056 1570 3089 tum
1592 3054 1638 3089 ad
1657 3055 1854 3088 Ecclesiam
1873 3055 1952 3087 tum

217 3108 265 3141 ad
283 3118 438 3152 regnum
456 3108 721 3151 spectantibus.
