2175 3382
997 86 1131 131 Vulgat
1138 98 1179 121 ae
1870 94 1948 136 197

215 207 315 257 titur
347 217 397 246 ex
429 211 633 258 perpetua
657 205 990 246 assistentia
1013 204 1193 257 Spiritus
1215 219 1246 246 s.
1270 206 1484 247 Ecclesiae
1506 208 1547 248 in
1571 208 1764 250 docendo
1788 214 1830 250 et
1851 221 1950 261 pro-

215 276 414 329 ponendo
437 276 567 317 verbo
590 275 667 317 Dei
688 276 909 328 promissa.
953 275 1098 329 Neque
1130 276 1241 316 enim
1265 275 1444 329 Spiritus
1476 291 1506 317 s.
1539 279 1781 330 permittere
1803 280 1950 332 potuit,

214 352 260 388 ut
281 347 468 388 Ecclesia
498 359 573 399 per
603 358 756 388 novem
780 346 924 387 secula
946 350 1135 387 uteretur
1155 346 1286 388 verbo
1309 347 1510 397 humano,
1542 348 1627 389 imo
1660 361 1840 391 erroneo
1872 362 1949 402 pro

215 418 369 467 divino,
401 418 515 471 quod
547 418 802 470 contigisset,
834 417 869 458 si
891 416 1072 468 Vulgata
1102 417 1249 458 fuisset
1276 430 1301 459 a
1328 422 1445 459 textu
1467 419 1659 471 originali
1683 419 1887 461 difformis
1909 422 1950 475 ¹).

338 503 431 545 179.
456 500 588 541 Porro
603 499 799 541 editionis
822 511 898 540 seu
919 500 1127 540 versionis
1141 501 1332 554 <culyatae
1346 501 1519 542 nomine
1534 501 1799 553 intelligimus
1823 503 1949 550 illam,

216 583 325 624 quae
358 571 499 624 quoad
530 571 754 623 plerosque
785 569 916 611 libros
939 570 986 610 V.
1009 570 1053 613 T.
1085 583 1111 611 a
1137 584 1169 611 s.
1193 570 1449 624 Hieronymo
1483 571 1536 612 ad
1569 577 1706 612 textus
1740 573 1949 624 orignales

216 642 427 683 adornata
458 641 555 690 fuit;
586 641 716 682 libros
739 640 784 685 N.
809 641 852 684 T.
877 646 919 682 et
939 641 1187 694 psalterium
1214 642 1509 694 complectitur
1531 642 1764 683 secundum
1788 644 1949 684 versio-

217 724 315 753 nem
338 713 520 768 (italam)
543 717 735 764 tempore
759 725 788 752 s.
812 712 998 753 doctoris
1015 712 1106 764 J'am
1129 711 1375 761 adhibitam,
1398 713 1472 754 sed
1495 713 1548 753 ab
1573 712 1724 754 eodem
1747 714 1949 755 emenda-

216 788 325 831 tam3
356 783 395 826 ll.
418 783 600 836 denique
624 780 878 835 Sapientiae,
910 782 1207 832 Ecclesiastici,
1229 782 1397 823 Baruch
1419 788 1459 823 et
1481 782 1841 825 Machabaeorum
1866 797 1951 825 non

217 866 269 895 ex
301 854 430 906 ipsius
461 854 669 902 versione,
710 853 784 894 sed
826 865 876 894 ex
917 854 1264 906 interpretatione
1297 854 1470 906 antiqua
1502 866 1728 907 anonyma.
1772 854 1951 906 Quando

217 929 360 966 autem
392 925 575 977 primum
607 924 663 965 illi
692 936 849 965 nomen
880 924 1138 977 vulgatae
1171 928 1270 978 (quo
1304 924 1402 965 olim
1424 925 1564 966 versio
1587 923 1864 978 Septuaginta
1887 926 1951 966 vel

216 995 406 1048 ejusdem
439 996 613 1048 antiqua
644 995 783 1036 versio
806 995 937 1036 latina
960 994 1278 1050 designabatur)
1301 995 1497 1043 haeserit,
1530 999 1593 1036 est
1625 996 1747 1037 valde
1780 1000 1950 1037 contro-

215 1078 385 1107 versum
402 1068 455 1122 2);
487 1066 670 1118 primum
701 1071 921 1118 comparet
956 1070 1001 1106 ut
1031 1067 1250 1118 proprium
1282 1066 1325 1107 in
1356 1066 1611 1108 editionibus
1643 1080 1674 1107 s.
1708 1065 1949 1119 Scripturae

216 1149 298 1180 sec,
312 1136 431 1185 XVI„
454 1142 495 1177 et
516 1136 686 1178 decreto
710 1149 828 1181 conc,
853 1137 1068 1178 tridentini
1082 1137 1210 1178 veluti
1224 1138 1434 1178 sancitum
1448 1137 1533 1179 fuit.
1557 1137 1652 1179 Jam
1668 1150 1769 1178 vero
1785 1138 1884 1190 quid
1900 1138 1950 1178 de

218 1207 342 1260 hujus
356 1207 563 1248 versionis
579 1208 799 1249 authentia
813 1208 865 1248 sit
884 1208 1127 1257 tenendum,
1150 1209 1310 1261 aliquot
1324 1208 1682 1261 propositionibus
1699 1208 1948 1260 aperiemus.

333 1292 615 1347 Propositio
637 1291 677 1334 I.
733 1290 932 1345 Vulvqatae
955 1291 1171 1332 authentia
1193 1305 1274 1331 ‘non
1294 1292 1379 1345 fuit
1400 1291 1614 1332 declarata
1638 1296 1872 1346 comparate
1896 1291 1951 1332 (αἱ

216 1366 349 1403 textus
371 1363 609 1416 ονιῖφῖηαῖεδ,
632 1362 691 1402 uti
715 1361 843 1402 modo
867 1367 1107 1414 supersunt,
1130 1363 1200 1403 sed
1221 1367 1458 1415 comparate
1481 1363 1536 1403 ad
1561 1363 1759 1403 versiones
1780 1362 1950 1415 latinas,

217 1445 326 1485 quae
351 1445 400 1473 eo
424 1438 616 1485 tempore
640 1431 1057 1482 circumferebantur,
1079 1439 1125 1474 ut
1146 1438 1264 1485 patet
1285 1445 1336 1474 ex
1358 1434 1461 1485 ipsis
1484 1433 1642 1474 decreti
1663 1432 1814 1481 verbis,
1839 1432 1951 1486 quod

216 1504 276 1544 ita
308 1503 438 1545 habet
473 1505 591 1559 (sess,
614 1504 691 1560 4.):
730 1504 933 1556 „Insuper
964 1504 1115 1545 eadem
1147 1509 1423 1545 sacrosancta
1455 1504 1642 1557 synodus
1676 1504 1951 1545 considerans

217 1587 304 1616 non
326 1588 477 1627 parum
500 1575 689 1616 utilitatis
712 1575 918 1616 accedere
933 1587 1058 1627 posse
1072 1575 1286 1616 Ecclesiae
1301 1575 1387 1624 Dei,
1411 1576 1445 1616 si
1467 1587 1518 1616 ex
1541 1575 1737 1616 omnibus
1759 1575 1950 1624 latinis

218 1645 485 1695 editionibus,
518 1658 627 1698 quae
650 1646 1013 1694 circumferuntur,
1047 1658 1268 1688 sacrorum
1290 1646 1507 1697 librorum,
1541 1658 1752 1698 quaenam
1775 1658 1851 1698 pro
1876 1658 1950 1686 au-

217 1716 405 1757 thentica
418 1716 618 1758 habenda
636 1717 700 1765 sit,
724 1717 982 1757 innotescat:
1005 1717 1151 1758 statuit
1173 1722 1214 1758 et
1236 1717 1435 1766 declarat,
1458 1722 1504 1758 ut
1526 1717 1632 1757 haec
1654 1717 1747 1769 ipsa
1768 1721 1888 1757 vetus
1912 1721 1952 1757 et

217 1787 387 1838 vulgata
409 1787 548 1835 editio,
572 1799 681 1840 quae
703 1788 830 1840 longo
853 1792 916 1829 tot
937 1788 1180 1829 seculorum
1202 1802 1280 1829 usu
1304 1789 1346 1828 in
1368 1788 1462 1841 ipsa
1475 1787 1663 1829 Ecclesia
1678 1787 1859 1840 probata
1877 1793 1951 1835 est,

215 1858 260 1898 in
272 1844 450 1910 publicis
463 1857 726 1904 lectionibus,
750 1859 1117 1911 disputationibus,
1140 1859 1530 1911 praedicationibus
1554 1863 1595 1900 et
1617 1857 1952 1910 expositionibus

217 1941 293 1981 pro
318 1929 562 1970 authentica
584 1929 802 1977 habeatur,
826 1934 871 1970 ut
893 1941 1019 1970 nemo
1042 1929 1158 1970 illam
1180 1929 1354 1982 rejicere
1383 1930 1531 1982 quovis
1554 1932 1776 1982 praetextu
1798 1927 1954 1968 audeat

216 1999 282 2040 vel
304 2005 584 2052 praesumat.“
613 1999 720 2052 Ergo
744 2000 825 2040 hoc
848 1999 1019 2041 decreto
1043 2001 1174 2041 textui
1197 2000 1462 2052 originali
1483 1999 1684 2041 hebraico
1710 1999 1776 2040 vel
1798 2010 1952 2050 graeco

217 2070 437 2111 authentia
459 2070 628 2112 sublata
650 2083 737 2111 non
760 2075 834 2120 est,
865 2070 940 2111 sed
972 2083 1022 2112 ea
1054 2076 1200 2112 manet
1230 2072 1336 2121 talis,
1368 2071 1503 2124 qualis
1535 2070 1610 2111 fuit
1637 2074 1783 2117 antea;
1814 2080 1952 2122 neque

217 2154 407 2194 unquam
430 2141 668 2194 prohibitus
690 2140 765 2182 fuit
791 2141 900 2182 illius
930 2154 1032 2182 usus
1063 2142 1335 2193 privatus,
1368 2142 1438 2194 qui
1469 2141 1523 2181 ad
1555 2140 1762 2181 versionis
1796 2141 1880 2180 vim
1913 2145 1954 2180 et

217 2224 391 2253 sensum
414 2212 727 2265 assequendum
751 2217 815 2253 est
836 2212 1068 2253 admodum
1090 2212 1211 2253 utilis.

342 2304 433 2338 130.
458 2295 707 2339 Scholion.
743 2297 847 2342 Quid
870 2310 961 2347 ergo
984 2298 1030 2335 de
1052 2298 1194 2334 horum
1216 2298 1418 2335 authentia
1440 2298 1677 2336 dicendum?
1709 2297 1853 2334 'sextus
1876 2296 1952 2332 lie-

214 2357 425 2394 braicus
448 2369 573 2406 usque
595 2358 643 2394 ad
666 2357 862 2395 Christum
886 2361 990 2394 certe
1013 2359 1095 2394 erat
1126 2357 1398 2403 authenticus;
1430 2369 1518 2394 cum
1540 2358 1670 2394 autem
1703 2356 1749 2393 ab
1780 2367 1823 2392 eo
1854 2357 1952 2392 tem-

216 2428 309 2464 pore
329 2416 501 2454 Ecclesia
535 2417 604 2454 illo
636 2416 805 2465 amplius
836 2428 915 2453 non
945 2416 997 2453 sit
1027 2428 1108 2461 usa,
1141 2428 1307 2464 cumque
1337 2428 1407 2464 pro
1439 2416 1642 2453 authentia
1672 2414 1954 2452 conformitatis

217 2475 405 2520 codicum,
433 2487 530 2524 quos
552 2476 668 2513 modo
690 2475 946 2524 possidemus,
971 2487 1058 2512 cum
1082 2475 1278 2512 codicibus
1302 2475 1561 2525 originalibus
1582 2474 1741 2512 formale
1773 2476 1812 2510 et
1834 2472 1952 2510 diser-

215 2536 301 2571 tum
323 2547 401 2572 non
422 2534 635 2572 habeamus
649 2534 844 2571 Ecclesiae
867 2533 1154 2578 testimonium,
1179 2534 1421 2571 authentiam
1439 2533 1690 2572 scientificam
1704 2535 1743 2570 et
1757 2532 1950 2580 privatam

215 2594 346 2630 textus
367 2593 433 2631 ille
455 2593 598 2631 habere
619 2596 760 2642 potest,
783 2605 863 2630 non
883 2605 976 2630 vero
997 2593 1271 2641 publicam.
1303 2593 1483 2631 Ceterum
1504 2593 1673 2642 practice
1687 2591 1858 2629 Ecclesia
1872 2603 1953 2627 eam

217 2663 290 2689 sec.
314 2652 412 2689 XVI.
437 2653 655 2701 supposuit,
689 2665 778 2689 nam
811 2653 895 2700 ejus
918 2652 1016 2688 ratio
1049 2651 1182 2689 habita
1212 2652 1292 2689 fuit
1324 2653 1365 2689 in
1397 2652 1632 2690 correctione
1663 2651 1864 2699 Vulgatae.
1906 2649 1955 2685 Et

360 2787 385 2828 ¹)
406 2783 735 2818 CfiFrauzeliu
759 2783 812 2816 th.
845 2786 903 2821 1&
932 2782 1266 2817 Bellarminus
1294 2783 1338 2816 de
1364 2783 1474 2817 verbo
1502 2782 1568 2817 Dei
1596 2782 1620 2816 l.
1640 2785 1660 2816 2
1680 2792 1708 2815 e.
1732 2784 1772 2815 10
1791 2792 1854 2818 ss.;
1881 2780 1952 2812 Be-

218 2847 368 2872 canus
396 2837 441 2871 de
457 2838 517 2872 tit.
537 2837 669 2873 calvin.
688 2839 747 2873 tit.
770 2843 784 2872 1
806 2850 840 2882 q.
861 2838 1142 2875 52Pe1·i·one
1161 2849 1189 2872 c.
1208 2841 1231 2871 4
1247 2849 1352 2882 prop.
1376 2841 1412 2876 1:
1443 2837 1686 2872 Scheeben
1713 2838 1809 2874 §⁶20:
1841 2836 1953 2868 Maz-

218 2902 235 2924 Ζ
248 2890 346 2925 ella
365 2892 410 2924 de
426 2891 510 2925 virt.
530 2891 662 2925 infusis
679 2891 773 2935 disp.
793 2895 815 2925 4
834 2902 864 2927 a.
885 2894 916 2925 6.

360 2944 386 2988 2)
404 2943 512 2978 Forte
532 2955 598 2989 per
615 2945 709 2989 Rog.
727 2944 817 2977 Bac
831 2953 962 2978 onem
990 2946 1021 2990 (t
1039 2945 1152 2987 1294).
1190 2944 1243 2978 Cf.
1260 2943 1390 2977 histor.
1409 2942 1483 2988 pol.
1503 2942 1644 2976 Blatter
1664 2942 1762 2975 1894.
1782 2940 1824 2981 H,
1845 2943 1886 2973 31
1909 2950 1951 2972 ss.

217 2995 407 3029 occasione
425 2996 646 3030 recensionis
664 3007 720 3041 op.
741 2996 939 3030 admodum
959 2996 1057 3029 docti
1086 2995 1265 3042 Berger
1291 2995 1450 3029 Histoire
1478 2995 1520 3029 de
1548 2994 1582 3028 la
1604 2994 1762 3037 Vulgate
1789 2992 1953 3036 pendant

217 3048 270 3083 les
287 3049 463 3093 premiers
483 3049 609 3083 siecles
628 3050 675 3084 du
690 3052 919 3094 moyen-fige,
939 3049 1040 3083 Paris
1060 3051 1162 3083 1893.
