2175 3382
744 97 938 133 traditioni
955 99 1130 141 antiquae
1147 98 1354 142 respondet.
1835 101 1911 143 191

187 218 292 258 sicut
315 228 417 269 prae
440 221 649 257 vetustate
674 217 793 257 initio
817 217 939 269 periit
961 221 1050 257 tota
1073 216 1158 257 sere
1182 215 1370 265 Genesis,
1402 218 1459 257 ita
1483 218 1523 257 in
1547 218 1627 258 tine
1650 217 1802 258 desunt
1823 216 1918 257 libri

185 287 577 343 machabaeorum),
621 287 1078 331 clarmnstntanus
1123 288 1221 342 (sec.
1258 286 1357 339 VI.),
1400 288 1617 328 sinaiticus
1651 287 1916 327 Tischen-

186 358 352 400 dort'ii
374 369 454 399 sec.
477 356 541 397 IV.
566 362 607 398 et
628 357 706 405 ille,
730 357 849 410 cujus
867 357 955 409 J‘am
980 357 1172 397 meminit
1195 355 1590 398 Cassiodorius
1613 357 1634 397 l.
1659 369 1691 397 c.
1716 369 1748 397 c.
1776 360 1828 401 12
1850 370 1916 405 ss,

185 435 226 471 et
257 429 555 470 amiatinus
587 440 670 469 sec.
704 427 786 471 VII.
819 428 885 469 vel
915 427 1014 468 VIII.
1057 427 1205 468 Libros
1240 439 1338 468 vero
1372 428 1781 469 deuterocanonicos
1803 426 1850 468 N.
1872 427 1917 467 T.

185 511 332 541 omnes
356 511 451 539 cum
474 499 818 550 protocanonicis
836 499 926 551 jam
949 503 1173 539 recensent
1196 496 1461 555 Origenes
1485 498 1596 538 hom.
1622 502 1642 541 7
1669 498 1711 538 in
1732 497 1816 540 Jos.
1840 498 1916 539 col.

184 571 295 613 hom.
323 573 373 614 13
396 570 439 609 in
462 567 563 609 Gen.
587 581 625 610 n.
649 572 687 617 2,
710 568 1048 613 Athanasius
1070 568 1113 608 in
1137 580 1198 620 ep.
1222 568 1371 610 festali.
1396 572 1545 609 auctor
1567 569 1762 620 synopsis
1786 568 1917 609 Atha-

184 642 304 682 nasio
328 640 586 692 adscriptae3
618 638 849 679 Rufinus
871 638 923 679 de
947 638 1080 691 symb.
1104 651 1142 679 n.
1166 642 1234 687 37,
1265 638 1630 691 Hieronymus
1653 650 1715 690 ep.
1740 642 1794 683 53
1817 652 1856 679 n.
1881 643 1917 683 S.

185 712 384 753 Leontius
408 710 458 751 de
479 710 607 750 sectis
631 722 667 750 a.
684 711 722 758 2,
744 710 931 762 typicum
955 722 985 750 s.
1009 708 1112 750 Sab
1127 721 1187 750 ae
1211 721 1244 749 c.
1269 712 1294 751 2
1319 714 1358 750 et
1374 712 1448 753 56:
1473 721 1623 750 omnes
1646 709 1804 749 omissa
1827 709 1918 750 sola

186 778 430 835 apocalypsi
453 781 522 837 (de
546 793 630 834 qua
651 780 777 835 infra)
801 786 1026 822 recensent
1048 778 1350 832 Gregorius
1372 792 1463 822 naz,
1488 792 1615 820 carm.
1643 782 1707 825 12,
1739 778 1917 833 Cyril-

185 854 265 894 lus
298 854 450 895 hieros.
475 857 555 894 cat,
577 852 631 893 IV
654 866 692 893 n.
716 856 771 896 33
795 866 860 893 ss..
894 864 1011 895 conc.
1034 851 1301 897 laodicenum
1326 863 1417 892 can.
1441 854 1497 895 60
1520 856 1560 892 et
1583 863 1673 891 can.
1698 854 1764 895 85.
1789 862 1919 902 apo-

185 925 464 966 stolorum.

303 996 344 1040 3.
372 994 547 1036 Accedit
578 994 789 1035 citandi
812 1007 924 1035 usus.
956 993 1066 1034 Nam
1090 994 1218 1034 etiam
1240 993 1278 1033 ll.
1303 992 1678 1034 deuterocanonici
1701 1003 1795 1032 cum
1820 1004 1919 1043 pro-

189 1066 451 1108 tocanonicis
474 1066 657 1106 citantur
678 1065 756 1106 sub
780 1064 980 1106 formula:
1013 1066 1209 1118 scriptum
1244 1068 1313 1116 est,
1345 1064 1584 1117 Scriptura,
1616 1063 1832 1116 Scriptura
1855 1075 1919 1102 sa-

185 1151 256 1179 cra
279 1137 344 1178 vel
366 1137 520 1187 divina,
558 1136 743 1190 Spiritus
774 1150 802 1176 s.
829 1137 871 1175 in
894 1135 1116 1189 Scriptura
1139 1135 1238 1175 dicit
1261 1139 1350 1183 etc„
1385 1139 1426 1174 et
1453 1134 1622 1187 quidem
1644 1134 1688 1174 in
1711 1133 1918 1173 contexti-

186 1208 276 1256 bus,
308 1207 380 1249 ubi
411 1208 548 1260 agitur
578 1207 629 1248 de
661 1206 928 1248 instituendis
950 1206 1117 1258 publice
1139 1205 1333 1246 fidelibus
1364 1205 1407 1245 in
1439 1205 1633 1245 doctrina
1657 1203 1810 1245 Christi
1832 1203 1919 1244 sive

186 1279 429 1327 theoretica,
453 1278 542 1319 sive
564 1278 763 1330 practica.
807 1276 1019 1318 Affirmari
1041 1282 1185 1318 autem
1207 1280 1297 1317 tuto
1321 1280 1472 1328 potest,
1497 1287 1547 1316 ex
1572 1274 1768 1316 omnibus
1790 1274 1920 1326 patri-

188 1350 278 1399 bus,
301 1362 481 1403 quorum
504 1349 645 1401 aliqua
667 1348 817 1389 saltem
841 1348 999 1400 scripta
1023 1348 1230 1400 ampliora
1252 1351 1489 1399 supersunt,
1522 1347 1650 1387 etiam
1683 1357 1733 1386 ex
1756 1345 1817 1392 iis,
1849 1345 1920 1397 qui

188 1421 373 1474 alioquin
388 1419 604 1461 dubitasse
619 1419 797 1460 subinde
820 1419 1025 1460 videntur,
1049 1418 1210 1459 nullum
1233 1429 1337 1466 esse,
1363 1418 1432 1469 qui
1454 1417 1586 1457 libros
1609 1417 1919 1457 deuterocano-

185 1492 303 1533 nicos
338 1495 557 1543 tamquam
592 1489 832 1543 Scripturas
867 1502 1013 1530 sacras
1048 1501 1135 1530 non
1168 1488 1457 1540 usurpaverit:
1501 1487 1614 1539 quod
1649 1485 1919 1527 citationibus

187 1563 394 1616 stupenda
428 1562 654 1603 sedulitate
689 1561 874 1602 collectis
910 1561 1176 1602 demonstrat
1209 1559 1242 1601 J.
1280 1559 1642 1600 Blanchinius
1677 1570 1741 1610 op.
1778 1557 1843 1597 cit.
1880 1562 1921 1597 et

187 1634 450 1675 Vincenzi
478 1634 520 1674 in
543 1645 645 1676 sess,
668 1637 695 1676 4
719 1645 837 1674 conc.
861 1632 952 1673 trid.
977 1632 1200 1673 vindicata.
1244 1629 1405 1671 Sufficit
1426 1641 1662 1682 provocare
1685 1629 1739 1669 ad
1762 1629 1920 1680 episto-

186 1704 269 1745 lam
293 1704 474 1756 primam
496 1717 526 1744 s.
550 1702 848 1744 Clementis
880 1715 999 1750 rom,
1033 1714 1138 1754 opus
1162 1701 1348 1754 alioquin
1371 1712 1458 1741 non
1481 1700 1680 1752 amplum,
1703 1699 1777 1740 sed
1798 1703 1919 1739 vetu-

189 1780 296 1816 state
329 1775 604 1827 conspicuum
637 1779 783 1826 utpote
815 1776 896 1817 sec,
928 1774 1064 1825 primi,
1099 1773 1141 1812 in
1177 1784 1260 1825 qua
1296 1784 1392 1812 cum
1426 1771 1542 1811 libris
1576 1769 1920 1823 protocanonicis
1940 1793 1974 1832 Δ
1995 1767 2125 1823 ,μμ

188 1847 427 1899 promiscue
451 1849 473 1889 7
508 1845 603 1885 libri
633 1844 1008 1886 deuterocanonici
1031 1844 1099 1899 (ex
1126 1843 1196 1898 14)
1229 1848 1317 1883 tam
1348 1842 1396 1884 V.
1429 1854 1556 1894 quam
1589 1840 1634 1884 N.
1662 1840 1922 1882 Testamenti
1943 1820 2175 1909 ff&

191 1918 382 1961 citantur,
433 1915 650 1969 Ejusmodi
680 1927 781 1956 vero
816 1928 938 1956 usum
970 1915 1122 1955 horum
1155 1913 1358 1953 librorum
1390 1911 1617 1966 publicum,
1658 1917 1920 1968 perpetuum.
2013 1905 2175 1978 Αἴξ,

188 1988 483 2041 universalem,
517 1991 784 2042 constantem
807 1998 894 2027 non
918 1985 1186 2027 obstantibus
1209 1983 1346 2027 dubiis
1370 1984 1540 2032 exortis,
1573 1982 1643 2035 qui
1677 1982 1758 2022 nisi
1788 1971 2175 2061 ῖΓᾶᾶί-ᾌωῖᾸ-’Μ

188 2060 302 2100 tione
334 2058 570 2111 apostolica
601 2058 816 2106 niteretur,
851 2069 976 2098 verus
1009 2060 1120 2098 esset
1153 2055 1310 2097 abusus
1344 2055 1389 2095 in
1422 2058 1487 2095 re*
1500 2054 1706 2094 momenti
1736 2052 1922 2102 maximi,
1941 2048 1989 2094 3,.
2005 2052 2175 2109 *ff

1949 2107 2037 2123 ...av-‘v‘

189 2130 343 2183 quique
366 2128 517 2179 oborta
541 2129 832 2183 contrQersia
854 2141 942 2169 non
965 2128 1102 2183 solum
1134 2127 1531 2193 nontimmjan
1543 2123 1938 2192 fflfissssfffnssffl
1967 2164 2054 2183 *M
2078 2146 2175 2173 md.

190 2205 264 2250 est,
305 2212 355 2240 ac
388 2198 562 2239 tandem
595 2200 638 2238 in
671 2172 1318 2254 uniffirsamonsensionem
1354 2181 1410 2237 e(
1431 2195 1700 2263 manifeftam
1733 2195 1922 2238 veritatis
1970 2227 1983 2259 ι
2014 2219 2175 2273 ‘Um

188 2270 548 2324 praedicationem
580 2268 713 2318 desiit,
747 2281 797 2309 ex
831 2269 1067 2321 apostolica
1099 2268 1324 2309 traditione
1356 2267 1560 2318 originem
1584 2266 1761 2306 traxisse
1785 2246 1922 2306 ffi-

189 2341 339 2383 festum
375 2344 449 2381 est.
492 2339 609 2391 Quae
644 2340 774 2382 illatio
810 2339 1086 2381 confirmatur
1120 2351 1145 2380 a
1180 2339 1416 2379 contrario:
1451 2349 1552 2377 nam
1586 2337 1729 2389 praxis
1767 2336 1924 2377 citandi

191 2411 398 2465 quosdam
428 2410 558 2451 libros
589 2415 635 2451 ut
666 2424 697 2451 s.
721 2409 889 2463 Scriptu
914 2422 1135 2476 awos
1166 2409 1354 2450 Ecclesia
1387 2421 1462 2475 pro
1495 2408 1709 2460 inspiratis
1739 2419 1827 2448 non
1850 2419 1922 2459 ag-

191 2483 339 2535 noscit,
371 2486 419 2523 ut
438 2481 630 2538 Hermae
644 2486 871 2534 pastorem,
902 2481 925 2522 l.
960 2484 985 2525 3
1017 2480 1187 2529 Esdrae,
1220 2479 1444 2520 Barnabae
1477 2478 1699 2532 epistolam
1724 2483 1813 2526 eto,
1844 2489 1922 2519 nec

192 2553 298 2594 adeo
321 2553 529 2605 frequens,
550 2564 629 2593 nec
652 2552 759 2594 adeo
783 2551 1034 2593 universalis
1056 2550 1132 2592 fuit
1154 2563 1205 2592 ac
1227 2551 1434 2604 gradatim
1458 2551 1639 2593 evanuit.

308 2623 350 2667 4.
376 2622 524 2664 Canon
546 2624 796 2664 tridentinus
812 2622 1087 2664 confirmatur
1109 2634 1321 2663 consensu
1344 2622 1550 2663 ecclesiae
1573 2633 1741 2674 quoque
1764 2631 1890 2672 grae
1904 2644 1922 2650 -

196 2706 288 2735 cae
320 2694 616 2736 schismaticae
649 2694 776 2750 (quae
808 2699 951 2735 tamen
982 2693 1153 2734 retinuit
1175 2693 1302 2734 etiam
1325 2693 1349 2733 l.
1374 2696 1399 2737 3
1423 2691 1634 2747 Machab.)
1659 2691 1922 2743 aliarumque

194 2769 404 2806 sectarum
427 2761 623 2814 Orientis,
655 2765 725 2818 qui
758 2766 800 2805 in
832 2764 1041 2817 ejusmodi
1072 2763 1372 2804 controversiis
1403 2763 1577 2803 maximi
1609 2761 1824 2802 faciendus
1849 2765 1920 2802 est.

192 2834 265 2875 Illa
286 2835 398 2875 enim
418 2834 462 2875 in
484 2835 648 2888 synodo
671 2835 1174 2888 hierosolymitana
1197 2846 1232 2874 a.
1256 2837 1367 2878 1672
1392 2833 1443 2874 de
1464 2833 1502 2876 ll.
1526 2831 1921 2873 deuterocanonicis

195 2904 243 2946 V.
257 2904 300 2945 T.
314 2905 422 2946 haec
443 2906 609 2946 statuit:
639 2905 874 2956 „Ecclesiae
898 2905 1133 2946 catholicae
1154 2904 1343 2957 regulam
1367 2908 1593 2956 sequentes
1616 2915 1646 2942 s.
1663 2900 1922 2953 Scripturam

196 2989 269 3018 eos
292 2988 440 3018 omnes
462 2976 724 3029 appellamus
745 2977 890 3026 libros,
922 2989 1028 3029 quos
1059 2989 1083 3016 a
1114 2975 1409 3017 laodicena
1441 2973 1603 3027 synodo
1628 2971 1802 3024 Cyrillus
1826 2970 1922 3026 (Lu-

196 3047 322 3103 caris)
345 3047 436 3099 ipso
461 3047 638 3100 quidem·
652 3052 906 3100 corrogante
921 3047 1125 3100 probatos
1149 3051 1343 3087 recenset
1364 3046 1414 3086 iis
1436 3045 1607 3096 insuper
1630 3041 1793 3090 additis,
1817 3053 1923 3093 quos
