2175 3382
696 137 804 171 Fides
824 136 1116 181 supernaturalis
1136 146 1278 181 semper
1297 139 1353 172 est
1371 148 1466 172 vera.
1862 143 1948 185 499

211 259 423 309 gnoscendi
453 259 664 296 humanum
697 261 736 296 et
767 259 991 296 naturalem
1023 260 1062 295 et
1092 258 1286 307 particeps
1318 259 1506 296 reddatur
1528 260 1762 308 cognitionis
1784 260 1952 308 divinae,

213 318 318 367 quod
341 330 384 355 ea
406 318 559 355 ratione
581 331 786 367 nunquam
809 317 887 361 fiet,
913 317 944 355 si
967 329 1077 354 mens
1100 317 1176 354 sibi
1199 317 1251 354 sit
1271 317 1416 354 relicta.
1452 318 1629 366 Denique
1651 329 1698 369 g.
1721 319 1816 356 fides
1838 321 1953 357 natu-

211 377 304 414 ralis
335 379 396 414 est
420 389 600 414 assensus
633 377 772 414 servi
804 377 961 413 domino
984 376 1203 419 exhibitus;
1235 376 1328 413 fides
1350 377 1674 424 supernaturalis,
1707 378 1783 414 nisi
1806 378 1953 427 gratiae

211 439 408 485 ponantur
430 436 642 480 obstacula,
676 436 771 472 fides
803 437 863 472 est
894 435 956 472 vel
988 435 1126 472 saltem
1147 435 1335 472 reddetur
1356 435 1427 471 filii
1450 437 1489 472 et
1510 436 1635 480 amici,
1660 449 1736 484 qua
1758 437 1952 486 particeps

212 496 258 532 fit
289 497 529 532 secretorum
561 494 899 542 consiliorumque
931 501 1194 542 paternorum,
1228 493 1409 530 intimam
1442 493 1518 530 init
1539 494 1842 532 familiaritatem
1866 509 1954 533 cum

212 555 303 599 Deo,
327 554 484 591 inchoat
501 554 583 602 jam
605 553 727 590 vitam
755 553 938 598 divinam,
971 565 1070 601 quae
1092 553 1250 590 demum
1272 553 1508 590 terminetur
1529 553 1570 589 in
1592 553 1742 590 visione
1764 554 1951 591 beatifica.

331 654 427 689 485.
451 644 796 688 corollarium.
834 648 950 684 Fides
971 648 1279 695 supernaturalis
1301 660 1448 696 semper
1469 658 1572 684 vera.
1599 670 1654 674 —
1679 673 1695 691 „
1709 648 1748 684 Si
1770 661 1862 698 ergo
1884 649 1951 686 ha·

212 707 319 744 bitus
343 704 462 756 (idem
486 707 640 744 dicatur
667 706 714 743 de
736 706 865 756 gratia
887 703 1048 758 actuali)
1080 706 1171 743 fidei
1194 706 1241 744 ad
1265 706 1334 743 1100
1356 706 1594 753 infunditur,
1626 708 1673 744 ut
1694 707 1808 744 homo
1829 708 1954 756 possit

209 778 280 815 per
311 768 420 803 actus
444 766 765 814 supernaturales
799 767 839 802 et
860 765 930 802 fini
953 765 1246 814 supernaturali
1268 766 1577 814 proportionatos
1599 766 1739 803 mereri
1762 778 1873 803 suam
1895 779 1952 803 sa-

210 825 347 869 lutem,
372 826 412 862 et
435 825 504 862 1100
526 824 683 862 1101111131
701 824 901 872 sequendo
917 824 1135 862 doctrinam
1149 826 1188 862 et
1202 825 1450 873 disciplinam
1464 824 1545 869 Dei,
1570 824 1708 862 debuit
1720 825 1783 862 hic
1797 825 1955 862 habitus

211 896 256 921 ex
278 886 419 921 natura
442 896 513 921 sua
543 884 696 933 alligari
727 883 775 920 ad
797 884 897 921 solas
921 884 1178 921 revelationes
1199 884 1270 921 Dei
1291 896 1411 921 veras.
1425 888 1441 906 <³
1484 884 1546 920 Ita
1568 884 1623 921 de
1645 885 1780 933 Lugo
1803 884 1904 932 disp.
1928 891 1952 924 4

213 956 241 980 s.
267 950 288 983 6
314 956 350 979 11.
375 949 450 988 863
474 944 514 980 et
537 943 792 991 Stentrup
814 943 855 979 in
877 943 1058 991 praelect.
1082 942 1129 980 de
1151 943 1227 980 fide
1249 957 1286 992 p.
1314 949 1416 983 140:
1450 943 1639 987 „Habitui
1661 956 1829 991 namque
1853 943 1954 981 divi-

212 1001 323 1039 nitus
357 1001 406 1039 ad
437 1002 604 1039 edendos
636 1004 745 1039 actus
780 1002 902 1039 statui
928 1002 1101 1039 filiorum
1125 1002 1196 1039 Dei
1218 1002 1433 1039 conformes
1456 1002 1635 1039 ordinato
1657 1003 1861 1040 essentiale
1884 1005 1953 1048 est,

211 1074 290 1098 non
322 1061 418 1098 alios
449 1073 559 1109 posse
591 1061 733 1098 habere
766 1064 876 1098 actus
905 1074 1023 1109 quam
1047 1061 1114 1109 qui
1136 1061 1348 1099 intrinseca
1370 1073 1439 1098 sua
1461 1061 1627 1098 entitate
1650 1062 1865 1098 formaliter
1886 1062 1953 1099 ho-

211 1120 358 1157 minem
388 1120 604 1168 perficiant,
639 1133 762 1168 quum
795 1132 906 1157 secus
939 1120 1135 1157 hominem
1167 1133 1245 1157 non
1277 1133 1396 1168 supra
1419 1120 1616 1169 propriam
1637 1124 1798 1157 naturae
1821 1120 1954 1158 condi-

210 1179 360 1216 tionem
382 1179 592 1224 elevarent,
618 1180 684 1216 sed
707 1179 808 1216 infra
831 1192 917 1216 eam
940 1179 1217 1227 deprimerent.
1229 1185 1246 1202 «
1291 1179 1390 1216 Hinc
1412 1179 1531 1216 infert
1557 1179 1714 1228 Lugo,
1739 1191 1951 1225 assensum,

212 1251 328 1286 quem
361 1238 449 1286 quis
473 1239 674 1276 exhiberet
697 1238 927 1276 revelationi
949 1238 1165 1287 apparenti,
1198 1251 1315 1286 quam
1337 1237 1538 1275 existimat
1559 1250 1701 1285 veram,
1734 1241 1780 1275 ut
1803 1238 1954 1276 contin-

211 1310 303 1346 gere
334 1300 466 1346 potest
496 1297 538 1334 in
569 1297 703 1346 pueris
736 1299 775 1334 et
806 1297 972 1334 rudibus
1003 1297 1253 1334 credentibus
1287 1299 1444 1345 propter
1473 1299 1684 1345 parentum
1706 1298 1767 1334 vel
1793 1297 1949 1346 parochi

212 1357 531 1405 propositionem,
557 1357 625 1405 qui
646 1358 810 1405 possunt
833 1369 917 1393 esse
940 1357 1122 1395 haeretici
1136 1357 1198 1393 vel
1220 1356 1378 1400 indocti,
1401 1369 1480 1394 non
1502 1356 1583 1393 fore
1604 1357 1951 1405 supernaturalem,

211 1427 339 1463 neque
361 1415 451 1452 fidei
473 1415 704 1453 christianae
727 1427 941 1460 assensum,
966 1415 1032 1452 sed
1055 1417 1184 1453 actum
1207 1416 1436 1453 naturalem.
1473 1415 1641 1464 Subjicit
1662 1418 1794 1453 tamen
1815 1430 1852 1455 n.
1878 1422 1925 1455 91
1944 1429 1951 1453 :

212 1474 382 1518 »Fateor
422 1475 462 1511 in
504 1475 703 1523 praedicto
735 1487 825 1512 casu
856 1474 1049 1512 rusticum
1080 1475 1222 1511 habere
1253 1475 1357 1523 piam
1389 1475 1607 1512 voluntatis
1639 1475 1883 1512 affectionem
1914 1476 1953 1512 et

212 1534 553 1582 supernaturalem
576 1534 746 1582 quidem,
771 1547 848 1582 qua
874 1534 962 1571 vult
984 1534 1140 1571 credere
1162 1534 1237 1571 fide
1272 1534 1404 1570 divina
1437 1534 1667 1583 mysterium
1691 1534 1786 1572 falso
1812 1545 1952 1583 propo-

212 1592 352 1637 situm3
386 1593 510 1630 fateor
542 1593 659 1630 etiam
690 1593 832 1630 mereri
863 1605 932 1641 per
963 1593 1072 1629 illam
1093 1593 1341 1630 voluntatem
1367 1592 1561 1638 credendi,
1595 1595 1634 1630 01
1655 1605 1811 1641 peccare
1834 1593 1951 1630 etiam

212 1651 434 1699 aliquando,
463 1652 493 1689 si
517 1665 601 1689 eam
624 1665 703 1689 non
725 1652 887 1696 habeat3
920 1665 1019 1701 nego
1041 1654 1173 1689 tamen
1195 1664 1309 1700 posse
1332 1652 1470 1689 elicere
1493 1664 1693 1689 assensum
1716 1652 1804 1690 fidei
1827 1652 1953 1689 divi-

212 1723 301 1748 nae
324 1711 425 1748 circa
446 1711 548 1748 illud
572 1711 808 1760 objectum.«
854 1711 914 1748 Ita
937 1714 976 1748 et
997 1711 1213 1759 Ripalda
1235 1711 1282 1748 de
1304 1713 1392 1748 ente
1415 1724 1570 1759 supern.
1593 1712 1627 1747 (1.
1657 1719 1701 1751 1]
1733 1724 1761 1748 s.
1788 1720 1822 1750 8.

330 1817 428 1859 486·
452 1815 621 1858 TheSiS
643 1815 912 1859 LXXXIV·
966 1829 1183 1863 Summae
1204 1829 1317 1869 fidei
1350 1829 1623 1863 certitudini
1660 1831 1702 1862 et
1733 1828 1955 1868 firmitati

214 1896 311 1922 non
337 1888 493 1929 officit,
519 1890 640 1931 quod
667 1890 991 1924 creclibilv‘tatis
1029 1889 1201 1922 motiva
1238 1889 1466 1923 moralem
1493 1891 1675 1922 tamum
1698 1889 1954 1928 praebeant

215 1949 558 1983 certitudinem.

332 2029 713 2073 Demonstratio.
758 2028 908 2069 Thesis
940 2029 1138 2069 statuitur
1169 2028 1372 2069 adversus
1404 2031 1640 2068 assertores
1667 2039 1784 2080 prop.
1812 2031 1874 2071 19.
1899 2027 1953 2068 ab

213 2099 507 2140 Innocenti
522 2111 547 2140 0
571 2098 636 2139 XI.
660 2099 912 2140 damnatae:
953 2099 1183 2150 „Voluntas
1205 2111 1292 2140 non
1313 2103 1454 2151 potest
1476 2098 1654 2147 efficere,
1687 2102 1732 2138 ut
1754 2109 1953 2138 assensus

218 2169 314 2210 fidei
336 2170 379 2210 in
401 2170 541 2222 seipso
574 2170 625 2211 sit
648 2170 783 2223 magis
807 2169 963 2220 firmus,
996 2182 1123 2223 quam
1147 2174 1362 2210 mereatur
1383 2169 1549 2222 pondus
1571 2170 1782 2209 rationum
1808 2168 1862 2209 ad
1885 2181 1954 2209 as-

216 2252 388 2281 sensum
411 2241 750 2293 impellentium.“
801 2239 920 2282 Seria
944 2245 1056 2282 esset
1077 2241 1311 2289 difficultas,
1344 2241 1379 2280 si
1411 2239 1514 2281 fides
1546 2243 1658 2280 esset
1690 2238 1848 2280 fructus
1881 2239 1954 2279 de-

215 2357 415 2392 revelantis
434 2370 448 2391 3
460 2357 538 2391 ola
556 2358 701 2392 ratione
720 2358 887 2402 cognita:
916 2359 955 2391 in
972 2357 1038 2391 illa
1056 2358 1185 2391 eadem
1202 2356 1271 2390 Dei
1289 2357 1491 2390 auctoritas
1514 2367 1535 2390 a
1557 2357 1699 2390 ratione
1725 2355 1875 2399 quidem
1895 2366 1955 2400 ap-

214 2411 409 2455 prehensa,
429 2411 490 2444 sed
510 2412 694 2454 quatenus
712 2421 755 2444 ea
779 2412 834 2444 est
861 2411 985 2455 gratia
1011 2410 1285 2455 supernaturali
1312 2409 1509 2450 illustrata,
1535 2409 1721 2449 roborata,
1741 2408 1895 2450 elevata,
1914 2411 1957 2443 ut

214 2463 350 2504 altiori,
369 2464 392 2497 i.
413 2474 442 2497 e.
463 2464 615 2498 salutari
635 2464 742 2498 inodo
761 2463 866 2497 illam
885 2463 1139 2507 apprehendat
1157 2473 1273 2507 enque
1291 2464 1481 2496 moveatur
1497 2463 1533 2496 et
1548 2462 1594 2496 ad
1609 2462 1828 2496 credendum
1841 2462 1955 2496 deter-

214 2517 386 2552 minetur.
407 2517 503 2552 Hino
521 2517 633 2550 etiam
653 2520 717 2557 est,
745 2518 788 2550 01
813 2517 852 2550 111
880 2517 949 2550 fide
977 2516 1137 2550 naturali
1164 2525 1332 2550 assensus
1360 2515 1456 2549 circa
1484 2515 1567 2549 fidei
1594 2515 1780 2560 principia
1796 2515 1820 2550 i.
1841 2526 1870 2550 e.
1889 2515 1956 2549 Dei

215 2570 476 2604 auctoritatem
496 2571 532 2603 et
550 2570 789 2603 revelationis
808 2569 946 2603 factum
965 2580 1039 2603 non
1060 2579 1101 2603 ea
1119 2569 1266 2603 fruatur
1294 2568 1480 2609 firmitate,
1509 2580 1582 2612 qua
1607 2568 1777 2612 praedita
1796 2570 1851 2602 est-
1868 2568 1956 2602 fides

216 2623 518 2667 supernaturalis,
539 2633 633 2667 quae
652 2623 798 2657 elicitur
815 2622 956 2656 viribus
973 2622 1096 2667 gratia
1120 2622 1304 2656 roboratis
1323 2621 1360 2655 et
1378 2621 1542 2662 elevatis,
1561 2621 1598 2655 et
1615 2632 1657 2655 ex
1688 2622 1738 2656 50
1757 2621 1954 2655 credulita-

214 2677 264 2711 tis
284 2676 418 2710 affectu
437 2677 483 2710 ob
500 2677 744 2711 reverentiam
763 2687 851 2721 erga
870 2688 1051 2710 summam
1069 2675 1136 2709 Dei
1164 2675 1349 2719 loquentis
1376 2676 1645 2709 auctoritatem.
1710 2688 1731 2709 x
1761 2676 1830 2709 1100
1858 2675 1956 2709 enim

217 2729 351 2763 affectu
369 2729 480 2764 homo
498 2731 620 2764 10111111
639 2741 675 2764 30
695 2730 848 2775 subjicit
867 2729 1014 2763 divinae
1033 2729 1246 2763 auctoritati
1273 2729 1504 2773 imperatque
1523 2729 1741 2769 intellectui,
1771 2730 1813 2762 ut
1832 2728 1956 2761 eliciat

216 2793 405 2816 assensum
425 2794 535 2827 super
553 2783 677 2817 omnia
695 2784 842 2817 firmum
869 2794 943 2817 non
969 2783 1086 2816 solum
1115 2782 1210 2815 circa
1235 2782 1432 2816 veritatem
1459 2783 1671 2823 revelatam,
1698 2792 1825 2816 verum
1843 2780 1955 2814 etiam

219 2837 345 2870 eadem
362 2835 573 2870 intensione
591 2837 628 2870 et
646 2837 821 2870 firmitate
840 2836 878 2870 in
896 2835 1130 2870 revelationis
1147 2835 1287 2869 factum
1315 2835 1353 2869 et
1369 2835 1435 2869 Dei
1452 2835 1654 2869 revelantis
1684 2834 1955 2874 auctoritatem,

217 2899 311 2932 quae
329 2889 557 2923 assentiendi
574 2890 670 2924 ratio
688 2900 762 2923 non
781 2890 926 2924 videtur
952 2888 1102 2933 propria
1128 2889 1211 2922 fidei
1237 2889 1432 2923 naturalis.
1468 2888 1521 2922 Cf.
1541 2901 1576 2923 11.
1590 2891 1679 2927 486;
1710 2888 1732 2922 S
1745 2889 1796 2921 011
1809 2898 1826 2921 0
1838 2898 1855 2920 0
1868 2887 1920 2920 be
1932 2898 1955 2919 n

219 2943 241 2977 ].
264 2946 278 2975 1
300 2954 336 2975 11.
354 2943 434 2977 782.
455 2943 524 2976 786
543 2941 621 2977 etl.
642 2945 663 2977 3
682 2955 715 2977 n.
735 2944 817 2979 736.
836 2943 975 2976 Tuetur
992 2944 1117 2976 tamen
1135 2941 1188 2976 de
1207 2942 1335 2986 Lugo
1355 2942 1449 2986 disp.
1472 2945 1513 2976 13
1533 2943 1619 2976 sect.
1640 2944 1655 2974 1
1677 2953 1712 2974 n.
1736 2945 1786 2981 ll,
1805 2939 1954 2973 modum

217 2994 325 3028 illum
344 2994 514 3028 credendi
532 2996 683 3040 propter
702 2995 868 3030 divinum
886 2995 1142 3029 testimonium
1162 2996 1199 3028 et
1225 2995 1388 3029 sistendo
1415 2995 1549 3029 ultimo
1580 2995 1618 3028 in
1636 2995 1716 3038 ipso
1735 3004 1882 3027 assensu
1899 2992 1955 3026 fir-

219 3047 382 3081 missimo
401 3049 440 3081 et
457 3057 567 3092 super
585 3049 709 3082 omnia
726 3059 800 3083 non
821 3058 994 3093 superare
1012 3048 1163 3082 naturae
1181 3048 1278 3082 vires
1295 3047 1360 3089 ita,
1389 3050 1430 3081 111
1458 3058 1531 3081 non
1549 3047 1668 3092 possit
1686 3047 1797 3080 etiam
1817 3046 1957 3080 lumine

217 3101 374 3135 rationis
393 3102 556 3146 agnosci.

1671 3160 1730 3192 32·
