2175 3382
868 101 1051 136 Ecclesiae
1069 102 1291 146 perennitas,
1862 101 1948 144 219

326 224 371 266 6.
395 225 575 264 Succedit
596 225 841 262 luculentum
864 225 1023 273 patrum
1044 223 1284 272 suffragium.
1307 223 1445 260 Paucis
1468 222 1614 259 erimns
1629 221 1813 259 contenti.
1835 221 1895 258 Ita
1917 233 1947 259 5.

208 285 551 339 Hieronymus
573 296 688 322 suum
709 283 750 320 in
766 284 882 321 Amos
903 282 1224 320 commentarium
1247 281 1438 319 absolvit:
1464 281 1545 325 »Ex
1570 294 1646 329 quo
1668 280 1942 329 intelligimus,

206 344 416 382 Ecclesiam
437 355 564 392 usque
586 342 634 380 ad
656 342 770 379 finem
794 341 931 379 mundi
953 341 1108 378 concuti
1132 340 1292 388 quidem
1314 340 1665 388 persecutionibus,
1700 339 1766 376 sed
1795 351 1943 387 nequa-

209 416 325 452 quam
356 414 471 451 posse
503 401 700 440 subverti:
732 400 888 445 tentari,
921 412 1000 437 non
1022 399 1221 447 superari;
1251 401 1291 436 et
1314 399 1383 436 hoc
1405 399 1481 443 fiet,
1515 398 1606 446 quia
1628 398 1818 435 Dominus
1843 397 1946 434 Deus

208 461 454 510 omnipotens
475 462 555 499 sive
578 461 681 498 Deus
704 460 789 509 ejus
811 460 835 496 i.
859 472 890 496 e.
913 459 1103 496 Ecclesiae
1126 470 1166 495 se
1188 457 1383 494 facturum
1406 469 1490 494 esse
1513 457 1714 505 pollicitus
1738 460 1806 501 est,
1830 457 1945 501 cuius

209 520 414 570 promissio
436 521 497 558 lex
518 522 683 557 naturae
704 521 801 556 ese«
827 518 862 555 S.
885 517 1214 568 AllgEQQS
1235 528 1326 553 vero
1350 516 1391 553 in
1406 517 1466 553 Ps.
1488 522 1565 556 103
1591 528 1620 552 5.
1639 522 1659 554 2
1685 528 1722 552 n.
1741 523 1760 555 5
1788 515 1944 552 scribit:

207 580 324 629 „Non
345 579 593 617 inclinabitur
614 579 655 615 in
676 578 842 615 seculum
865 577 1199 614 seczcli.Fut1dacit
1221 580 1366 612 terram
1388 587 1504 623 super
1525 576 1740 623 firmitatem
1765 575 1845 621 ejus
1869 574 1892 611 i.
1912 587 1946 611 e.

207 638 381 676 firmavit
402 638 612 675 Ecclesiam
634 650 706 685 sup
718 649 751 673 -r
772 636 1074 673 fundamentum
1097 634 1250 675 Christi,
1293 634 1460 671 Nutabit
1484 634 1661 677 Ecclesia,
1689 634 1721 670 si
1741 633 1941 670 nutaverit

207 697 527 734 fundamentum:
552 696 620 733 sed
640 696 744 733 unde
766 695 924 732 nutabit
947 695 1124 732 Christus
1149 725 1156 732 .
1181 724 1187 730 .
1212 723 1219 730 .
1242 693 1311 741 qui
1333 693 1461 730 omnia
1484 692 1660 730 continet
1682 692 1882 740 majestate
1906 698 1943 728 et

208 768 277 794 nos
298 756 502 793 bonitate?
526 785 534 792 .
558 784 566 792 .
592 784 600 792 .
621 754 691 791 ubi
725 757 820 792 sunt
841 754 911 802 qui
932 753 1080 797 dicunt,
1115 752 1275 802 periisse
1298 752 1340 789 in
1361 752 1508 789 mundo
1531 751 1754 794 Ecclesiam,
1788 751 1946 798 quando

208 827 279 853 nec
299 815 482 852 inclinari
504 815 691 864 potest?«
724 813 824 850 Hinc
846 825 935 850 cum
957 813 1177 858 donatistae
1199 811 1491 855 contenderent,
1515 810 1727 848 Ecclesiam
1755 820 1834 846 non
1857 809 1945 857 qui-

207 875 295 912 dem
325 874 484 923 penitus
515 873 689 922 periisse,
721 872 787 910 sed
818 874 953 909 tamen
975 871 1159 909 defecisse
1180 884 1202 908 a
1223 883 1293 908 sua
1314 870 1579 908 catholicitate
1601 872 1718 917 atque
1740 868 1862 905 fuisse
1884 880 1944 904 re-

208 933 360 970 dactam
391 933 440 970 ad
472 933 599 970 solum
627 932 819 980 quendam
843 931 996 968 Africae
1018 931 1215 977 angulum.
1249 930 1486 966 sententiam
1507 929 1606 965 hanc
1628 928 1798 976 appellat
1820 927 1860 963 in
1882 927 1944 963 Ps.

213 999 287 1032 101
318 1004 347 1029 5.
373 999 394 1031 2
418 1005 455 1029 n.
473 998 495 1031 8
522 1003 682 1036 „vocem
704 990 1016 1033 abominabilem,
1041 989 1324 1031 detestabilem,
1348 987 1677 1036 praesumptionis
1700 990 1739 1024 et
1760 986 1947 1024 falsitatis
2035 1012 2039 1013 γ
2161 1033 2167 1037 ⁶

208 1052 374 1101 plenam,
398 1051 509 1088 nulla
530 1050 696 1087 veritate
718 1050 934 1094 suffultam,
965 1049 1075 1086 nulla
1097 1048 1289 1097 sapientia
1310 1047 1585 1091 illuminatam,
1619 1046 1729 1083 nullo
1753 1045 1832 1082 sale
1855 1057 1945 1082 con·
1967 1021 2175 1111 pubi-‘v

208 1109 344 1156 ditam,
375 1123 526 1155 vanam,
558 1109 816 1150 temerariam,
849 1108 1116 1157 praecipitem,
1148 1107 1539 1156 pe1·niciosam.<‘yEt
1569 1117 1661 1142 mox
1692 1104 1842 1141 inducit
1876 1090 2028 1140 Ες-ῪΪΝ

208 1169 364 1207 clesiam
389 1169 598 1206 Dominum
630 1169 687 1206 ita
717 1169 1002 1217 alloquentem:
1026 1167 1315 1217 „Eatiyuz'tatem
1347 1166 1496 1203 dierum
1530 1165 1723 1201 annuncia
1749 1164 1841 1200 mihi
1867 1161 1944 1214 (Ps.

216 1235 306 1274 101,
333 1225 418 1281 24).
449 1227 549 1272 Quid
582 1230 642 1264 est
673 1227 777 1276 quod
809 1227 938 1264 nescio
961 1226 1030 1274 qui
1051 1225 1278 1264 recedentes
1303 1238 1323 1262 a
1345 1237 1406 1261 me
1430 1226 1678 1261 murmurant
1700 1226 1835 1260 contra
1856 1234 1917 1258 me
1930 1229 1947 1257 ζ’

209 1287 286 1332 Qui
308 1289 368 1324 est
389 1288 492 1335 quod
513 1286 657 1336 perditi
680 1299 740 1323 me
762 1285 927 1335 periisse
951 1285 1222 1323 contendunt?
1250 1284 1361 1321 Certe
1383 1284 1486 1320 enim
1509 1283 1579 1320 hoc
1601 1283 1750 1327 dicunt,
1774 1281 1866 1330 quia
1887 1281 1945 1317 fui

209 1348 250 1384 et
269 1358 348 1383 non
370 1359 468 1383 sum.
490 1347 699 1383 Annuncia
721 1346 814 1382 mihi
835 1346 1075 1394 exiquitatem
1097 1345 1246 1381 dierum
1268 1355 1449 1380 meorum.
1474 1343 1562 1380 Non
1584 1355 1606 1379 a
1627 1344 1665 1379 te
1689 1353 1831 1390 quaero
1854 1340 1946 1377 illos

208 1405 290 1443 dies
313 1406 510 1442 aeternos:
534 1405 594 1442 illi
617 1404 701 1442 sine
721 1404 797 1441 fine
813 1407 918 1449 sunt,
941 1404 1010 1441 ubi
1026 1415 1112 1449 ero;
1136 1415 1216 1440 non
1230 1402 1333 1451 ipsos
1348 1412 1512 1450 quaero:
1534 1401 1767 1450 temporales
1781 1411 1945 1448 quaero:

207 1465 442 1513 temporales
464 1464 544 1501 dies
565 1463 656 1500 mihi
678 1463 874 1501 annuncia
897 1492 903 1499 .
928 1492 935 1499 .
960 1492 967 1499 .
998 1462 1193 1507 Quamdiu
1213 1473 1278 1499 ero
1301 1462 1342 1498 in
1364 1462 1439 1498 isto
1463 1461 1603 1504 seculo,
1630 1459 1826 1497 annuncia
1848 1458 1946 1495 milii

207 1526 369 1573 propter
388 1524 488 1568 illos,
512 1523 581 1571 qui
603 1523 758 1560 dicunt:
791 1522 885 1559 Fuit
906 1525 945 1559 et
961 1523 1043 1569 jam
1065 1534 1143 1558 non
1166 1523 1243 1559 est:
1280 1522 1440 1568 propter
1461 1520 1562 1563 illos,
1595 1519 1664 1566 qui
1686 1518 1841 1555 dicunt:
1868 1517 1944 1554 Im-

208 1583 336 1631 pletae
357 1586 450 1620 sunt
470 1582 706 1631 Saipturae,
730 1581 982 1619 crediderunt
1003 1593 1136 1618 omnes
1157 1582 1306 1629 gentes,
1331 1579 1398 1616 sed
1418 1578 1655 1627 apostatavit
1676 1579 1715 1614 et
1736 1576 1860 1625 periit
1874 1576 1944 1613 Ec-

140 1639 147 1646 '
209 1642 327 1679 clesia
349 1641 396 1679 de
418 1642 599 1679 omnibus
621 1641 805 1691 gentibus
829 1670 836 1676 .
860 1672 866 1678 .
892 1670 898 1676 .
921 1641 971 1677 Et
992 1640 1258 1684 annunciavit,
1282 1650 1352 1676 nec
1376 1638 1530 1675 vacavit
1554 1637 1629 1674 ista
1652 1649 1733 1674 vox.
1758 1635 1852 1679 Quis
1877 1647 1945 1672 an-

8 1662 123 1750 M
123 1652 202 1767 uf>
208 1701 422 1746 nunciavit,
455 1701 530 1738 nisi
561 1701 644 1749 ipsa
665 1701 755 1737 via?
791 1699 989 1744 Quomodo
1021 1698 1305 1736 annunciavit?
1347 1697 1429 1746 Eyo
1452 1697 1637 1734 vobiscmn
1660 1708 1743 1732 snm
1769 1707 1883 1744 usque
1908 1696 1945 1730 in

48 1767 117 1830 “A
209 1761 567 1798 consummationem
590 1760 704 1796 seculi
727 1756 881 1810 (Matth.
909 1764 974 1803 28,
1001 1755 1112 1810 20).«
1157 1757 1337 1794 Ceterum
1372 1756 1555 1793 universa
1577 1768 1604 1792 s.
1627 1754 1845 1804 Augustini
1869 1753 1945 1789 dis-

208 1819 364 1868 putatio
395 1819 584 1856 adversus
616 1818 835 1855 donatistas
867 1817 1147 1855 contendentes
1180 1815 1389 1853 Ecclesiam
1421 1828 1442 1852 a
1473 1827 1542 1852 sua
1573 1813 1947 1851 catholicitate

209 1878 404 1923 defecisse,
428 1891 449 1914 a
470 1877 622 1914 fortiori
637 1877 741 1915 valet
764 1879 897 1914 contra
919 1889 984 1914 eos
1007 1876 1075 1924 qui
1090 1888 1175 1912 eam
1195 1889 1221 1924 p
1234 1875 1345 1912 enit
1358 1887 1410 1911 us
1433 1874 1594 1910 deficere
1608 1884 1723 1922 posse
1739 1871 1945 1911 somniant,

208 1938 413 1974 Immotam
436 1936 631 1974 Ecclesiae
653 1936 879 1973 firmitatem
902 1935 1151 1984 depraedicat
1171 1934 1317 1983 passim
1332 1933 1357 1970 C
1371 1933 1394 1969 h
1391 1946 1425 1983 ἐξ
1433 1946 1460 1982 31
1474 1936 1579 1981 sos—t
1591 1944 1739 1985 9111115.
1763 1932 1823 1968 Ita
1845 1931 1946 1967 hom.

209 1996 256 2034 de
279 1998 378 2044 capt.
403 1995 583 2044 Eutropii
605 2009 642 2035 n.
669 2002 713 2035 6:
738 1995 825 2040 »Ne
847 1995 894 2032 ab
916 1994 1085 2032 Ecclesia
1108 1993 1289 2037 sec-edito,
1312 1993 1413 2029 nihil
1435 1992 1538 2028 enim
1560 1991 1733 2028 Ecclesia
1756 1990 1944 2027 validius:

208 2056 293 2104 ipsa
323 2057 385 2093 est
416 2067 502 2103 spe<
534 2058 615 2100 tua,
647 2055 732 2103 ipsa
761 2055 865 2092 salus
902 2056 981 2096 tua,
1014 2053 1103 2101 ipsa
1124 2052 1350 2102 peifugium
1372 2054 1508 2094 tuum;
1541 2050 1727 2088 excelsior
1749 2051 1810 2086 est
1831 2049 1946 2085 coeli>

207 2113 407 2163 terrisque
438 2113 575 2159 latior;
607 2126 809 2161 nunquam
833 2113 1008 2158 senescit,
1041 2112 1118 2150 imo
1154 2124 1307 2160 semper
1332 2109 1564 2159 juvenescit.
1609 2109 1733 2153 Quare
1756 2108 1946 2145 (1111111111-

208 2176 354 2211 motam
376 2173 487 2210 illius
499 2173 727 2210 firmitatem
742 2172 941 2220 Scriptura
963 2171 1160 2220 patefacit,
1185 2183 1270 2208 eam
1285 2172 1394 2207 vocat
1415 2183 1455 2206 m
1468 2171 1636 2206 ontem
1649 2198 1657 2213 ,
1680 2170 1792 2205 vocat
1814 2170 1852 2204 et
1869 2167 1946 2203 vir·
2078 2204 2086 2209 ,

208 2233 341 2283 ginem
362 2232 730 2281 incorruptam.
762 2232 929 2279 Propter
951 2230 1127 2279 ejusdem
1150 2229 1432 2278 praestantiam
1454 2228 1562 2265 illam
1585 2227 1681 2264 dicit
1703 2227 1947 2276 reginam.
1971 2205 2175 2278 ,wmfiw

210 2294 250 2329 et
269 2294 430 2340 propter
450 2291 627 2340 ejusdem
648 2291 927 2328 fecunditatem
948 2290 1058 2326 illam
1080 2289 1234 2326 tamdiu
1254 2288 1424 2325 sterilem
1446 2287 1539 2324 dii-it
1563 2289 1774 2323 matrem
1797 2288 1947 2333 septem

208 2351 412 2388 hominum
443 2350 623 2396 millium,
655 2358 702 2387 ut
732 2349 858 2398 ipsius
891 2349 1179 2398 ingenuitatem
1211 2348 1259 2384 ob
1291 2347 1423 2384 oculos
1446 2348 1621 2404 ponat&
1650 2345 1822 2382 Eandem
1844 2344 1945 2381 veri·
2119 2361 2175 2401 “A

207 2411 331 2447 tatem
362 2408 535 2458 imagine
565 2409 677 2446 navis
709 2412 839 2457 patres
871 2408 1083 2445 illustrant.
1120 2407 1296 2450 »Navem
1330 2406 1503 2453 adaeque
1527 2404 1735 2442 Ecclesiam
1759 2393 2175 2468 (161)(5111115,ζζ”ᾄῇ“;““ζῶ,,ν’Ι

209 2469 380 2517 accipere
413 2468 541 2518 (Prov.
567 2475 631 2512 30,
664 2469 730 2516 19]
765 2467 808 2504 iu
840 2468 919 2504 salo
953 2466 1089 2503 mundi
1118 2466 1236 2503 istius
1260 2464 1530 2509 constitutam,
1563 2476 1661 2512 quae
1685 2463 1830 2500 crebris
1854 2474 1990 2529 ren—..5
2003 2475 2175 2515 w,

208 2530 341 2565 torum
361 2527 548 2564 fluctibus
570 2527 593 2564 i.
617 2540 647 2564 e.
668 2527 933 2564 tentationum
954 2525 1080 2574 plagis
1101 2528 1140 2561 et
1161 2523 1393 2561 verberibus
1416 2523 1630 2587 fatigaffll*
1736 2535 1771 2558 m
1794 2521 1947 2558 turbidi
1974 2516 2175 2575 (puoh-L

209 2587 353 2623 fluctus
376 2586 399 2625 i.
423 2598 454 2622 e.
478 2586 595 2628 huius
619 2586 740 2623 seculi
760 2587 987 2634 potestates,
1011 2586 1203 2621 conantur
1227 2583 1273 2620 ad
1297 2595 1385 2619 saxa
1406 2535 1853 2631 perducerfflg‘lr'lg‘e‘etsi
1874 2593 1946 2617 un·
1973 2558 2146 2602 ‘fuist‘

210 2643 349 2682 darum
369 2645 558 2682 fluctibus
578 2647 647 2682 aut
667 2644 851 2693 procellis
875 2656 988 2692 saepe
1010 2650 1185 2683 vexatur,
1221 2644 1353 2678 tamen
1375 2654 1577 2689 nunquam
1600 2642 1729 2689 potest·
1751 2639 1947 2677 sustinere
2068 2683 2106 2694 ...-
2131 2642 2175 2681 ,α

209 2703 473 2753 naufragium,
505 2704 599 2752 quia
630 2704 671 2741 in
702 2704 837 2741 arbore
866 2703 951 2749 ejus
983 2702 1008 2739 i.
1031 2714 1062 2739 e.
1085 2713 1197 2738 cruce
1220 2701 1398 2738 Christ-us
1421 2700 1596 2749 erigitur,
1621 2700 1663 2736 in
1683 2699 1809 2748 puppi
1832 2686 2175 2760 Paterffwsmfi

209 2762 367 2807 residet,
390 2763 632 2812 gubernator
651 2775 807 2812 proram
822 2762 1044 2798 Paracletus
1068 2762 1200 2797 servat
1214 2759 1395 2808 Spiritus.
1419 2759 1528 2796 Hanc
1550 2771 1620 2808 per
1642 2763 1806 2807 angusta
1830 2757 1947 2803 huju>
1971 2765 2008 2802 ,Α
2030 2748 2148 2788 ‹sta-*⁴²¹⁴

210 2821 350 2858 mundi
370 2821 471 2859 freta
492 2822 663 2877 (higdeni
683 2822 725 2858 in
745 2828 905 2870 portum
919 2819 1085 2869 remiges
1100 2820 1251 2856 ducunt
1267 2819 1291 2855 i.
1307 2831 1338 2855 e.
1354 2818 1558 2855 duodecim
1573 2817 1739 2866 apostoli
1754 2819 1791 2853 et
1807 2815 1944 2852 similis

15 1819 39 1853 ἶ,

210 2963 386 3008 persistet
405 2989 413 2996 .
433 2989 441 2996 .
461 2990 468 2996 .
490 2964 607 3004 Quare
627 2963 763 2997 Christi
781 2962 941 2997 Ecclesia
962 2972 1152 3004 nunquam
1176 2961 1301 3004 potest-
1319 2961 1483 2994 excidere
1504 2960 1577 2993 suis
1604 2957 1890 3003 proprietatilnis

212 3015 372 3055 dotibus
393 3025 494 3050 sacro
515 3026 579 3049 suo
599 3016 821 3060 magisterio,
849 3015 1055 3048 ministerio
1074 3015 1111 3048 et
1127 3014 1316 3058 regimine,
1344 3015 1385 3046 ut
1404 3012 1568 3047 Christus
1596 3022 1662 3056 per
1689 3020 1817 3053 corpus
1841 3019 1945 3041 51111111

211 3069 356 3103 visibile
374 3069 553 3114 perpetuo
572 3069 620 3102 sit
639 3069 809 3103 omnibus
825 3067 1037 3102 hominibus
1056 3067 1125 3107 via,
1143 3067 1279 3102 veritas
1296 3068 1331 3100 et
1351 3066 1437 3100 vita.
1449 3073 1461 3087 ¹
