2175 3382
634 115 838 150 Discrimen
855 114 951 150 inter
969 114 1077 148 fidem
1096 115 1134 149 et
1152 114 1307 148 virtutes
1322 114 1487 148 morales.
1835 117 1918 158 487

191 239 341 277 tionem
362 238 540 276 veritatis
562 238 694 275 venire
716 238 888 286 possint:
921 239 960 274 et
993 249 1070 283 eos,
1105 248 1202 284 quos
1225 235 1271 273 de
1294 235 1467 272 tenebris
1490 235 1696 272 transtulit
1727 235 1768 272 in
1799 234 1921 272 admi-

194 298 318 336 rabile
339 298 473 334 lumen
497 309 623 342 suum,
656 297 697 334 in
719 297 790 334 hoc
812 296 947 334 eodem
968 295 1130 340 lumine,
1162 297 1208 332 ut
1229 296 1490 343 perseverent,
1523 294 1649 343 gratia
1681 307 1752 331 sua
1783 293 1922 330 confir—

195 359 285 401 mat,
320 369 399 393 non
434 356 615 394 deserens
649 355 727 393 nisi
761 355 1004 392 deseratur.q<
1049 355 1103 391 De
1138 367 1214 402 qua
1248 353 1394 402 gratiae
1429 352 1692 390 illustratione
1726 352 1921 401 praeclare

193 416 394 453 disserunt
414 416 561 463 patres:
592 415 648 452 ita
669 414 1001 464 Augustinus
1032 413 1078 450 de
1113 413 1204 462 spir.
1237 415 1274 449 et
1306 412 1365 449 lit.
1397 424 1426 452 c,
1462 417 1512 451 34
1546 424 1582 447 n.
1608 418 1680 451 60:
1715 411 1920 456 „Visorum

194 474 444 512 suasionibus
466 475 548 523 agit
569 474 683 519 Deus,
715 475 760 510 ut
781 473 948 510 velimus
971 475 1011 509 et
1031 476 1077 508 ut
1099 472 1299 509 credamus
1331 471 1411 508 sive
1434 470 1674 507 extrinsecus
1705 483 1774 518 per
1804 482 1922 506 evan-

193 534 336 584 gelicas
357 533 644 570 exhortationes
668 562 675 569 .
699 563 707 571 ,
731 562 738 568 .
762 532 844 569 sive
866 531 1115 574 intrinsecus,
1152 530 1221 568 ubi
1243 542 1356 567 nemo
1378 530 1497 566 habet
1519 528 1562 565 in
1585 532 1794 576 potestate,
1828 528 1922 576 quid

193 593 230 631 ei
251 592 380 630 veniat
401 592 442 628 in
464 594 656 634 mentem;
689 591 755 627 sed
787 590 1004 628 consentire
1036 590 1097 626 vel
1130 589 1336 626 dissentire
1367 588 1545 636 propriae
1576 588 1792 624 voluntatis
1825 590 1922 624 est.‘

193 652 245 689 Et
275 651 321 688 de
353 663 392 688 se
425 651 557 688 scribit
589 649 754 687 Confess.
777 650 821 693 V,
848 657 891 689 7:
928 649 1081 698 „Egisti
1112 661 1263 686 mecum
1294 648 1404 684 miris
1439 651 1477 684 et
1511 647 1673 684 occultis
1706 646 1844 691 modis,
1878 649 1925 683 tu

192 710 294 747 illud
316 710 431 759 egisti
454 710 555 746 Deus
576 721 698 752 meus,
731 722 822 746 nam
844 721 866 745 a
889 709 1050 745 Domino
1073 719 1230 757 gressus
1253 707 1422 744 hominis
1445 706 1679 755 dirigentur.
1690 711 1707 728 «
1752 705 1925 742 Gratiam

194 782 287 818 ergo
310 768 508 817 sequendo
531 768 643 816 eique
667 767 905 817 cooperando
927 767 1102 804 homines
1123 767 1338 803 trahuntur
1353 779 1374 803 a
1389 766 1503 802 Patre
1518 765 1715 801 luminum
1729 764 1777 800 ad
1794 763 1924 806 tidem3

194 828 360 878 gratiam
383 840 472 865 vero
494 827 730 876 negligendo
753 827 867 875 eique
897 826 1115 863 resistendo
1150 826 1331 863 deficient
1365 838 1386 862 a
1420 824 1505 869 fide,
1538 826 1585 860 ut
1617 824 1671 860 ait
1693 823 1924 871 Apostolus:

194 888 343 925 Bonam
365 887 629 924 conscientiam
652 916 659 922 .
683 915 690 922 .
715 917 722 924 .
745 886 900 935 quidam
921 886 1136 933 repellentes
1157 886 1259 921 circa
1279 885 1392 932 fidem
1415 882 1811 932 naufrayacerzmt(1.
1827 882 1925 918 Tim.

201 954 233 991 1,
261 944 354 998 19.).
397 947 544 982 Auctor
567 958 626 994 op.
650 945 695 981 de
717 945 918 982 vocat-ione
940 944 1115 981 omnium
1139 944 1318 993 gentium
1340 944 1365 980 l.
1383 949 1403 982 2
1430 955 1460 980 c.
1485 949 1560 982 26:
1585 941 1744 985 „Gratia
1767 940 1926 988 quidem

194 1005 263 1042 Dei
285 1005 354 1041 illa
374 1004 416 1041 in
438 1004 544 1042 omni
562 1004 843 1053 justificatione
875 1003 1147 1052 principaliter
1177 1003 1426 1052 praeeminet,
1459 1000 1657 1038 suadendo
1690 1000 1926 1037 exhortatio-

193 1065 322 1108 nibus,
345 1063 536 1101 monendo
560 1063 757 1111 exemplis,
781 1063 965 1100 terrendo
988 1062 1183 1111 periculis,
1205 1061 1403 1099 incitando
1426 1059 1635 1101 miraculis,
1661 1059 1786 1096 dando
1809 1059 1924 1095 intel-

193 1124 351 1168 lectum,
384 1122 612 1171 inspirando
636 1122 843 1159 consilium
864 1134 1006 1169 corque
1028 1122 1156 1170 ipsum
1189 1120 1449 1158 illuminando
1482 1122 1519 1156 et
1541 1118 1632 1155 fidei
1655 1118 1926 1155 affectionibus

194 1182 423 1220 imbuendo:
447 1181 515 1218 sed
537 1182 654 1218 etiam
676 1182 858 1218 voluntas
880 1181 1047 1218 hominis
1070 1180 1328 1229 subjungitur
1351 1179 1385 1216 ei
1408 1182 1525 1226 atque
1539 1178 1804 1226 conjungitur,
1828 1190 1926 1225 quae

195 1241 243 1278 ad
264 1241 334 1278 hoc
355 1240 563 1289 praedictis
587 1242 648 1277 est
669 1240 834 1277 excitata
853 1239 1069 1288 praesidiis,
1102 1245 1148 1276 ut
1170 1239 1303 1276 divino
1335 1239 1376 1275 in
1409 1250 1448 1275 se
1480 1240 1709 1286 cooperetur
1739 1236 1855 1284 operi.
1889 1240 1928 1272 et

194 1300 358 1348 incipiat
380 1311 555 1336 exercere
578 1299 624 1336 ad
647 1300 842 1341 meritum,
876 1298 981 1346 quod
1004 1300 1049 1335 de
1073 1310 1241 1347 superno
1264 1298 1411 1335 semine
1442 1295 1619 1345 concepit
1649 1296 1697 1332 ad
1729 1295 1924 1339 studium;

195 1359 242 1396 de
265 1371 335 1396 sua
356 1359 503 1396 habens
526 1358 792 1395 mutabilitate
816 1358 848 1394 si
871 1357 1010 1402 deficit,
1040 1358 1086 1395 de
1108 1358 1256 1407 gratiae
1279 1356 1539 1405 opitulatione
1562 1355 1593 1392 si
1615 1355 1778 1403 proficit.
1821 1353 1925 1398 Quae

195 1418 404 1467 opitulatio
439 1430 508 1466 per
530 1417 757 1455 innumeros
788 1417 922 1455 modos
962 1417 1042 1454 sive
1073 1417 1244 1454 occultos
1276 1416 1357 1453 sive
1388 1415 1616 1452 manifestos
1647 1413 1829 1451 omnibus
1860 1413 1926 1450 ad-

194 1477 372 1514 hibetur:
404 1480 443 1513 et
465 1477 568 1524 quod
600 1489 621 1513 a
641 1476 779 1513 multis
811 1476 1019 1520 refutatur,
1056 1476 1232 1524 ipsorum
1265 1478 1322 1512 est
1355 1474 1575 1523 nequitiae;
1611 1475 1711 1521 quod
1744 1476 1876 1509 autem
1906 1485 1927 1509 a

194 1536 332 1574 multis
355 1535 580 1584 suscipitur,
614 1539 653 1572 et
675 1535 822 1585 gratiae
844 1540 902 1573 est
924 1535 1077 1572 divinae
1113 1538 1152 1572 et
1174 1534 1391 1572 voluntatis
1414 1534 1648 1571 humanae«
1691 1532 1877 1576 Quocirca
1898 1543 1925 1568 s.

195 1595 403 1632 Thomas
429 1601 464 1634 2.
489 1601 510 1634 2
535 1607 569 1642 q.
597 1602 617 1633 2
651 1607 683 1631 a.
709 1601 730 1634 9
765 1595 811 1631 ad
837 1601 858 1634 3
893 1595 1052 1631 statuit:
1088 1595 1186 1638 „Ille
1218 1593 1288 1642 qui
1320 1593 1454 1632 credit.
1488 1592 1606 1629 habet
1637 1591 1834 1628 sufficiens
1866 1591 1925 1627 in-

195 1654 403 1691 ductivum
424 1654 471 1690 ad
494 1653 750 1691 credendum:
785 1653 986 1690 inducitur
1008 1653 1112 1690 enim
1136 1652 1369 1690 auctoritate
1392 1652 1546 1688 divinae
1579 1650 1777 1687 doctrinae
1809 1650 1925 1686 mira-

196 1713 294 1750 culis
317 1713 575 1758 confirmatae,
599 1716 638 1750 et
660 1712 764 1760 quod
786 1713 876 1760 plus
909 1715 978 1757 est,
1011 1712 1188 1749 interiori
1218 1711 1407 1748 instinctu
1430 1711 1498 1748 Dei
1530 1710 1777 1747 invitantis«
1822 1708 1926 1753 Quae

194 1772 392 1820 praeclare
415 1772 697 1809 confirmantur
719 1776 757 1808 et
778 1771 1031 1808 illustrantur
1052 1770 1292 1820 biographiis
1314 1771 1484 1815 illorum,
1521 1769 1589 1818 qui
1611 1781 1702 1806 suae
1725 1769 1771 1805 ad
1794 1781 1926 1805 veram

195 1831 312 1868 fidem
333 1830 599 1869 conversionis
620 1830 827 1868 historiam
849 1830 975 1867 literis
999 1831 1291 1880 consignarunt.
1335 1830 1514 1866 Ceterum
1536 1829 1582 1866 de
1604 1828 1676 1865 hoc
1698 1828 1846 1877 gratiae
1866 1828 1927 1864 in-

195 1890 304 1927 fluxu
325 1890 487 1927 uberius
509 1889 745 1927 disseremus
767 1889 808 1926 in
829 1891 1005 1926 tractatu
1027 1890 1072 1926 de
1094 1889 1221 1937 gratia
1242 1891 1281 1926 et
1302 1888 1405 1925 infra
1425 1888 1526 1925 thesi
1550 1894 1614 1928 83.

316 1979 411 2013 472.
445 1973 661 2010 Discrimen
684 1974 785 2010 inter
803 1973 915 2020 fidem
937 1977 970 2009 et
991 1974 1148 2010 virtutes
1180 1973 1352 2009 morales.
1375 1993 1431 1998 —-
1454 1971 1597 2008 Verum
1629 1970 1753 2018 excipi
1784 1972 1924 2018 potest,

197 2031 374 2069 sufficere
406 2032 452 2069 ad
485 2032 581 2069 alias
603 2031 771 2068 virtutes
805 2032 1021 2080 prudenter
1053 2034 1171 2080 atque
1202 2031 1400 2068 meritorie
1432 2030 1549 2067 etiam
1581 2028 1810 2066 exercendas
1837 2041 1925 2076 per—

196 2104 307 2140 saepe
330 2091 449 2128 solam
470 2105 495 2140 p
507 2103 558 2128 ro
570 2091 595 2127 b
607 2091 906 2128 abilitatem
928 2091 1028 2128 circa
1050 2091 1257 2140 objectum,
1282 2090 1386 2138 quod
1399 2090 1489 2126 illae
1503 2091 1836 2137 praesupponunt.
1867 2087 1928 2124 Ita

196 2150 450 2188 laudabiliter
472 2152 672 2187 exercetur
702 2149 976 2194 misericordia,
1009 2150 1162 2187 etiamsi
1192 2149 1407 2198 probabilis
1441 2150 1598 2185 tantum
1629 2147 1679 2184 sit
1709 2146 1928 2196 indigentia

196 2209 400 2258 pauperis;
431 2209 632 2246 meritorie
654 2209 848 2252 obeditur,
873 2209 1027 2246 etiamsi
1058 2208 1320 2258 praecipiendi
1346 2209 1412 2256 jus
1444 2206 1658 2255 superioris
1690 2206 1742 2243 sit
1772 2208 1927 2242 tantum

195 2268 397 2317 probabile
419 2270 511 2305 etc-2
544 2281 663 2316 quare
686 2280 775 2317 ergo
797 2269 1013 2316 prudenter
1034 2272 1150 2316 atque
1172 2268 1369 2304 meritorie
1405 2266 1509 2303 credi
1541 2265 1689 2313 nequit,
1724 2265 1756 2302 si
1785 2264 1926 2313 proba-

196 2327 289 2364 bilis
309 2329 466 2364 tantum
489 2329 549 2363 est
568 2327 782 2364 revelatio?
819 2326 888 2364 Cui
909 2327 1133 2365 difficultati
1155 2330 1201 2364 ut
1222 2326 1534 2374 respondeamus,
1558 2327 1720 2362 notetur
1741 2336 1926 2373 magnum

198 2385 407 2423 discrimen
428 2386 532 2423 inter
553 2385 706 2423 fidem
727 2388 767 2423 et
787 2386 958 2423 virtutes
979 2387 1207 2430 morales,
1240 2385 1342 2422 unde
1376 2384 1424 2422 ad
1455 2384 1522 2421 has
1553 2383 1785 2432 plerumque
1817 2382 1927 2420 suffi-

199 2445 274 2482 ciet
294 2444 562 2494 probabilitas,
588 2444 636 2481 ad
657 2445 766 2481 illam
788 2445 1007 2493 requiritur
1029 2444 1233 2482 certitudo.
1277 2444 1374 2481 Sane

316 2538 356 2568 a.
377 2527 473 2564 fides
496 2528 656 2576 propter
678 2527 903 2564 firmitatem
926 2527 987 2564 sui
1008 2527 1147 2564 motivi
1178 2539 1222 2563 ex
1255 2538 1336 2563 sese
1367 2527 1427 2563 est
1458 2525 1728 2570 immutabilis,
1760 2525 1927 2573 ideoque

199 2586 303 2636 quod
327 2587 446 2623 semel
468 2585 717 2632 credidimus,
741 2598 819 2623 non
840 2586 931 2622 licet
952 2599 1126 2634 unquam
1149 2598 1292 2634 negare
1315 2584 1406 2635 (nisi
1429 2586 1578 2622 constet
1605 2585 1651 2621 de
1672 2583 1924 2622 revelationis

197 2642 408 2697 falsitate):
444 2646 612 2682 virtutes
635 2657 726 2682 vero
748 2645 912 2682 morales
935 2657 1012 2682 non
1034 2645 1211 2694 obligant
1234 2656 1386 2692 semper
1407 2644 1454 2681 ad
1475 2643 1643 2681 eundem
1666 2646 1795 2680 actum
1818 2655 1925 2680 exer-

197 2704 384 2742 cendum:
408 2704 463 2740 ita
483 2704 772 2741 misericordiae
794 2703 923 2740 virtus
946 2716 1026 2740 non
1047 2703 1205 2752 obligat,
1236 2705 1282 2740 ut
1304 2703 1429 2740 eidem
1453 2703 1615 2751 pauperi
1637 2714 1788 2750 semper
1811 2701 1926 2738 detur

198 2764 452 2812 eleemosyna,
477 2766 516 2800 et
538 2775 740 2811 nunquam
761 2763 875 2800 liceat
897 2775 981 2800 eam
1003 2762 1078 2810 ipsi
1100 2762 1301 2811 denegare.

318 2831 362 2873 b.
384 2833 521 2871 Virtus
543 2833 635 2870 fidei
666 2834 832 2871 adnexas
866 2832 985 2870 habet
1015 2833 1269 2882 gravissimas
1301 2833 1558 2881 obligationes
1582 2829 1635 2884 (n.
1660 2831 1795 2880 4813),
1829 2843 1923 2879 qua-

198 2894 358 2941 propter
378 2892 517 2930 merito
538 2892 651 2929 homo
674 2893 825 2942 exigere
846 2894 986 2940 potest,
1021 2894 1067 2928 ut
1089 2894 1193 2930 certo
1215 2893 1250 2929 ei
1272 2892 1488 2929 innotescat
1519 2892 1722 2931 revelatio:
1756 2890 1924 2927 virtutes

199 2963 290 2988 vero
312 2951 487 2996 morales,
520 2964 618 2999 quae
650 2953 778 2988 stante
808 2952 890 2988 sola
920 2949 1198 2999 probabilitate
1228 2951 1444 3000 prudenter
1474 2950 1642 2988 exerceri
1671 2951 1833 2998 possunt
1862 2949 1926 2985 vel

199 3010 320 3047 etiam
342 3009 498 3055 debent,
521 3009 714 3058 ejusmodi
737 3010 996 3059 obligationes
1017 3009 1183 3047 adnexas
1205 3022 1284 3047 non
1307 3010 1474 3054 habent3
1497 3008 1639 3057 quodsi
1661 3020 1778 3057 gra-ve
1801 3007 1923 3055 quod-

200 3068 288 3105 dam
311 3080 409 3105 onus
431 3068 659 3117 adjunctum
680 3069 881 3114 haberent,
904 3068 1043 3105 merito
1066 3069 1256 3117 postulari
1278 3071 1373 3106 tunc
1394 3069 1537 3117 poterit
1558 3066 1763 3107 certitudo,
