2175 3382
254 135 308 172 2ss
547 128 666 160 'Fr-act.
687 127 710 162 l.
734 126 914 171 Apologia
931 126 1036 171 relig.
1056 127 1179 161 christ.
1200 127 1250 162 De
1270 128 1506 162 revelationis
1525 129 1690 163 criteriis.

253 251 316 285 est
347 245 398 286 de
431 246 630 297 religione
661 245 953 297 satagendum.
996 244 1069 287 Sin
1092 258 1193 287 vero
1222 251 1264 287 et
1285 247 1448 299 species
1470 259 1611 288 rerum
1634 248 1836 296 omnium,
1857 261 1985 302 quam

253 316 439 367 profecto
465 328 515 357 ex
538 317 680 369 aliquo
704 317 950 358 verissimae
974 317 1295 369 pulchritudinis
1319 318 1432 359 fonte
1447 330 1624 359 manare
1640 319 1895 361 credendum
1911 326 1985 363 est.

251 391 291 427 et
311 387 485 428 interior
505 387 649 428 nescio
671 400 781 440 quae
802 389 1064 429 conscientia
1078 388 1210 429 Deum
1226 389 1515 442 quaerendum
1531 389 1703 443 Deoque
1717 390 1985 432 serviendum

250 458 446 498 meliores
477 470 669 511 quosque
701 460 868 500 animos
900 459 1020 512 quasi
1051 459 1217 511 publice
1249 460 1529 513 privatimque
1561 460 1773 501 hortatur:
1805 473 1893 502 non
1924 465 1987 502 est

249 528 559 580 desperandum
584 528 638 569 ab
662 529 811 570 eodem
836 530 928 582 ipso
950 530 1038 571 Deo
1062 531 1360 572 auctoritatem
1384 531 1569 584 aliquam
1593 531 1879 579 constitutam,
1901 544 1984 585 quo

249 599 361 639 velut
382 599 515 650 gradu
538 605 655 641 certo
680 601 919 650 innitentes,
942 601 1187 642 attollamur
1207 603 1251 642 in
1272 602 1405 643 Deum
1426 604 1492 657 1).“
1542 602 1686 656 quue
1710 603 1843 655 magis
1866 607 1986 644 tene-

249 669 359 710 bitur
380 670 459 711 sub
482 671 668 722 periculo
693 671 952 712 amittendae
975 672 1123 712 salutis
1146 677 1347 714 aeternae
1367 672 1542 725 quilibet
1561 673 1690 714 homo
1712 674 1924 726 inquirere
1944 675 1987 715 in

247 740 432 781 divinam
465 742 781 790 revelationem,
812 742 926 795 quod
957 744 1196 784 communis
1219 743 1328 795 viget
1360 743 1472 796 apud
1504 749 1650 796 gentes
1680 745 1901 797 persuasio
1933 745 1985 786 de

247 813 586 853 extraordinaria
618 813 802 866 quadarn
835 813 978 854 divina
1009 813 1352 855 manifestatione
1382 815 1496 855 circa
1517 815 1775 868 religionem,
1809 820 1850 857 et
1871 816 1984 869 quod

246 894 394 923 revera
417 884 559 936 aliqua
581 884 726 936 religio
749 896 795 925 se
818 885 896 937 ipsi
919 884 1040 926 offert
1062 885 1177 926 omni
1200 885 1490 926 credibilitatis
1512 887 1653 938 specie
1674 885 1895 939 refulgens.

363 953 468 995 Cum
483 967 585 996 vero
609 960 670 996 tot
693 967 885 997 errorum
908 960 1105 1008 portenta
1127 956 1399 997 revelationis
1422 956 1502 997 sibi
1524 968 1696 997 nomem
1718 963 1922 1010 usurpent
1943 963 1986 999 et

239 1026 349 1077 jura,
381 1038 489 1078 opus
520 1027 598 1068 erit
630 1027 819 1076 criteriiS,
851 1027 1049 1081 quibus
1071 1028 1146 1069 Dei
1178 1028 1391 1081 loquelam
1425 1040 1450 1069 a
1481 1028 1633 1081 spuriis
1655 1028 1983 1070 revelationibus

244 1096 547 1138 discernamus.

987 1206 1241 1262 Caputlst

606 1287 675 1329 De
708 1289 1079 1331 revelationis
1112 1289 1334 1331 divinae
1368 1290 1627 1334 criteriis.

366 1373 428 1414 16.
454 1370 725 1412 (fram-[orum
756 1374 985 1414 necessitas.
1009 1399 1065 1403 —
1090 1372 1143 1414 Ut
1173 1373 1377 1414 revelatio
1401 1374 1586 1425 agnosci,
1618 1385 1644 1414 a
1666 1372 1772 1414 falsa
1794 1372 1984 1425 dignosci

243 1440 364 1492 eique
387 1444 478 1481 tuto
502 1442 616 1482 credi
639 1443 789 1494 possit,
806 1444 975 1484 criteria
998 1444 1209 1496 quaedam
1232 1444 1477 1485 necessaria
1499 1455 1605 1492 esse,
1627 1456 1715 1485 non
1736 1443 1874 1485 solum
1896 1456 1983 1485 non

242 1515 399 1563 negant
430 1511 584 1561 fideles,
617 1513 692 1554 sed
723 1513 833 1555 ultro
865 1514 1093 1555 incredulis
1125 1515 1376 1563 concedunt,
1407 1521 1534 1568 atque
1567 1516 1696 1556 etiam
1728 1515 1829 1556 data
1852 1527 1984 1568 opera

243 1586 423 1626 tuentur.
447 1582 646 1624 ItaPius
668 1583 734 1627 IX.
750 1585 927 1626 rationis
945 1585 1044 1638 jura
1067 1598 1263 1627 asserens
1284 1586 1409 1627 docet
1428 1587 1484 1627 lit.
1500 1586 1657 1640 encycl.
1673 1589 1710 1630 9.
1726 1585 1830 1627 Nov.
1849 1588 1983 1631 1846:

250 1652 468 1702 „Humana
491 1655 612 1704 ratio,
644 1667 698 1696 ne
720 1656 762 1696 in
784 1656 891 1696 tanti
914 1657 1120 1698 momenti
1142 1658 1312 1709 negotio
1336 1657 1571 1710 decipiatur
1594 1662 1635 1698 et
1657 1661 1780 1706 erret,
1814 1656 1982 1697 divinae

242 1724 512 1765 revelationis
534 1725 692 1766 factum
715 1726 935 1779 diligenter
957 1728 1144 1781 inquirat
1157 1733 1337 1780 oportet,
1359 1733 1406 1769 ut
1428 1733 1544 1770 certo
1560 1728 1640 1770 sibi
1656 1732 1833 1777 constet,
1847 1727 1981 1769 Deum

240 1806 334 1835 esse
356 1795 545 1836 locutum
568 1809 618 1837 ac
641 1797 790 1845 eidem,
823 1798 1183 1850 quemadmodum
1206 1800 1421 1852 sapienter
1443 1799 1568 1841 docet
1590 1799 1820 1852 Apostolus
1842 1798 1980 1855 (Rom.

244 1867 309 1914 12,
327 1867 381 1921 1),
403 1866 657 1908 rationabile
680 1867 932 1921 obsequium
955 1869 1187 1911 exhibeat.“
1217 1869 1267 1910 Et
1288 1871 1378 1923 ipse
1397 1869 1592 1911 'Christus
1614 1875 1794 1911 testatur
1817 1870 1896 1927 (JO.
1915 1873 1979 1918 15,

239 1937 334 1992 24):
358 1938 405 1978 St·
427 1951 552 1991 opera
577 1952 656 1979 non
678 1939 862 1992 fecissem
889 1941 932 1980 m
953 1943 1023 1994 eis,
1046 1956 1151 1996 quae
1174 1955 1289 1983 nemo
1311 1943 1419 1982 alius
1438 1942 1550 1995 fecit,
1565 1948 1781 1996 peccatum
1802 1955 1886 1983 non
1906 1942 1980 1983 ha-

240 2008 385 2048 berent.
430 2007 571 2059 Quare
604 2010 655 2050 de
687 2011 770 2051 hoc
801 2012 1016 2063 postulato
1047 2013 1225 2054 rationis
1259 2013 1374 2054 nulla
1398 2018 1460 2054 est
1483 2014 1699 2054 contentio
1723 2025 1820 2054 cum
1842 2014 1981 2054 incre-

238 2078 356 2120 dulis.
398 2078 489 2120 Hoc
519 2080 613 2132 ipso
636 2093 737 2122 vero
774 2082 888 2134 quod
910 2082 1002 2124 sola
1024 2083 1169 2136 religio
1193 2084 1425 2125 christiana
1446 2084 1543 2125 huic
1565 2084 1743 2125 rationis
1764 2083 1977 2137 postulato

239 2149 456 2198 satisfacit,
487 2151 572 2191 imo
606 2152 715 2192 ultro
742 2153 938 2194 homines
960 2153 1027 2194 vel
1049 2155 1234 2195 maxime
1257 2156 1426 2195 criticos
1448 2159 1656 2207 provocat
1677 2155 1731 2196 ad
1753 2155 1978 2196 sollicitam

237 2232 341 2261 suae
363 2222 552 2262 veritatis
574 2222 889 2275 inquisitionem
914 2236 993 2265 nec
1015 2225 1192 2266 rationis
1215 2237 1395 2267 examen
1410 2231 1590 2275 veretur,
1615 2238 1699 2278 qua
1721 2225 1977 2267 confidentia

237 2303 386 2332 omnes
419 2293 740 2344 superstitiones
773 2299 814 2335 et
845 2300 984 2336 sectas
1016 2296 1252 2348 praecellit:
1284 2297 1589 2349 praejudicium
1622 2296 1797 2349 praebet
1829 2296 1976 2337 efficax

235 2362 443 2412 genuinae
466 2363 638 2414 originis
661 2376 764 2405 suae
787 2365 829 2405 id
851 2371 916 2406 est
937 2366 1117 2410 divinae.

359 2467 421 2499 17.
445 2461 697 2500 Rea-elationis
719 2465 887 2500 critere'a.
919 2487 977 2491 —
1009 2465 1172 2502 Criteria
1198 2467 1331 2503 autem
1361 2467 1473 2511 haec,
1506 2479 1605 2514 quae
1638 2467 1753 2504 etiam
1788 2467 1976 2504 dicuntur

234 2520 405 2563 notae,
431 2525 626 2567 quatenus
647 2523 926 2559 revelationem
947 2524 1204 2561 manifestant
1226 2537 1296 2562 seu
1317 2526 1560 2563 innotescere
1583 2526 1744 2571 faciunt,
1767 2526 1832 2563 vel
1853 2526 1975 2563 credi-

234 2577 404 2615 bilitatis
427 2591 465 2614 m
478 2591 498 2615 o
510 2582 526 2616 t
538 2580 551 2616 i
563 2593 587 2616 v
599 2593 619 2616 a
632 2610 639 2625 ‚
664 2581 758 2628 quia
779 2581 888 2618 illam
910 2582 1134 2620 credibilem
1149 2584 1333 2628 reddunt,
1358 2585 1588 2633 multiplicis
1601 2589 1691 2623 sunt
1709 2585 1873 2634 generis.
1887 2585 1975 2622 Alia

236 2640 330 2674 sunt
360 2637 582 2684 interna,
615 2642 828 2677 externa
851 2641 938 2678 alia.
985 2641 1148 2679 Criteria
1168 2643 1378 2680 interna
1409 2646 1503 2681 sunt
1535 2644 1777 2687 characteres
1801 2644 1971 2691 quidam,

234 2697 351 2733 notae
372 2698 490 2744 atque
511 2699 805 2747 praerogativae
829 2700 907 2748 ipsi
928 2700 1126 2738 doctrinae
1149 2702 1408 2742 inhaerentes.
1432 2715 1555 2751 eaque
1577 2703 1721 2752 partim
1742 2706 1836 2740 sunt
1856 2715 1973 2752 nega-

233 2755 325 2797 tiva,
349 2755 495 2803 partim
517 2757 697 2803 positiva.
721 2758 932 2796 Criterium
955 2759 1162 2811 internum·
1183 2761 1488 2811 negativum
1509 2762 1609 2799 illud
1633 2764 1702 2808 est,
1726 2763 1840 2810 eujus
1861 2774 1972 2810 prae-

234 2813 361 2850 sentia
391 2814 532 2862 probat
554 2819 710 2852 tantum
740 2818 980 2866 propositam
1011 2819 1228 2857 doctrinam
1251 2833 1400 2869 posse
1423 2833 1504 2858 esse
1525 2822 1756 2867 revelatam,
1789 2823 1829 2858 et
1859 2821 1971 2870 cujus

234 2872 408 2910 defectus
430 2873 632 2911 evidenter
653 2875 802 2923 probat,
826 2876 1044 2914 doctrinam
1066 2880 1311 2927 propositam
1331 2892 1412 2917 non
1434 2892 1516 2917 esse
1537 2881 1762 2926 revelatam,
1784 2879 1847 2917 uti
1869 2883 1973 2917 esset

232 2931 436 2969 harmonia
457 2944 545 2969 cum
568 2945 660 2970 sana
681 2934 834 2972 ratione
856 2937 919 2973 vel
941 2948 1031 2973 cum
1052 2949 1206 2974 morum
1227 2938 1452 2976 honestate:
1484 2939 1516 2976 si
1538 2939 1640 2976 enim
1662 2939 1755 2976 haec
1776 2938 1925 2976 deesset
1947 2940 1971 2976 i.

380 3038 403 3075 ¹)
422 3034 535 3068 Totus
552 3034 612 3069 hic
629 3035 778 3070 libellus
797 3038 934 3082 (opusc.
954 3040 980 3072 t.
1003 3039 1074 3084 VI.)
1092 3039 1163 3072 huc
1183 3042 1336 3084 spectat.
1358 3040 1410 3074 Cf.
1425 3041 1535 3075 etiam
1550 3041 1594 3074 de
1608 3040 1773 3074 moribus
1787 3040 1971 3075 Ecclesiae

233 3087 326 3121 cath.
346 3097 375 3120 c.
395 3089 416 3121 7
436 3098 558 3132 opusc.
577 3089 604 3122 t.
623 3088 769 3123 XXVII.
