2175 3382
801 168 922 192 semen
942 158 1011 192 fuit
1032 159 1328 193 christianorum.
1848 166 1928 207 103

314 280 357 322 3.
382 277 594 319 Hactenus
617 276 981 317 consideravimus
1005 278 1253 330 martyrium
1278 282 1441 318 tantum
1466 280 1746 320 materiali
1763 285 1863 330 ter,
1885 285 1930 322 ut

196 350 353 391 factum
375 348 462 389 scil.
487 347 701 401 quoddam
723 347 1070 398 stupendum,
1093 347 1146 387 ad
1169 348 1287 398 cujus
1311 349 1633 400 explicationem
1650 362 1735 391 non
1751 350 1930 391 sufficiat

196 433 327 462 causa
348 419 564 467 naturalis,
587 418 662 459 sed
684 419 923 471 requiratur
945 419 1206 459 interventus
1229 419 1405 461 divinus.
1429 418 1695 461 Considerari
1722 426 1928 474 martyres

196 493 325 533 etiam
347 490 503 532 debent
524 489 839 531 formaliter
861 494 906 529 ut
928 493 1026 529 sunt
1047 494 1243 536 testes;
1267 489 1380 541 quod
1402 490 1436 529 si
1459 490 1540 530 hac
1555 491 1720 531 ratione
1735 491 1929 532 conside-

196 567 352 611 rentur,
383 573 542 602 novum
576 560 753 601 accedet
783 561 1164 612 gravissimumque
1195 560 1293 600 huic
1326 565 1574 612 argumento
1610 573 1685 612 pro
1718 562 1931 613 religionis

196 633 452 674 christianae
474 631 652 672 veritate
674 635 949 673 momentum.
994 629 1107 671 Sane
1142 630 1402 671 admirabilis
1436 631 1503 671 illu
1538 636 1770 683 martyrum
1794 633 1929 672 omnis

197 704 361 753 aetatis,
383 714 520 749 sexus
543 700 810 749 conditionis,
833 701 1018 741 nationis
1034 701 1087 741 ud
1103 705 1283 742 mortem
1299 701 1513 742 crudelem
1535 713 1669 754 usque
1692 703 1931 742 constantia

196 774 394 827 supponit
415 773 609 814 intimam
632 772 683 813 de
707 772 884 813 veritate
909 776 950 812 et
963 772 1181 812 divinitate
1195 772 1407 824 religionis
1423 772 1677 812 christianae
1692 773 1931 824 persuasio-

195 857 293 886 nem
316 849 455 885 ortam
487 848 560 884 aut
590 855 641 884 ex
672 842 908 883 rationibus
939 843 1114 883 internis
1147 846 1219 882 aut
1250 854 1300 883 ex
1332 843 1459 894 signis
1492 842 1653 891 divinis,
1676 844 1927 883 nominatim

195 916 410 957 miraculis
432 918 548 956 certo
572 914 759 966 cognitis.
809 913 933 965 Atqui
957 914 1057 953 oriri
1079 925 1166 953 non
1188 913 1324 965 potuit
1345 914 1566 965 persuasio
1590 913 1660 954 illa
1683 925 1733 954 ex
1756 914 1930 954 rationi-

196 988 275 1028 bus
296 986 491 1028 internis:
514 997 614 1026 nam
637 989 938 1037 praeterquam
962 984 1074 1036 quod
1096 984 1299 1024 minimae
1322 984 1542 1024 hominum
1566 985 1675 1036 parti
1697 985 1765 1025 hic
1782 984 1932 1025 modus

197 1056 480 1110 persuadendi
519 1060 582 1096 est
623 1055 985 1101 accommodatus,
1027 1055 1170 1106 religio
1213 1054 1443 1094 christiana
1484 1055 1603 1106 plura
1643 1055 1934 1107 complectitur

197 1128 399 1182 mysteria
428 1127 576 1168 lumini
607 1126 784 1167 rationis
816 1126 1033 1178 impervia.
1075 1124 1182 1177 Ergo
1216 1125 1421 1177 originem
1454 1125 1570 1166 duxit
1602 1126 1848 1178 martyrium
1883 1127 1933 1166 de

197 1199 413 1240 divinitate
444 1197 657 1250 religionis
689 1197 946 1237 christianae
981 1208 1032 1237 ex
1056 1197 1183 1248 signis
1206 1196 1356 1237 divinis
1379 1201 1494 1237 certo
1519 1196 1707 1249 cognitis.
1740 1201 1785 1236 ut
1807 1196 1931 1237 etiam

197 1269 366 1311 aliunde
388 1269 527 1322 liquet.
571 1268 712 1320 Quare
734 1272 944 1321 martyres
967 1273 1065 1309 sunt
1091 1268 1268 1309 totidem
1290 1272 1431 1317 testes,
1464 1280 1592 1321 saepe
1615 1270 1743 1309 etiarn
1766 1268 1934 1316 oculati,

196 1341 362 1382 numeri
381 1340 572 1391 ingentis,
596 1340 761 1391 generis
784 1340 979 1392 quusvis,
1004 1340 1130 1380 etiam
1155 1340 1316 1389 eruditi,
1339 1341 1410 1392 qui
1434 1345 1585 1380 catena
1599 1340 1934 1391 noninterrupta

198 1411 251 1452 ab
274 1415 414 1452 aetate
437 1409 590 1451 Christi
620 1422 697 1463 per
728 1410 849 1462 plura
881 1410 1024 1451 secula
1047 1411 1269 1451 veritatem
1302 1411 1517 1462 signorum
1552 1410 1798 1462 religionem
1822 1409 1932 1450 chri-

197 1482 380 1524 stianam
401 1482 712 1530 illustrantium,
735 1481 1041 1522 miraculorum
1067 1481 1230 1531 Christi,
1257 1481 1549 1533 apostolorum
1572 1481 1847 1532 aliorumque,
1869 1481 1933 1520 in-

197 1553 354 1594 directe
377 1552 539 1602 saltem,
565 1556 786 1601 testantur,
819 1552 944 1604 idque
970 1553 1121 1604 spretis
1145 1552 1343 1592 omnibus
1366 1552 1542 1592 terrenis
1565 1551 1699 1599 bonis,
1732 1552 1816 1592 imo
1840 1564 1933 1592 sus-

197 1624 328 1677 ceptis
358 1624 468 1665 ultro
499 1623 758 1675 gravissimis
793 1623 928 1672 malis,
962 1622 1193 1664 secundum
1226 1622 1296 1662 illa
1330 1622 1563 1674 primorum
1587 1626 1819 1674 martyrum
1842 1621 1932 1662 Act.

198 1698 236 1743 4,
259 1697 336 1739 20:
373 1694 464 1735 Non
497 1695 603 1734 enim
630 1707 854 1748 possumus
885 1707 988 1748 quae
1023 1693 1197 1733 vidimus
1223 1697 1257 1733 et
1283 1693 1519 1733 audivimus
1543 1706 1621 1733 non
1645 1693 1764 1746 loqui.
1807 1692 1933 1744 Atqui

197 1766 282 1806 tale
311 1765 601 1806 testimonium
633 1764 865 1805 secundum
901 1776 1049 1804 omnes
1081 1775 1213 1804 sanae
1243 1763 1412 1803 criticae
1435 1763 1600 1814 regulas
1624 1763 1748 1803 dehet
1771 1763 1934 1803 censeri

198 1836 513 1877 validissimum.
537 1834 677 1885 Quare
699 1847 793 1874 cum
810 1833 845 1874 H
857 1834 868 1874 i
881 1846 903 1874 e
916 1847 936 1874 r
948 1847 972 1875 o
984 1847 1012 1874 n
1024 1847 1050 1886 y
1062 1847 1103 1874 m
1116 1846 1139 1874 O
1165 1845 1228 1886 ep.
1247 1836 1328 1877 ΠΟ
1345 1846 1377 1878 c,
1397 1835 1450 1877 io
1465 1833 1774 1874 concludimus:
1807 1831 1935 1883 „Cum

198 1911 290 1963 quis
312 1909 462 1950 viderit
483 1913 603 1949 tanta
625 1909 946 1961 perseverantia
969 1912 1082 1948 stare
1105 1912 1315 1960 martvres
1339 1912 1465 1959 atque
1487 1905 1686 1957 torqueri,
1722 1908 1763 1944 et
1784 1904 1827 1943 in
1849 1903 1935 1943 suis

197 1979 454 2021 cruciatibus
487 1980 668 2031 gloriari,
700 1979 813 2020 subit
846 1980 975 2020 tacita
1008 1978 1218 2030 cogitatio,
1252 1977 1364 2030 quod
1393 1977 1472 2017 nisi
1494 1988 1641 2017 verum
1664 1979 1775 2016 esset
1796 1974 1932 2014 Evan-

197 2051 361 2103 gelium,
383 2063 602 2103 nunquam
625 2050 830 2101 sanguine
853 2049 1163 2090 defenderetur.
1206 2047 1352 2101 Neque
1383 2048 1492 2088 enim
1517 2047 1695 2087 delicata
1720 2049 1761 2086 et
1783 2044 1934 2085 divitiis

196 2121 371 2163 studens
401 2133 452 2161 ac
483 2133 635 2162 secura
666 2120 877 2162 confessio
911 2125 998 2168 est;
1031 2119 1105 2160 sed
1136 2120 1178 2160 in
1203 2118 1456 2167 carceribus,
1487 2118 1529 2158 in
1551 2117 1696 2169 plagis,
1727 2117 1769 2156 in
1791 2127 1932 2168 perse-

196 2192 449 2240 cutionibus,
472 2192 515 2232 in
536 2191 659 2241 fame,
682 2192 724 2232 in
740 2191 933 2232 nuditate
959 2197 999 2232 et
1014 2191 1091 2234 siti.
1114 2190 1189 2230 Hic
1205 2189 1440 2241 triumphus
1456 2188 1606 2229 estDei
1621 2187 1931 2240 apostolorum-

197 2275 277 2316 que
300 2262 513 2304 victoria.“

316 2355 382 2389 91.
406 2344 648 2389 Scholion.
690 2348 915 2397 Eoeeepti'oni
937 2348 1085 2394 satisfit.
1109 2369 1165 2374 --
1187 2347 1246 2384 Ad
1271 2346 1350 2383 vim
1384 2346 1507 2383 nostri
1538 2345 1760 2394 argumenti
1792 2344 1930 2380 infrin-

195 2407 362 2458 gendam
382 2407 552 2445 libenter
574 2410 786 2456 provocant
809 2406 1023 2444 adversarii
1046 2406 1093 2443 ad
1114 2408 1174 2443 tot
1196 2406 1340 2451 heroas,
1369 2405 1569 2449 fanaticos,
1591 2404 1748 2447 milites,
1774 2403 1841 2451 qui
1862 2415 1926 2450 prs

195 2466 320 2517 gloria
339 2466 403 2504 vel
422 2479 493 2515 pro
516 2479 646 2504 errore
668 2467 730 2504 vel
752 2479 822 2515 pro
843 2466 973 2515 patria
994 2465 1128 2515 gravia
1150 2465 1251 2501 mala.
1273 2466 1311 2501 et
1332 2466 1527 2501 tormenta
1542 2463 1696 2500 fortiter
1712 2462 1929 2499 subierunt.

144 2565 148 2568 ,
195 2537 363 2575 quorum
383 2526 515 2562 tamen
537 2525 730 2562 fortitudo
754 2525 901 2562 censeri
932 2525 1071 2572 nequit
1101 2523 1261 2561 effectus
1293 2523 1469 2571 specialis
1491 2523 1561 2559 Dei
1591 2522 1838 2558 interventus
1870 2520 1931 2556 vel

195 2584 454 2623 assistentiae.
496 2584 643 2622 Verum
664 2584 804 2633 ingens
826 2586 887 2621 est
917 2583 1126 2620 discrimen
1149 2583 1254 2619 inter
1284 2582 1422 2619 horum
1454 2581 1727 2618 fortitudinem
1761 2581 1800 2616 et
1830 2592 1930 2615 mar-

194 2646 329 2693 tyrum
350 2643 539 2680 virtutem
563 2645 681 2691 atque
704 2643 948 2691 patientiam.
984 2642 1082 2679 Sane
1097 2653 1139 2682 a.
1157 2641 1325 2678 occurrit
1340 2640 1549 2677 discrimen
1563 2641 1744 2688 respectu
1758 2638 1930 2675 numeri:

194 2715 285 2740 nam
317 2702 429 2739 nulla
461 2714 558 2751 gens
592 2705 652 2739 tot
685 2702 831 2747 heroas,
867 2702 977 2738 nulla
1011 2703 1116 2738 secta
1149 2702 1211 2737 tot
1240 2699 1411 2748 proferre
1445 2701 1636 2747 martyres
1671 2699 1801 2746 potest
1835 2699 1928 2744 quot

194 2761 363 2799 Ecclesia
384 2763 575 2798 numerat.
618 2759 666 2801 b.
690 2761 883 2810 Martyres
905 2760 1095 2797 Ecclesiae
1117 2772 1195 2797 non
1217 2759 1381 2795 fuerunt
1402 2760 1557 2795 tantum
1579 2756 1655 2793 viri
1676 2755 1839 2798 robusti,
1863 2754 1927 2791 sed

194 2820 348 2869 puellae
370 2822 410 2857 et
429 2819 604 2869 virgines
618 2821 786 2864 tenerae,
809 2820 1006 2863 mulieres,
1029 2819 1215 2861 infirmae,
1237 2819 1442 2866 provectae
1457 2816 1595 2853 aet-atis
1613 2827 1734 2852 senes.
1768 2813 1819 2850 Cr.
1836 2813 1929 2848 Min.

194 2878 336 2916 Felix
356 2879 399 2915 in
421 2878 581 2916 Octavio
603 2892 641 2916 n.
667 2885 716 2918 37
743 2890 841 2927 opus
863 2877 940 2921 XV,
971 2883 1063 2917 104.
1105 2877 1302 2914 Differunt
1336 2885 1374 2915 ρ.
1397 2877 1613 2917 tormenta;
1648 2874 1792 2910 talibus
1826 2871 1927 2907 enim

194 2939 353 2985 tamque
373 2937 576 2975 horrendis
596 2937 815 2983 tormentis,
852 2936 985 2985 qualia
1006 2936 1281 2973 sustinuerunt
1311 2936 1503 2982 martyres
1534 2933 1670 2971 nostri,
1704 2931 1836 2968 nullus
1867 2929 1929 2965 vel

195 2995 276 3033 fere
306 2996 440 3033 nullus
471 3008 617 3041 eorum,
654 2996 722 3044 qui
751 2995 993 3044 martyribus
1029 2995 1155 3032 solent
1185 2993 1340 3042 opponi,
1377 2993 1575 3040 subjectus
1607 2991 1693 3028 fuit.
1736 2988 1927 3025 Differunt

197 3052 242 3094 d.
266 3054 341 3091 alia
362 3054 557 3102 adjuncta,
587 3055 631 3091 in
651 3055 788 3103 primis
811 3054 916 3102 quod
940 3055 1131 3102 martyres
1154 3052 1357 3090 christiani
1380 3051 1551 3088 omnium
1586 3050 1781 3085 virtutum
1812 3045 1927 3082 comi-

195 3115 284 3150 tatu
306 3125 415 3150 suam
438 3112 717 3150 confessionem
739 3114 978 3150 ornaverunt
1001 3123 1229 3160 summaque
1251 3110 1433 3147 libertate
1458 3109 1640 3146 obierunt
1654 3107 1827 3148 mortem,
1851 3115 1927 3139 non

1967 2307 2080 2353 Μ
