<?xml version="1.0" encoding="UTF-8"?>
<!DOCTYPE html PUBLIC "-//W3C//DTD XHTML 1.0 Transitional//EN"
    "http://www.w3.org/TR/xhtml1/DTD/xhtml1-transitional.dtd">
<html xmlns="http://www.w3.org/1999/xhtml" xml:lang="en" lang="en">
 <head>
  <title>
</title>
<meta http-equiv="Content-Type" content="text/html;charset=utf-8" />
  <meta name='ocr-system' content='tesseract 3.04.00' />
  <meta name='ocr-capabilities' content='ocr_page ocr_carea ocr_par ocr_line ocrx_word'/>
</head>
<body>
  <div class='ocr_page' id='page_1' title='image "./theologiaedogmat01hurt/theologiaedogmat01hurt_0095.png"; bbox 0 0 2175 3382; ppageno 0'>
   <div class='ocr_carea' id='block_1_1' title="bbox 724 112 1925 166">
    <p class='ocr_par' dir='ltr' id='par_1_1' title="bbox 724 112 1925 166">
     <span class='ocr_line' id='line_1_1' title="bbox 724 112 1925 166; baseline 0.007 -21"><span class='ocrx_word' id='word_1_1' title='bbox 724 112 888 146; x_wconf 85' lang='lat' dir='ltr'>criminis</span> <span class='ocrx_word' id='word_1_2' title='bbox 906 114 1032 158; x_wconf 74' lang='lat' dir='ltr'>rejecti</span> <span class='ocrx_word' id='word_1_3' title='bbox 1051 114 1206 149; x_wconf 82' lang='lat' dir='ltr'>Messiae</span> <span class='ocrx_word' id='word_1_4' title='bbox 1227 117 1311 150; x_wconf 85' lang='lat' dir='ltr'>sunt</span> <span class='ocrx_word' id='word_1_5' title='bbox 1329 117 1389 150; x_wconf 87' lang='lat' dir='ltr'>rei.</span> <span class='ocrx_word' id='word_1_6' title='bbox 1871 124 1925 166; x_wconf 76' lang='lat'>85</span> 
     </span>
    </p>
   </div>
   <div class='ocr_carea' id='block_1_2' title="bbox 196 230 1928 357">
    <p class='ocr_par' dir='ltr' id='par_1_2' title="bbox 196 230 1928 357">
     <span class='ocr_line' id='line_1_2' title="bbox 196 230 1926 289; baseline 0.005 -18"><span class='ocrx_word' id='word_1_7' title='bbox 196 234 368 282; x_wconf 81' lang='lat' dir='ltr'>rogatus</span> <span class='ocrx_word' id='word_1_8' title='bbox 382 242 593 282; x_wconf 89' lang='lat' dir='ltr'>responsa</span> <span class='ocrx_word' id='word_1_9' title='bbox 614 230 744 271; x_wconf 85' lang='lat' dir='ltr'>dabat</span> <span class='ocrx_word' id='word_1_10' title='bbox 769 243 844 283; x_wconf 89' lang='lat' dir='ltr'>per</span> <span class='ocrx_word' id='word_1_11' title='bbox 866 245 1079 272; x_wconf 89' lang='lat' dir='ltr'>summum</span> <span class='ocrx_word' id='word_1_12' title='bbox 1094 233 1348 284; x_wconf 76' lang='lat' dir='ltr'>pontificem,</span> <span class='ocrx_word' id='word_1_13' title='bbox 1370 235 1609 277; x_wconf 85' lang='lat' dir='ltr'>visitatione</span> <span class='ocrx_word' id='word_1_14' title='bbox 1624 237 1926 289; x_wconf 87' lang='lat' dir='ltr'>prophetarum</span> 
     </span>
     <span class='ocr_line' id='line_1_3' title="bbox 196 300 1928 357; baseline 0.003 -15"><span class='ocrx_word' id='word_1_15' title='bbox 196 312 428 353; x_wconf 89' lang='lat' dir='ltr'>eorumque</span> <span class='ocrx_word' id='word_1_16' title='bbox 470 300 822 349; x_wconf 76' lang='lat' dir='ltr'>revelationibus,</span> <span class='ocrx_word' id='word_1_17' title='bbox 870 302 1066 351; x_wconf 86' lang='lat' dir='ltr'>consiliis,</span> <span class='ocrx_word' id='word_1_18' title='bbox 1100 303 1261 343; x_wconf 86' lang='lat' dir='ltr'>solatiis</span> <span class='ocrx_word' id='word_1_19' title='bbox 1293 308 1370 345; x_wconf 84' lang='lat' dir='ltr'>etc.</span> <span class='ocrx_word' id='word_1_20' title='bbox 1412 304 1651 357; x_wconf 81' lang='lat' dir='ltr'>Adimpleta</span> <span class='ocrx_word' id='word_1_21' title='bbox 1684 308 1795 347; x_wconf 89' lang='lat' dir='ltr'>enim</span> <span class='ocrx_word' id='word_1_22' title='bbox 1830 313 1928 349; x_wconf 89' lang='lat' dir='ltr'>sunt</span> 
     </span>
    </p>
   </div>
   <div class='ocr_carea' id='block_1_3' title="bbox 196 371 1931 1414">
    <p class='ocr_par' dir='ltr' id='par_1_3' title="bbox 196 371 1931 1414">
     <span class='ocr_line' id='line_1_4' title="bbox 197 371 1923 431; baseline 0.006 -20"><span class='ocrx_word' id='word_1_23' title='bbox 197 371 329 412; x_wconf 90' lang='lat' dir='ltr'>verba</span> <span class='ocrx_word' id='word_1_24' title='bbox 351 371 530 412; x_wconf 89' lang='lat' dir='ltr'>Azariae</span> <span class='ocrx_word' id='word_1_25' title='bbox 552 371 786 424; x_wconf 87' lang='lat' dir='ltr'>prophetae</span> <span class='ocrx_word' id='word_1_26' title='bbox 811 376 836 416; x_wconf 80' lang='grc'><em>2</em></span> <span class='ocrx_word' id='word_1_27' title='bbox 858 372 1036 425; x_wconf 86' lang='lat' dir='ltr'>Paralip.</span> <span class='ocrx_word' id='word_1_28' title='bbox 1065 376 1129 423; x_wconf 76' lang='lat'>15,</span> <span class='ocrx_word' id='word_1_29' title='bbox 1165 376 1201 416; x_wconf 85' lang='lat'>3.</span> <span class='ocrx_word' id='word_1_30' title='bbox 1224 377 1252 416; x_wconf 78' lang='lat'>4</span> <span class='ocrx_word' id='word_1_31' title='bbox 1279 378 1320 414; x_wconf 89' lang='lat' dir='ltr'>et</span> <span class='ocrx_word' id='word_1_32' title='bbox 1341 376 1509 425; x_wconf 84' lang='lat' dir='ltr'>gemina</span> <span class='ocrx_word' id='word_1_33' title='bbox 1531 373 1666 418; x_wconf 86' lang='lat' dir='ltr'>Oseae</span> <span class='ocrx_word' id='word_1_34' title='bbox 1690 383 1727 427; x_wconf 83' lang='lat'>3,</span> <span class='ocrx_word' id='word_1_35' title='bbox 1750 383 1777 422; x_wconf 89' lang='lat'>4</span> <span class='ocrx_word' id='word_1_36' title='bbox 1798 392 1923 431; x_wconf 89' lang='lat' dir='ltr'>prae-</span> 
     </span>
     <span class='ocr_line' id='line_1_5' title="bbox 196 442 1927 501; baseline 0.004 -18"><span class='ocrx_word' id='word_1_37' title='bbox 196 442 395 483; x_wconf 86' lang='lat' dir='ltr'>dicentis:</span> <span class='ocrx_word' id='word_1_38' title='bbox 427 442 528 482; x_wconf 77' lang='lat' dir='ltr'>Dies</span> <span class='ocrx_word' id='word_1_39' title='bbox 556 442 704 482; x_wconf 76' lang='lat' dir='ltr'>multos</span> <span class='ocrx_word' id='word_1_40' title='bbox 726 442 917 483; x_wconf 72' lang='lat' dir='ltr'>sedebunt</span> <span class='ocrx_word' id='word_1_41' title='bbox 936 443 1015 495; x_wconf 71' lang='lat' dir='ltr'>filii</span> <span class='ocrx_word' id='word_1_42' title='bbox 1037 442 1171 484; x_wconf 76' lang='lat' dir='ltr'>Israel</span> <span class='ocrx_word' id='word_1_43' title='bbox 1192 445 1279 484; x_wconf 79' lang='lat' dir='ltr'>sine</span> <span class='ocrx_word' id='word_1_44' title='bbox 1302 458 1389 498; x_wconf 57' lang='lat' dir='ltr'>resse</span> <span class='ocrx_word' id='word_1_45' title='bbox 1411 449 1445 485; x_wconf 78' lang='lat' dir='ltr'>et</span> <span class='ocrx_word' id='word_1_46' title='bbox 1467 448 1552 486; x_wconf 68' lang='lat' dir='ltr'>sine</span> <span class='ocrx_word' id='word_1_47' title='bbox 1566 449 1760 501; x_wconf 73' lang='lat' dir='ltr'>principe</span> <span class='ocrx_word' id='word_1_48' title='bbox 1782 454 1816 489; x_wconf 73' lang='lat' dir='ltr'>et</span> <span class='ocrx_word' id='word_1_49' title='bbox 1839 451 1927 490; x_wconf 66' lang='lat' dir='ltr'>sine</span> 
     </span>
     <span class='ocr_line' id='line_1_6' title="bbox 196 513 1924 569; baseline 0.003 -16"><span class='ocrx_word' id='word_1_50' title='bbox 196 513 400 566; x_wconf 74' lang='lat' dir='ltr'>sacrificio</span> <span class='ocrx_word' id='word_1_51' title='bbox 431 518 468 553; x_wconf 74' lang='lat' dir='ltr'>et</span> <span class='ocrx_word' id='word_1_52' title='bbox 500 513 587 553; x_wconf 76' lang='lat' dir='ltr'>sine</span> <span class='ocrx_word' id='word_1_53' title='bbox 622 513 749 553; x_wconf 77' lang='lat' dir='ltr'>altari</span> <span class='ocrx_word' id='word_1_54' title='bbox 783 517 819 552; x_wconf 63' lang='lat' dir='ltr'>et</span> <span class='ocrx_word' id='word_1_55' title='bbox 853 514 940 553; x_wconf 70' lang='lat' dir='ltr'>sine</span> <span class='ocrx_word' id='word_1_56' title='bbox 978 513 1106 567; x_wconf 75' lang='lat' dir='ltr'>ephod</span> <span class='ocrx_word' id='word_1_57' title='bbox 1140 518 1175 554; x_wconf 78' lang='lat' dir='ltr'>et</span> <span class='ocrx_word' id='word_1_58' title='bbox 1209 515 1296 554; x_wconf 78' lang='lat' dir='ltr'>sine</span> <span class='ocrx_word' id='word_1_59' title='bbox 1328 515 1547 569; x_wconf 74' lang='lat' dir='ltr'>tlzerapc&#39;m,</span> <span class='ocrx_word' id='word_1_60' title='bbox 1580 518 1601 556; x_wconf 93' lang='lat' dir='ltr'>i.</span> <span class='ocrx_word' id='word_1_61' title='bbox 1635 530 1668 561; x_wconf 84' lang='lat' dir='ltr'>e.</span> <span class='ocrx_word' id='word_1_62' title='bbox 1694 520 1924 560; x_wconf 84' lang='lat' dir='ltr'>Secundum</span> 
     </span>
     <span class='ocr_line' id='line_1_7' title="bbox 197 583 1925 636; baseline 0.003 -12"><span class='ocrx_word' id='word_1_63' title='bbox 197 583 584 636; x_wconf 77' lang='lat' dir='ltr'>Hieronymum</span> <span class='ocrx_word' id='word_1_64' title='bbox 622 583 735 633; x_wconf 87' lang='lat' dir='ltr'>„sine</span> <span class='ocrx_word' id='word_1_65' title='bbox 765 583 1055 624; x_wconf 82' lang='lat' dir='ltr'>instrumentis</span> <span class='ocrx_word' id='word_1_66' title='bbox 1091 584 1369 625; x_wconf 86' lang='lat' dir='ltr'>sacerdotalis</span> <span class='ocrx_word' id='word_1_67' title='bbox 1400 585 1568 626; x_wconf 89' lang='lat' dir='ltr'>habitus</span> <span class='ocrx_word' id='word_1_68' title='bbox 1600 592 1641 627; x_wconf 92' lang='lat' dir='ltr'>et</span> <span class='ocrx_word' id='word_1_69' title='bbox 1675 589 1764 629; x_wconf 89' lang='lat' dir='ltr'>sine</span> <span class='ocrx_word' id='word_1_70' title='bbox 1796 590 1925 630; x_wconf 86' lang='lat' dir='ltr'>simu-</span> 
     </span>
     <span class='ocr_line' id='line_1_8' title="bbox 196 652 1925 710; baseline 0.003 -16"><span class='ocrx_word' id='word_1_71' title='bbox 196 654 321 694; x_wconf 91' lang='lat' dir='ltr'>lacris</span> <span class='ocrx_word' id='word_1_72' title='bbox 343 653 591 695; x_wconf 86' lang='lat' dir='ltr'>idolorum.“</span> <span class='ocrx_word' id='word_1_73' title='bbox 635 652 700 693; x_wconf 90' lang='lat' dir='ltr'>Ad</span> <span class='ocrx_word' id='word_1_74' title='bbox 723 665 832 705; x_wconf 91' lang='lat' dir='ltr'>quae</span> <span class='ocrx_word' id='word_1_75' title='bbox 854 654 1085 705; x_wconf 75' lang='lat' dir='ltr'>respiciens</span> <span class='ocrx_word' id='word_1_76' title='bbox 1107 653 1484 696; x_wconf 78' lang='lat' dir='ltr'>Tertullianus</span> <span class='ocrx_word' id='word_1_77' title='bbox 1507 657 1565 696; x_wconf 87' lang='lat' dir='ltr'>ita</span> <span class='ocrx_word' id='word_1_78' title='bbox 1587 657 1731 698; x_wconf 78' lang='lat' dir='ltr'>scribit</span> <span class='ocrx_word' id='word_1_79' title='bbox 1752 659 1803 699; x_wconf 92' lang='lat' dir='ltr'>de</span> <span class='ocrx_word' id='word_1_80' title='bbox 1827 660 1925 710; x_wconf 88' lang='lat' dir='ltr'>ipsis</span> 
     </span>
     <span class='ocr_line' id='line_1_9' title="bbox 196 723 1928 779; baseline 0.002 -13"><span class='ocrx_word' id='word_1_81' title='bbox 196 724 315 777; x_wconf 91' lang='lat' dir='ltr'>Apol.</span> <span class='ocrx_word' id='word_1_82' title='bbox 339 737 374 765; x_wconf 91' lang='lat' dir='ltr'>c.</span> <span class='ocrx_word' id='word_1_83' title='bbox 399 726 477 768; x_wconf 75' lang='lat'>22:</span> <span class='ocrx_word' id='word_1_84' title='bbox 519 723 738 776; x_wconf 82' lang='lat' dir='ltr'>„Dispersi,</span> <span class='ocrx_word' id='word_1_85' title='bbox 770 724 1014 776; x_wconf 79' lang='lat' dir='ltr'>palabundi,</span> <span class='ocrx_word' id='word_1_86' title='bbox 1046 729 1087 765; x_wconf 89' lang='lat' dir='ltr'>et</span> <span class='ocrx_word' id='word_1_87' title='bbox 1118 725 1225 765; x_wconf 90' lang='lat' dir='ltr'>coeli</span> <span class='ocrx_word' id='word_1_88' title='bbox 1256 730 1297 766; x_wconf 85' lang='lat' dir='ltr'>et</span> <span class='ocrx_word' id='word_1_89' title='bbox 1323 725 1400 766; x_wconf 86' lang='lat' dir='ltr'>soli</span> <span class='ocrx_word' id='word_1_90' title='bbox 1423 727 1487 766; x_wconf 91' lang='lat' dir='ltr'>sui</span> <span class='ocrx_word' id='word_1_91' title='bbox 1510 731 1699 768; x_wconf 82' lang='lat' dir='ltr'>extorres</span> <span class='ocrx_word' id='word_1_92' title='bbox 1722 733 1928 779; x_wconf 77' lang='lat' dir='ltr'>vagantur</span> 
     </span>
     <span class='ocr_line' id='line_1_10' title="bbox 197 794 1928 850; baseline 0.002 -15"><span class='ocrx_word' id='word_1_93' title='bbox 197 807 273 848; x_wconf 86' lang='lat' dir='ltr'>per</span> <span class='ocrx_word' id='word_1_94' title='bbox 295 794 456 844; x_wconf 85' lang='lat' dir='ltr'>orbem,</span> <span class='ocrx_word' id='word_1_95' title='bbox 480 795 571 836; x_wconf 88' lang='lat' dir='ltr'>sine</span> <span class='ocrx_word' id='word_1_96' title='bbox 593 795 778 844; x_wconf 88' lang='lat' dir='ltr'>homine,</span> <span class='ocrx_word' id='word_1_97' title='bbox 810 795 899 835; x_wconf 88' lang='lat' dir='ltr'>sine</span> <span class='ocrx_word' id='word_1_98' title='bbox 921 794 1009 836; x_wconf 91' lang='lat' dir='ltr'>Deo</span> <span class='ocrx_word' id='word_1_99' title='bbox 1033 807 1142 847; x_wconf 84' lang='lat' dir='ltr'>rege,</span> <span class='ocrx_word' id='word_1_100' title='bbox 1174 795 1325 848; x_wconf 89' lang='lat' dir='ltr'>quibus</span> <span class='ocrx_word' id='word_1_101' title='bbox 1347 808 1426 837; x_wconf 89' lang='lat' dir='ltr'>nec</span> <span class='ocrx_word' id='word_1_102' title='bbox 1449 796 1709 838; x_wconf 85' lang='lat' dir='ltr'>advenarum</span> <span class='ocrx_word' id='word_1_103' title='bbox 1727 798 1822 850; x_wconf 81' lang='lat' dir='ltr'>jure</span> <span class='ocrx_word' id='word_1_104' title='bbox 1845 803 1928 838; x_wconf 89' lang='lat' dir='ltr'>ter-</span> 
     </span>
     <span class='ocr_line' id='line_1_11' title="bbox 197 865 1929 921; baseline 0.001 -14"><span class='ocrx_word' id='word_1_105' title='bbox 197 878 288 907; x_wconf 85' lang='lat' dir='ltr'>ram</span> <span class='ocrx_word' id='word_1_106' title='bbox 312 866 496 918; x_wconf 87' lang='lat' dir='ltr'>patriam</span> <span class='ocrx_word' id='word_1_107' title='bbox 520 865 673 906; x_wconf 87' lang='lat' dir='ltr'>saltem</span> <span class='ocrx_word' id='word_1_108' title='bbox 688 866 864 918; x_wconf 85' lang='lat' dir='ltr'>vestigio</span> <span class='ocrx_word' id='word_1_109' title='bbox 879 866 1064 906; x_wconf 86' lang='lat' dir='ltr'>salutare</span> <span class='ocrx_word' id='word_1_110' title='bbox 1080 866 1326 907; x_wconf 81' lang='lat' dir='ltr'>conceditur</span> <span class='ocrx_word' id='word_1_111' title='bbox 1346 868 1409 921; x_wconf 85' lang='lat'>1).“</span> <span class='ocrx_word' id='word_1_112' title='bbox 1442 867 1681 920; x_wconf 87' lang='lat' dir='ltr'>Adimpleta</span> <span class='ocrx_word' id='word_1_113' title='bbox 1702 872 1800 908; x_wconf 87' lang='lat' dir='ltr'>sunt</span> <span class='ocrx_word' id='word_1_114' title='bbox 1821 881 1929 920; x_wconf 91' lang='lat' dir='ltr'>quae</span> 
     </span>
     <span class='ocr_line' id='line_1_12' title="bbox 196 935 1928 989; baseline 0.002 -12"><span class='ocrx_word' id='word_1_115' title='bbox 196 935 404 989; x_wconf 80' lang='lat' dir='ltr'>praedixit</span> <span class='ocrx_word' id='word_1_116' title='bbox 427 935 573 977; x_wconf 90' lang='lat' dir='ltr'>Daniel</span> <span class='ocrx_word' id='word_1_117' title='bbox 597 939 634 985; x_wconf 80' lang='lat'>9,</span> <span class='ocrx_word' id='word_1_118' title='bbox 658 940 713 980; x_wconf 76' lang='lat'>26</span> <span class='ocrx_word' id='word_1_119' title='bbox 747 936 798 977; x_wconf 90' lang='lat' dir='ltr'>de</span> <span class='ocrx_word' id='word_1_120' title='bbox 831 936 1116 977; x_wconf 86' lang='lat' dir='ltr'>destructione</span> <span class='ocrx_word' id='word_1_121' title='bbox 1140 936 1256 978; x_wconf 88' lang='lat' dir='ltr'>urbis</span> <span class='ocrx_word' id='word_1_122' title='bbox 1280 942 1320 978; x_wconf 85' lang='lat' dir='ltr'>et</span> <span class='ocrx_word' id='word_1_123' title='bbox 1342 937 1496 989; x_wconf 86' lang='lat' dir='ltr'>templi,</span> <span class='ocrx_word' id='word_1_124' title='bbox 1520 942 1561 979; x_wconf 90' lang='lat' dir='ltr'>et</span> <span class='ocrx_word' id='word_1_125' title='bbox 1582 939 1713 979; x_wconf 88' lang='lat' dir='ltr'>lsaias</span> <span class='ocrx_word' id='word_1_126' title='bbox 1737 943 1803 989; x_wconf 77' lang='lat'>65,</span> <span class='ocrx_word' id='word_1_127' title='bbox 1830 942 1850 981; x_wconf 85' lang='lat'>1</span> <span class='ocrx_word' id='word_1_128' title='bbox 1875 953 1928 980; x_wconf 88' lang='lat' dir='ltr'>ss.</span> 
     </span>
     <span class='ocr_line' id='line_1_13' title="bbox 197 1006 1928 1059; baseline 0.001 -12"><span class='ocrx_word' id='word_1_129' title='bbox 197 1006 250 1047; x_wconf 91' lang='lat' dir='ltr'>de</span> <span class='ocrx_word' id='word_1_130' title='bbox 271 1007 415 1059; x_wconf 87' lang='lat' dir='ltr'>populi</span> <span class='ocrx_word' id='word_1_131' title='bbox 438 1007 701 1059; x_wconf 89' lang='lat' dir='ltr'>dispersione</span> <span class='ocrx_word' id='word_1_132' title='bbox 725 1011 766 1047; x_wconf 88' lang='lat' dir='ltr'>et</span> <span class='ocrx_word' id='word_1_133' title='bbox 788 1006 1091 1059; x_wconf 87' lang='lat' dir='ltr'>reprobatione</span> <span class='ocrx_word' id='word_1_134' title='bbox 1115 1012 1156 1048; x_wconf 84' lang='lat' dir='ltr'>et</span> <span class='ocrx_word' id='word_1_135' title='bbox 1178 1008 1229 1049; x_wconf 93' lang='lat' dir='ltr'>de</span> <span class='ocrx_word' id='word_1_136' title='bbox 1253 1020 1401 1048; x_wconf 91' lang='lat' dir='ltr'>eorum</span> <span class='ocrx_word' id='word_1_137' title='bbox 1416 1009 1716 1049; x_wconf 80' lang='lat' dir='ltr'>excoecatione</span> <span class='ocrx_word' id='word_1_138' title='bbox 1732 1012 1798 1058; x_wconf 78' lang='lat'>29,</span> <span class='ocrx_word' id='word_1_139' title='bbox 1814 1013 1839 1053; x_wconf 81' lang='lat'>9</span> <span class='ocrx_word' id='word_1_140' title='bbox 1855 1023 1928 1050; x_wconf 87' lang='lat' dir='ltr'>ss.:</span> 
     </span>
     <span class='ocr_line' id='line_1_14' title="bbox 196 1077 1929 1131; baseline 0.001 -13"><span class='ocrx_word' id='word_1_141' title='bbox 196 1077 308 1118; x_wconf 90' lang='lat' dir='ltr'>unde</span> <span class='ocrx_word' id='word_1_142' title='bbox 332 1081 480 1118; x_wconf 82' lang='lat' dir='ltr'>carent</span> <span class='ocrx_word' id='word_1_143' title='bbox 502 1078 620 1118; x_wconf 91' lang='lat' dir='ltr'>omni</span> <span class='ocrx_word' id='word_1_144' title='bbox 641 1078 877 1130; x_wconf 79' lang='lat' dir='ltr'>prophetia,</span> <span class='ocrx_word' id='word_1_145' title='bbox 909 1089 1057 1118; x_wconf 92' lang='lat' dir='ltr'>eorum</span> <span class='ocrx_word' id='word_1_146' title='bbox 1089 1078 1187 1118; x_wconf 89' lang='lat' dir='ltr'>libri</span> <span class='ocrx_word' id='word_1_147' title='bbox 1212 1079 1428 1131; x_wconf 87' lang='lat' dir='ltr'>praecipui</span> <span class='ocrx_word' id='word_1_148' title='bbox 1449 1078 1610 1120; x_wconf 87' lang='lat' dir='ltr'>fabellis</span> <span class='ocrx_word' id='word_1_149' title='bbox 1632 1079 1810 1131; x_wconf 84' lang='lat' dir='ltr'>indignis</span> <span class='ocrx_word' id='word_1_150' title='bbox 1832 1085 1929 1120; x_wconf 89' lang='lat' dir='ltr'>sunt</span> 
     </span>
     <span class='ocr_line' id='line_1_15' title="bbox 196 1148 1929 1204; baseline 0 -15"><span class='ocrx_word' id='word_1_151' title='bbox 196 1148 339 1189; x_wconf 79' lang='lat' dir='ltr'>referti</span> <span class='ocrx_word' id='word_1_152' title='bbox 357 1148 415 1204; x_wconf 74' lang='lat'>2),·</span> <span class='ocrx_word' id='word_1_153' title='bbox 436 1148 609 1200; x_wconf 81' lang='lat' dir='ltr'>impleta</span> <span class='ocrx_word' id='word_1_154' title='bbox 624 1160 793 1201; x_wconf 85' lang='lat' dir='ltr'>quoque</span> <span class='ocrx_word' id='word_1_155' title='bbox 816 1153 913 1189; x_wconf 83' lang='lat' dir='ltr'>sunt</span> <span class='ocrx_word' id='word_1_156' title='bbox 934 1148 1004 1189; x_wconf 85' lang='lat' dir='ltr'>illa</span> <span class='ocrx_word' id='word_1_157' title='bbox 1025 1148 1080 1190; x_wconf 84' lang='lat' dir='ltr'>ib.</span> <span class='ocrx_word' id='word_1_158' title='bbox 1097 1152 1164 1198; x_wconf 78' lang='lat'>65,</span> <span class='ocrx_word' id='word_1_159' title='bbox 1183 1151 1255 1193; x_wconf 82' lang='lat'>15:</span> <span class='ocrx_word' id='word_1_160' title='bbox 1278 1149 1333 1189; x_wconf 81' lang='lat' dir='ltr'>Et</span> <span class='ocrx_word' id='word_1_161' title='bbox 1355 1149 1565 1189; x_wconf 62' lang='lat' dir='ltr'>dimittetis</span> <span class='ocrx_word' id='word_1_162' title='bbox 1586 1164 1729 1190; x_wconf 76' lang='lat' dir='ltr'>nomen</span> <span class='ocrx_word' id='word_1_163' title='bbox 1754 1154 1929 1190; x_wconf 66' lang='lat' dir='ltr'>restrum</span> 
     </span>
     <span class='ocr_line' id='line_1_16' title="bbox 201 1219 1931 1274; baseline 0.001 -15"><span class='ocrx_word' id='word_1_164' title='bbox 201 1221 244 1259; x_wconf 79' lang='grc' dir='ltr'>ἰη</span> <span class='ocrx_word' id='word_1_165' title='bbox 254 1221 546 1274; x_wconf 70' lang='lat' dir='ltr'>juramentum</span> <span class='ocrx_word' id='word_1_166' title='bbox 569 1219 703 1261; x_wconf 77' lang='lat' dir='ltr'>electis</span> <span class='ocrx_word' id='word_1_167' title='bbox 724 1221 846 1261; x_wconf 75' lang='lat' dir='ltr'>meis:</span> <span class='ocrx_word' id='word_1_168' title='bbox 870 1225 905 1260; x_wconf 76' lang='lat' dir='ltr'>et</span> <span class='ocrx_word' id='word_1_169' title='bbox 929 1221 1143 1273; x_wconf 73' lang='lat' dir='ltr'>interficiet</span> <span class='ocrx_word' id='word_1_170' title='bbox 1165 1228 1199 1261; x_wconf 77' lang='lat' dir='ltr'>te</span> <span class='ocrx_word' id='word_1_171' title='bbox 1221 1220 1426 1261; x_wconf 67' lang='lat' dir='ltr'>Dominus</span> <span class='ocrx_word' id='word_1_172' title='bbox 1447 1220 1574 1271; x_wconf 65' lang='lat' dir='ltr'>Deus,</span> <span class='ocrx_word' id='word_1_173' title='bbox 1607 1225 1642 1261; x_wconf 71' lang='lat' dir='ltr'>ec</span> <span class='ocrx_word' id='word_1_174' title='bbox 1674 1234 1806 1262; x_wconf 63' lang='lat' dir='ltr'>servos</span> <span class='ocrx_word' id='word_1_175' title='bbox 1838 1234 1931 1262; x_wconf 74' lang='lat' dir='ltr'>suos</span> 
     </span>
     <span class='ocr_line' id='line_1_17' title="bbox 197 1290 1931 1347; baseline 0.001 -17"><span class='ocrx_word' id='word_1_176' title='bbox 197 1290 355 1331; x_wconf 70' lang='lat' dir='ltr'>vocabit</span> <span class='ocrx_word' id='word_1_177' title='bbox 385 1292 548 1331; x_wconf 66' lang='lat' dir='ltr'>nomine</span> <span class='ocrx_word' id='word_1_178' title='bbox 579 1290 662 1331; x_wconf 74' lang='lat' dir='ltr'>alio</span> <span class='ocrx_word' id='word_1_179' title='bbox 679 1291 725 1347; x_wconf 80' lang='lat'>3),</span> <span class='ocrx_word' id='word_1_180' title='bbox 768 1290 827 1331; x_wconf 85' lang='lat' dir='ltr'>Ex</span> <span class='ocrx_word' id='word_1_181' title='bbox 861 1290 1014 1343; x_wconf 83' lang='lat' dir='ltr'>quibus</span> <span class='ocrx_word' id='word_1_182' title='bbox 1046 1291 1198 1331; x_wconf 88' lang='lat' dir='ltr'>merito</span> <span class='ocrx_word' id='word_1_183' title='bbox 1230 1291 1459 1340; x_wconf 82' lang='lat' dir='ltr'>inferimus,</span> <span class='ocrx_word' id='word_1_184' title='bbox 1486 1291 1666 1343; x_wconf 86' lang='lat' dir='ltr'>judaeos</span> <span class='ocrx_word' id='word_1_185' title='bbox 1698 1292 1931 1343; x_wconf 81' lang='lat' dir='ltr'>gravissimi</span> 
     </span>
     <span class='ocr_line' id='line_1_18' title="bbox 204 1361 883 1414; baseline 0.001 -13"><span class='ocrx_word' id='word_1_186' title='bbox 204 1361 425 1414; x_wconf 85' lang='lat' dir='ltr'>cujusdam</span> <span class='ocrx_word' id='word_1_187' title='bbox 448 1362 636 1402; x_wconf 89' lang='lat' dir='ltr'>criminis</span> <span class='ocrx_word' id='word_1_188' title='bbox 659 1373 753 1403; x_wconf 89' lang='lat' dir='ltr'>esse</span> <span class='ocrx_word' id='word_1_189' title='bbox 775 1374 883 1402; x_wconf 91' lang='lat' dir='ltr'>reos.</span> 
     </span>
    </p>
   </div>
   <div class='ocr_carea' id='block_1_4' title="bbox 197 1447 1937 2026">
    <p class='ocr_par' dir='ltr' id='par_1_4' title="bbox 197 1447 1937 2026">
     <span class='ocr_line' id='line_1_19' title="bbox 315 1447 1932 1496; baseline -0.001 -12"><span class='ocrx_word' id='word_1_190' title='bbox 315 1447 425 1492; x_wconf 82' lang='lat' dir='ltr'>Nam,</span> <span class='ocrx_word' id='word_1_191' title='bbox 450 1450 496 1485; x_wconf 83' lang='lat' dir='ltr'>ut</span> <span class='ocrx_word' id='word_1_192' title='bbox 518 1448 715 1485; x_wconf 85' lang='lat' dir='ltr'>subsnmit</span> <span class='ocrx_word' id='word_1_193' title='bbox 738 1448 947 1486; x_wconf 86' lang='lat' dir='ltr'>Grotius</span> <span class='ocrx_word' id='word_1_194' title='bbox 970 1448 1015 1485; x_wconf 89' lang='lat' dir='ltr'>de</span> <span class='ocrx_word' id='word_1_195' title='bbox 1038 1448 1149 1485; x_wconf 80' lang='lat' dir='ltr'>verit.</span> <span class='ocrx_word' id='word_1_196' title='bbox 1170 1448 1238 1487; x_wconf 88' lang='lat' dir='ltr'>rel.</span> <span class='ocrx_word' id='word_1_197' title='bbox 1262 1448 1338 1484; x_wconf 86' lang='lat' dir='ltr'>chr.</span> <span class='ocrx_word' id='word_1_198' title='bbox 1361 1449 1385 1486; x_wconf 95' lang='lat' dir='ltr'>l.</span> <span class='ocrx_word' id='word_1_199' title='bbox 1412 1455 1432 1488; x_wconf 85' lang='lat'>5</span> <span class='ocrx_word' id='word_1_200' title='bbox 1458 1460 1486 1485; x_wconf 90' lang='lat' dir='ltr'>c.</span> <span class='ocrx_word' id='word_1_201' title='bbox 1517 1455 1578 1493; x_wconf 81' lang='lat'>16,</span> <span class='ocrx_word' id='word_1_202' title='bbox 1604 1474 1619 1491; x_wconf 70' lang='lat'>»</span> <span class='ocrx_word' id='word_1_203' title='bbox 1631 1447 1809 1496; x_wconf 87' lang='lat' dir='ltr'>promisit</span> <span class='ocrx_word' id='word_1_204' title='bbox 1830 1448 1932 1483; x_wconf 89' lang='lat' dir='ltr'>Deus</span> 
     </span>
     <span class='ocr_line' id='line_1_20' title="bbox 197 1506 1931 1556; baseline -0.001 -13"><span class='ocrx_word' id='word_1_205' title='bbox 197 1506 351 1544; x_wconf 84' lang='lat' dir='ltr'>foedere</span> <span class='ocrx_word' id='word_1_206' title='bbox 371 1520 442 1556; x_wconf 88' lang='lat' dir='ltr'>per</span> <span class='ocrx_word' id='word_1_207' title='bbox 465 1508 623 1556; x_wconf 80' lang='lat' dir='ltr'>Moysen</span> <span class='ocrx_word' id='word_1_208' title='bbox 644 1508 742 1544; x_wconf 88' lang='lat' dir='ltr'>inito</span> <span class='ocrx_word' id='word_1_209' title='bbox 765 1507 860 1556; x_wconf 86' lang='lat' dir='ltr'>ipsis</span> <span class='ocrx_word' id='word_1_210' title='bbox 881 1507 1033 1544; x_wconf 84' lang='lat' dir='ltr'>felicem</span> <span class='ocrx_word' id='word_1_211' title='bbox 1055 1507 1334 1555; x_wconf 85' lang='lat' dir='ltr'>possessionem</span> <span class='ocrx_word' id='word_1_212' title='bbox 1360 1510 1485 1544; x_wconf 88' lang='lat' dir='ltr'>terrae</span> <span class='ocrx_word' id='word_1_213' title='bbox 1507 1507 1762 1551; x_wconf 79' lang='lat' dir='ltr'>Palaestinae,</span> <span class='ocrx_word' id='word_1_214' title='bbox 1795 1518 1931 1553; x_wconf 85' lang='lat' dir='ltr'>qnam-</span> 
     </span>
     <span class='ocr_line' id='line_1_21' title="bbox 198 1565 1933 1616; baseline -0.001 -14"><span class='ocrx_word' id='word_1_215' title='bbox 198 1565 266 1602; x_wconf 84' lang='lat' dir='ltr'>diu</span> <span class='ocrx_word' id='word_1_216' title='bbox 288 1566 408 1603; x_wconf 85' lang='lat' dir='ltr'>vitam</span> <span class='ocrx_word' id='word_1_217' title='bbox 431 1579 540 1603; x_wconf 88' lang='lat' dir='ltr'>suam</span> <span class='ocrx_word' id='word_1_218' title='bbox 572 1566 620 1603; x_wconf 88' lang='lat' dir='ltr'>ad</span> <span class='ocrx_word' id='word_1_219' title='bbox 641 1566 741 1616; x_wconf 83' lang='lat' dir='ltr'>legis</span> <span class='ocrx_word' id='word_1_220' title='bbox 764 1566 1049 1615; x_wconf 83' lang='lat' dir='ltr'>praescriptum</span> <span class='ocrx_word' id='word_1_221' title='bbox 1081 1567 1376 1613; x_wconf 86' lang='lat' dir='ltr'>componerent:</span> <span class='ocrx_word' id='word_1_222' title='bbox 1410 1567 1543 1603; x_wconf 88' lang='lat' dir='ltr'>contra</span> <span class='ocrx_word' id='word_1_223' title='bbox 1574 1566 1605 1602; x_wconf 88' lang='lat' dir='ltr'>si</span> <span class='ocrx_word' id='word_1_224' title='bbox 1636 1565 1818 1602; x_wconf 86' lang='lat' dir='ltr'>adversus</span> <span class='ocrx_word' id='word_1_225' title='bbox 1849 1577 1933 1601; x_wconf 90' lang='lat' dir='ltr'>eam</span> 
     </span>
     <span class='ocr_line' id='line_1_22' title="bbox 197 1623 1934 1673; baseline -0.001 -12"><span class='ocrx_word' id='word_1_226' title='bbox 197 1625 372 1673; x_wconf 82' lang='lat' dir='ltr'>graviter</span> <span class='ocrx_word' id='word_1_227' title='bbox 394 1625 683 1673; x_wconf 73' lang='lat' dir='ltr'>delinquerent,</span> <span class='ocrx_word' id='word_1_228' title='bbox 707 1625 891 1662; x_wconf 79' lang='lat' dir='ltr'>exsilium</span> <span class='ocrx_word' id='word_1_229' title='bbox 913 1626 1066 1673; x_wconf 84' lang='lat' dir='ltr'>aliaque</span> <span class='ocrx_word' id='word_1_230' title='bbox 1089 1624 1128 1661; x_wconf 88' lang='lat' dir='ltr'>id</span> <span class='ocrx_word' id='word_1_231' title='bbox 1150 1637 1273 1673; x_wconf 81' lang='lat' dir='ltr'>genus</span> <span class='ocrx_word' id='word_1_232' title='bbox 1294 1625 1396 1661; x_wconf 88' lang='lat' dir='ltr'>mala</span> <span class='ocrx_word' id='word_1_233' title='bbox 1417 1624 1512 1673; x_wconf 86' lang='lat' dir='ltr'>ipsis</span> <span class='ocrx_word' id='word_1_234' title='bbox 1533 1624 1706 1661; x_wconf 85' lang='lat' dir='ltr'>minatus</span> <span class='ocrx_word' id='word_1_235' title='bbox 1729 1625 1798 1662; x_wconf 83' lang='lat' dir='ltr'>est.</span> <span class='ocrx_word' id='word_1_236' title='bbox 1823 1623 1934 1667; x_wconf 82' lang='lat' dir='ltr'>Quod</span> 
     </span>
     <span class='ocr_line' id='line_1_23' title="bbox 198 1682 1934 1733; baseline -0.001 -14"><span class='ocrx_word' id='word_1_237' title='bbox 198 1683 231 1720; x_wconf 89' lang='lat' dir='ltr'>si</span> <span class='ocrx_word' id='word_1_238' title='bbox 253 1685 385 1721; x_wconf 87' lang='lat' dir='ltr'>tamen</span> <span class='ocrx_word' id='word_1_239' title='bbox 407 1684 538 1732; x_wconf 84' lang='lat' dir='ltr'>aliquo</span> <span class='ocrx_word' id='word_1_240' title='bbox 567 1686 742 1733; x_wconf 88' lang='lat' dir='ltr'>tempore</span> <span class='ocrx_word' id='word_1_241' title='bbox 772 1684 896 1733; x_wconf 85' lang='lat' dir='ltr'>pressi</span> <span class='ocrx_word' id='word_1_242' title='bbox 918 1684 1032 1721; x_wconf 86' lang='lat' dir='ltr'>malis</span> <span class='ocrx_word' id='word_1_243' title='bbox 1064 1686 1103 1720; x_wconf 86' lang='lat' dir='ltr'>et</span> <span class='ocrx_word' id='word_1_244' title='bbox 1124 1683 1367 1732; x_wconf 84' lang='lat' dir='ltr'>poenitentia</span> <span class='ocrx_word' id='word_1_245' title='bbox 1397 1685 1645 1731; x_wconf 87' lang='lat' dir='ltr'>peccatorum</span> <span class='ocrx_word' id='word_1_246' title='bbox 1666 1682 1776 1719; x_wconf 86' lang='lat' dir='ltr'>ducti</span> <span class='ocrx_word' id='word_1_247' title='bbox 1796 1682 1843 1718; x_wconf 87' lang='lat' dir='ltr'>ad</span> <span class='ocrx_word' id='word_1_248' title='bbox 1867 1682 1934 1718; x_wconf 86' lang='lat' dir='ltr'>ob-</span> 
     </span>
     <span class='ocr_line' id='line_1_24' title="bbox 197 1741 1935 1790; baseline -0.002 -10"><span class='ocrx_word' id='word_1_249' title='bbox 197 1741 409 1780; x_wconf 86' lang='lat' dir='ltr'>edientiam</span> <span class='ocrx_word' id='word_1_250' title='bbox 439 1743 672 1788; x_wconf 74' lang='lat' dir='ltr'>rediissent,</span> <span class='ocrx_word' id='word_1_251' title='bbox 706 1755 746 1780; x_wconf 91' lang='lat' dir='ltr'>se</span> <span class='ocrx_word' id='word_1_252' title='bbox 777 1743 1042 1780; x_wconf 80' lang='lat' dir='ltr'>misericordia</span> <span class='ocrx_word' id='word_1_253' title='bbox 1072 1742 1207 1790; x_wconf 89' lang='lat' dir='ltr'>populi</span> <span class='ocrx_word' id='word_1_254' title='bbox 1248 1744 1397 1779; x_wconf 84' lang='lat' dir='ltr'>tactum</span> <span class='ocrx_word' id='word_1_255' title='bbox 1428 1742 1499 1787; x_wconf 83' lang='lat' dir='ltr'>iri,</span> <span class='ocrx_word' id='word_1_256' title='bbox 1535 1743 1852 1789; x_wconf 87' lang='lat' dir='ltr'>effecturumque,</span> <span class='ocrx_word' id='word_1_257' title='bbox 1891 1742 1935 1776; x_wconf 85' lang='lat' dir='ltr'>ut</span> 
     </span>
     <span class='ocr_line' id='line_1_25' title="bbox 198 1799 1935 1851; baseline -0.003 -12"><span class='ocrx_word' id='word_1_258' title='bbox 198 1802 374 1849; x_wconf 83' lang='lat' dir='ltr'>quamvis</span> <span class='ocrx_word' id='word_1_259' title='bbox 396 1802 438 1839; x_wconf 89' lang='lat' dir='ltr'>in</span> <span class='ocrx_word' id='word_1_260' title='bbox 458 1803 621 1839; x_wconf 86' lang='lat' dir='ltr'>ultimas</span> <span class='ocrx_word' id='word_1_261' title='bbox 644 1803 782 1839; x_wconf 85' lang='lat' dir='ltr'>mundi</span> <span class='ocrx_word' id='word_1_262' title='bbox 804 1803 940 1851; x_wconf 82' lang='lat' dir='ltr'>plagas</span> <span class='ocrx_word' id='word_1_263' title='bbox 963 1801 1131 1850; x_wconf 87' lang='lat' dir='ltr'>dispersi</span> <span class='ocrx_word' id='word_1_264' title='bbox 1153 1800 1330 1838; x_wconf 82' lang='lat' dir='ltr'>redirent</span> <span class='ocrx_word' id='word_1_265' title='bbox 1360 1801 1401 1837; x_wconf 91' lang='lat' dir='ltr'>in</span> <span class='ocrx_word' id='word_1_266' title='bbox 1427 1801 1613 1849; x_wconf 87' lang='lat' dir='ltr'>patriam,</span> <span class='ocrx_word' id='word_1_267' title='bbox 1647 1802 1692 1837; x_wconf 88' lang='lat' dir='ltr'>ut</span> <span class='ocrx_word' id='word_1_268' title='bbox 1722 1799 1854 1837; x_wconf 85' lang='lat' dir='ltr'>videre</span> <span class='ocrx_word' id='word_1_269' title='bbox 1876 1801 1935 1835; x_wconf 85' lang='lat' dir='ltr'>est</span> 
     </span>
     <span class='ocr_line' id='line_1_26' title="bbox 197 1858 1936 1908; baseline -0.002 -11"><span class='ocrx_word' id='word_1_270' title='bbox 197 1862 283 1897; x_wconf 76' lang='lat' dir='ltr'>tum</span> <span class='ocrx_word' id='word_1_271' title='bbox 317 1861 422 1906; x_wconf 88' lang='lat' dir='ltr'>alibi,</span> <span class='ocrx_word' id='word_1_272' title='bbox 457 1863 544 1898; x_wconf 86' lang='lat' dir='ltr'>tum</span> <span class='ocrx_word' id='word_1_273' title='bbox 567 1862 680 1900; x_wconf 83' lang='lat' dir='ltr'>Dent.</span> <span class='ocrx_word' id='word_1_274' title='bbox 716 1868 766 1902; x_wconf 85' lang='lat'>30</span> <span class='ocrx_word' id='word_1_275' title='bbox 801 1863 841 1898; x_wconf 85' lang='lat' dir='ltr'>et</span> <span class='ocrx_word' id='word_1_276' title='bbox 862 1861 1022 1898; x_wconf 86' lang='lat' dir='ltr'>Nehem.</span> <span class='ocrx_word' id='word_1_277' title='bbox 1050 1867 1084 1900; x_wconf 90' lang='grc'>1.</span> <span class='ocrx_word' id='word_1_278' title='bbox 1114 1860 1238 1907; x_wconf 87' lang='lat' dir='ltr'>Atqui</span> <span class='ocrx_word' id='word_1_279' title='bbox 1263 1860 1345 1908; x_wconf 82' lang='lat' dir='ltr'>jam</span> <span class='ocrx_word' id='word_1_280' title='bbox 1375 1860 1468 1896; x_wconf 87' lang='lat' dir='ltr'>anni</span> <span class='ocrx_word' id='word_1_281' title='bbox 1499 1861 1593 1896; x_wconf 82' lang='lat' dir='ltr'>sunt</span> <span class='ocrx_word' id='word_1_282' title='bbox 1623 1859 1731 1896; x_wconf 88' lang='lat' dir='ltr'>mille</span> <span class='ocrx_word' id='word_1_283' title='bbox 1763 1860 1802 1895; x_wconf 92' lang='lat' dir='ltr'>et</span> <span class='ocrx_word' id='word_1_284' title='bbox 1831 1858 1936 1894; x_wconf 87' lang='lat' dir='ltr'>ultra</span> 
     </span>
     <span class='ocr_line' id='line_1_27' title="bbox 199 1915 1936 1972; baseline -0.002 -16"><span class='ocrx_word' id='word_1_285' title='bbox 199 1919 437 1969; x_wconf 86' lang='lat' dir='ltr'>quingentos</span> <span class='ocrx_word' id='word_1_286' title='bbox 461 1917 591 1972; x_wconf 82' lang='lat' dir='ltr'>(modo</span> <span class='ocrx_word' id='word_1_287' title='bbox 615 1918 890 1969; x_wconf 85' lang='lat' dir='ltr'>octingentos),</span> <span class='ocrx_word' id='word_1_288' title='bbox 915 1919 1020 1968; x_wconf 89' lang='lat' dir='ltr'>quod</span> <span class='ocrx_word' id='word_1_289' title='bbox 1036 1919 1170 1968; x_wconf 86' lang='lat' dir='ltr'>judaei</span> <span class='ocrx_word' id='word_1_290' title='bbox 1191 1919 1319 1967; x_wconf 86' lang='lat' dir='ltr'>patria</span> <span class='ocrx_word' id='word_1_291' title='bbox 1341 1920 1485 1963; x_wconf 84' lang='lat' dir='ltr'>carent,</span> <span class='ocrx_word' id='word_1_292' title='bbox 1507 1919 1653 1966; x_wconf 87' lang='lat' dir='ltr'>templo</span> <span class='ocrx_word' id='word_1_293' title='bbox 1676 1920 1819 1962; x_wconf 79' lang='lat' dir='ltr'>carent,</span> <span class='ocrx_word' id='word_1_294' title='bbox 1842 1918 1881 1953; x_wconf 88' lang='lat' dir='ltr'>et</span> <span class='ocrx_word' id='word_1_295' title='bbox 1903 1915 1936 1952; x_wconf 84' lang='lat' dir='ltr'>si</span> 
     </span>
     <span class='ocr_line' id='line_1_28' title="bbox 199 1975 1937 2026; baseline -0.003 -10"><span class='ocrx_word' id='word_1_296' title='bbox 199 1979 353 2026; x_wconf 86' lang='lat' dir='ltr'>quando</span> <span class='ocrx_word' id='word_1_297' title='bbox 375 1991 519 2016; x_wconf 86' lang='lat' dir='ltr'>novum</span> <span class='ocrx_word' id='word_1_298' title='bbox 543 1979 743 2016; x_wconf 84' lang='lat' dir='ltr'>aedificare</span> <span class='ocrx_word' id='word_1_299' title='bbox 765 1979 991 2023; x_wconf 84' lang='lat' dir='ltr'>voluerunt,</span> <span class='ocrx_word' id='word_1_300' title='bbox 1016 1990 1168 2026; x_wconf 87' lang='lat' dir='ltr'>semper</span> <span class='ocrx_word' id='word_1_301' title='bbox 1190 1980 1282 2015; x_wconf 86' lang='lat' dir='ltr'>sunt</span> <span class='ocrx_word' id='word_1_302' title='bbox 1304 1977 1493 2026; x_wconf 85' lang='lat' dir='ltr'>impediti.</span> <span class='ocrx_word' id='word_1_303' title='bbox 1536 1978 1631 2014; x_wconf 88' lang='lat' dir='ltr'>Cum</span> <span class='ocrx_word' id='word_1_304' title='bbox 1653 1976 1744 2014; x_wconf 89' lang='lat' dir='ltr'>olim</span> <span class='ocrx_word' id='word_1_305' title='bbox 1767 1975 1937 2024; x_wconf 90' lang='lat' dir='ltr'>populus</span> 
     </span>
    </p>
   </div>
   <div class='ocr_carea' id='block_1_5' title="bbox 198 2110 1939 2795">
    <p class='ocr_par' dir='ltr' id='par_1_5' title="bbox 198 2110 1939 2475">
     <span class='ocr_line' id='line_1_29' title="bbox 346 2110 1936 2160; baseline -0.004 -11"><span class='ocrx_word' id='word_1_306' title='bbox 346 2115 370 2160; x_wconf 91' lang='lat'>¹)</span> <span class='ocrx_word' id='word_1_307' title='bbox 389 2114 441 2150; x_wconf 85' lang='lat' dir='ltr'>Cf.</span> <span class='ocrx_word' id='word_1_308' title='bbox 460 2117 606 2160; x_wconf 79' lang='lat' dir='ltr'>patrum</span> <span class='ocrx_word' id='word_1_309' title='bbox 628 2116 739 2149; x_wconf 81' lang='lat' dir='ltr'>effata</span> <span class='ocrx_word' id='word_1_310' title='bbox 757 2116 854 2160; x_wconf 83' lang='lat' dir='ltr'>apud</span> <span class='ocrx_word' id='word_1_311' title='bbox 872 2115 907 2149; x_wconf 89' lang='lat' dir='ltr'>N</span> <span class='ocrx_word' id='word_1_312' title='bbox 920 2126 1027 2148; x_wconf 82' lang='lat' dir='ltr'>ouri·</span> <span class='ocrx_word' id='word_1_313' title='bbox 1038 2127 1060 2158; x_wconf 80' lang='lat' dir='ltr'>y</span> <span class='ocrx_word' id='word_1_314' title='bbox 1090 2113 1176 2149; x_wconf 85' lang='lat' dir='ltr'>diss.</span> <span class='ocrx_word' id='word_1_315' title='bbox 1195 2115 1233 2148; x_wconf 83' lang='lat' dir='ltr'>in</span> <span class='ocrx_word' id='word_1_316' title='bbox 1252 2115 1356 2158; x_wconf 79' lang='lat' dir='ltr'>Apol.</span> <span class='ocrx_word' id='word_1_317' title='bbox 1377 2113 1527 2148; x_wconf 83' lang='lat' dir='ltr'>Tertull.</span> <span class='ocrx_word' id='word_1_318' title='bbox 1547 2124 1574 2146; x_wconf 92' lang='lat' dir='ltr'>c.</span> <span class='ocrx_word' id='word_1_319' title='bbox 1594 2116 1614 2148; x_wconf 84' lang='lat'>6</span> <span class='ocrx_word' id='word_1_320' title='bbox 1634 2124 1665 2147; x_wconf 84' lang='lat' dir='ltr'>a.</span> <span class='ocrx_word' id='word_1_321' title='bbox 1689 2117 1701 2146; x_wconf 92' lang='lat' dir='ltr'>l</span> <span class='ocrx_word' id='word_1_322' title='bbox 1717 2127 1723 2146; x_wconf 82' lang='lat' dir='ltr'>z</span> <span class='ocrx_word' id='word_1_323' title='bbox 1751 2113 1789 2145; x_wconf 85' lang='lat' dir='ltr'>in</span> <span class='ocrx_word' id='word_1_324' title='bbox 1808 2110 1936 2156; x_wconf 82' lang='lat' dir='ltr'>primis</span> 
     </span>
     <span class='ocr_line' id='line_1_30' title="bbox 199 2165 1933 2215; baseline -0.002 -14"><span class='ocrx_word' id='word_1_325' title='bbox 199 2168 231 2201; x_wconf 92' lang='lat' dir='ltr'>H</span> <span class='ocrx_word' id='word_1_326' title='bbox 242 2168 254 2202; x_wconf 88' lang='lat' dir='ltr'>i</span> <span class='ocrx_word' id='word_1_327' title='bbox 267 2179 314 2203; x_wconf 89' lang='lat' dir='ltr'>er</span> <span class='ocrx_word' id='word_1_328' title='bbox 325 2179 345 2202; x_wconf 91' lang='lat' dir='ltr'>o</span> <span class='ocrx_word' id='word_1_329' title='bbox 357 2181 380 2202; x_wconf 90' lang='lat' dir='ltr'>n</span> <span class='ocrx_word' id='word_1_330' title='bbox 394 2181 418 2212; x_wconf 85' lang='lat' dir='ltr'><strong>y</strong></span> <span class='ocrx_word' id='word_1_331' title='bbox 432 2181 468 2203; x_wconf 87' lang='lat' dir='ltr'>m</span> <span class='ocrx_word' id='word_1_332' title='bbox 480 2181 503 2203; x_wconf 91' lang='lat' dir='ltr'>u</span> <span class='ocrx_word' id='word_1_333' title='bbox 515 2182 546 2203; x_wconf 82' lang='lat' dir='ltr'>rr</span> <span class='ocrx_word' id='word_1_334' title='bbox 568 2170 608 2203; x_wconf 88' lang='lat' dir='ltr'>in</span> <span class='ocrx_word' id='word_1_335' title='bbox 625 2170 836 2215; x_wconf 85' lang='lat' dir='ltr'>Sophoniae</span> <span class='ocrx_word' id='word_1_336' title='bbox 856 2172 887 2204; x_wconf 91' lang='lat'>1.</span> <span class='ocrx_word' id='word_1_337' title='bbox 911 2173 960 2209; x_wconf 87' lang='grc'>15,</span> <span class='ocrx_word' id='word_1_338' title='bbox 980 2169 1077 2202; x_wconf 89' lang='lat' dir='ltr'>unde</span> <span class='ocrx_word' id='word_1_339' title='bbox 1095 2167 1332 2202; x_wconf 75' lang='lat' dir='ltr'>illustrantur</span> <span class='ocrx_word' id='word_1_340' title='bbox 1345 2168 1550 2212; x_wconf 82' lang='lat' dir='ltr'>posteriora</span> <span class='ocrx_word' id='word_1_341' title='bbox 1566 2166 1786 2200; x_wconf 83' lang='lat' dir='ltr'>Tertulliani</span> <span class='ocrx_word' id='word_1_342' title='bbox 1803 2165 1933 2199; x_wconf 83' lang='lat' dir='ltr'>verba:</span> 
     </span>
     <span class='ocr_line' id='line_1_31' title="bbox 203 2218 1938 2267; baseline -0.003 -12"><span class='ocrx_word' id='word_1_343' title='bbox 203 2221 348 2265; x_wconf 78' lang='lat' dir='ltr'>,Usque</span> <span class='ocrx_word' id='word_1_344' title='bbox 367 2222 412 2256; x_wconf 84' lang='lat' dir='ltr'>ad</span> <span class='ocrx_word' id='word_1_345' title='bbox 431 2225 662 2266; x_wconf 79' lang='lat' dir='ltr'>praesentem</span> <span class='ocrx_word' id='word_1_346' title='bbox 685 2222 782 2257; x_wconf 85' lang='lat' dir='ltr'>diem</span> <span class='ocrx_word' id='word_1_347' title='bbox 809 2222 940 2267; x_wconf 79' lang='lat' dir='ltr'>perfidi</span> <span class='ocrx_word' id='word_1_348' title='bbox 959 2222 1079 2256; x_wconf 84' lang='lat' dir='ltr'>coloni</span> <span class='ocrx_word' id='word_1_349' title='bbox 1098 2252 1104 2258; x_wconf 82' lang='lat'><em>.</em></span> <span class='ocrx_word' id='word_1_350' title='bbox 1126 2249 1132 2255; x_wconf 96' lang='lat'>.</span> <span class='ocrx_word' id='word_1_351' title='bbox 1153 2247 1160 2254; x_wconf 94' lang='lat'><strong>.</strong></span> <span class='ocrx_word' id='word_1_352' title='bbox 1179 2220 1422 2265; x_wconf 85' lang='lat' dir='ltr'>prohibentur</span> <span class='ocrx_word' id='word_1_353' title='bbox 1438 2220 1581 2265; x_wconf 82' lang='lat' dir='ltr'>ingredi</span> <span class='ocrx_word' id='word_1_354' title='bbox 1601 2218 1822 2254; x_wconf 76' lang='lat' dir='ltr'>Jerusalem:</span> <span class='ocrx_word' id='word_1_355' title='bbox 1843 2221 1879 2252; x_wconf 84' lang='lat' dir='ltr'>et</span> <span class='ocrx_word' id='word_1_356' title='bbox 1896 2218 1938 2250; x_wconf 89' lang='lat' dir='ltr'>ut</span> 
     </span>
     <span class='ocr_line' id='line_1_32' title="bbox 198 2272 1936 2319; baseline -0.002 -11"><span class='ocrx_word' id='word_1_357' title='bbox 198 2275 344 2309; x_wconf 86' lang='lat' dir='ltr'>ruinam</span> <span class='ocrx_word' id='word_1_358' title='bbox 363 2286 450 2310; x_wconf 86' lang='lat' dir='ltr'>suae</span> <span class='ocrx_word' id='word_1_359' title='bbox 469 2276 522 2310; x_wconf 85' lang='lat' dir='ltr'>eis</span> <span class='ocrx_word' id='word_1_360' title='bbox 543 2276 627 2310; x_wconf 86' lang='lat' dir='ltr'>fiere</span> <span class='ocrx_word' id='word_1_361' title='bbox 646 2277 756 2310; x_wconf 82' lang='lat' dir='ltr'>liceat</span> <span class='ocrx_word' id='word_1_362' title='bbox 774 2276 946 2316; x_wconf 83' lang='lat' dir='ltr'>civitatis,</span> <span class='ocrx_word' id='word_1_363' title='bbox 972 2275 1090 2319; x_wconf 86' lang='lat' dir='ltr'>pretio</span> <span class='ocrx_word' id='word_1_364' title='bbox 1109 2274 1311 2311; x_wconf 75' lang='lat' dir='ltr'>1·edimunt;</span> <span class='ocrx_word' id='word_1_365' title='bbox 1331 2276 1372 2307; x_wconf 90' lang='lat' dir='ltr'>ut</span> <span class='ocrx_word' id='word_1_366' title='bbox 1391 2274 1453 2317; x_wconf 91' lang='lat' dir='ltr'>qui</span> <span class='ocrx_word' id='word_1_367' title='bbox 1472 2272 1658 2317; x_wconf 87' lang='lat' dir='ltr'>qnondam</span> <span class='ocrx_word' id='word_1_368' title='bbox 1676 2272 1841 2307; x_wconf 82' lang='lat' dir='ltr'>emerant</span> <span class='ocrx_word' id='word_1_369' title='bbox 1859 2282 1936 2305; x_wconf 83' lang='lat' dir='ltr'>san-</span> 
     </span>
     <span class='ocr_line' id='line_1_33' title="bbox 203 2325 1939 2374; baseline -0.002 -12"><span class='ocrx_word' id='word_1_370' title='bbox 203 2329 352 2373; x_wconf 85' lang='lat' dir='ltr'>gninem</span> <span class='ocrx_word' id='word_1_371' title='bbox 373 2330 520 2369; x_wconf 83' lang='lat' dir='ltr'>Christi,</span> <span class='ocrx_word' id='word_1_372' title='bbox 540 2330 665 2364; x_wconf 82' lang='lat' dir='ltr'>emant</span> <span class='ocrx_word' id='word_1_373' title='bbox 680 2330 863 2374; x_wconf 77' lang='lat' dir='ltr'>lacrymas</span> <span class='ocrx_word' id='word_1_374' title='bbox 882 2340 967 2363; x_wconf 87' lang='lat' dir='ltr'>suas</span> <span class='ocrx_word' id='word_1_375' title='bbox 985 2355 994 2364; x_wconf 88' lang='lat'><strong><em>.</em></strong></span> <span class='ocrx_word' id='word_1_376' title='bbox 1015 2356 1021 2363; x_wconf 95' lang='lat'><strong>.</strong></span> <span class='ocrx_word' id='word_1_377' title='bbox 1042 2356 1050 2364; x_wconf 91' lang='lat'><strong><em>.</em></strong></span> <span class='ocrx_word' id='word_1_378' title='bbox 1071 2328 1190 2362; x_wconf 86' lang='lat' dir='ltr'>adhuc</span> <span class='ocrx_word' id='word_1_379' title='bbox 1216 2329 1322 2362; x_wconf 82' lang='lat' dir='ltr'>fletus</span> <span class='ocrx_word' id='word_1_380' title='bbox 1350 2328 1388 2360; x_wconf 90' lang='lat' dir='ltr'>in</span> <span class='ocrx_word' id='word_1_381' title='bbox 1416 2327 1520 2371; x_wconf 84' lang='lat' dir='ltr'>genis</span> <span class='ocrx_word' id='word_1_382' title='bbox 1540 2327 1577 2361; x_wconf 86' lang='lat' dir='ltr'>et</span> <span class='ocrx_word' id='word_1_383' title='bbox 1594 2327 1708 2361; x_wconf 86' lang='lat' dir='ltr'>livida</span> <span class='ocrx_word' id='word_1_384' title='bbox 1724 2325 1884 2365; x_wconf 81' lang='lat' dir='ltr'>brachia,</span> <span class='ocrx_word' id='word_1_385' title='bbox 1903 2325 1939 2358; x_wconf 87' lang='lat' dir='ltr'>et</span> 
     </span>
     <span class='ocr_line' id='line_1_34' title="bbox 201 2378 1938 2425; baseline -0.003 -10"><span class='ocrx_word' id='word_1_386' title='bbox 201 2383 319 2425; x_wconf 85' lang='lat' dir='ltr'>sparsi</span> <span class='ocrx_word' id='word_1_387' title='bbox 337 2382 465 2419; x_wconf 79' lang='lat' dir='ltr'>crines,</span> <span class='ocrx_word' id='word_1_388' title='bbox 484 2384 522 2416; x_wconf 88' lang='lat' dir='ltr'>et</span> <span class='ocrx_word' id='word_1_389' title='bbox 538 2383 645 2416; x_wconf 86' lang='lat' dir='ltr'>miles</span> <span class='ocrx_word' id='word_1_390' title='bbox 664 2383 866 2416; x_wconf 85' lang='lat' dir='ltr'>mercedem</span> <span class='ocrx_word' id='word_1_391' title='bbox 884 2380 1058 2425; x_wconf 86' lang='lat' dir='ltr'>postulat,</span> <span class='ocrx_word' id='word_1_392' title='bbox 1073 2382 1115 2414; x_wconf 89' lang='lat' dir='ltr'>ut</span> <span class='ocrx_word' id='word_1_393' title='bbox 1128 2379 1202 2414; x_wconf 86' lang='lat' dir='ltr'>illis</span> <span class='ocrx_word' id='word_1_394' title='bbox 1219 2380 1304 2413; x_wconf 92' lang='lat' dir='ltr'>flere</span> <span class='ocrx_word' id='word_1_395' title='bbox 1317 2379 1402 2423; x_wconf 87' lang='lat' dir='ltr'>plus</span> <span class='ocrx_word' id='word_1_396' title='bbox 1419 2379 1561 2414; x_wconf 65' lang='lat' dir='ltr'>liceat.⁴¹</span> <span class='ocrx_word' id='word_1_397' title='bbox 1583 2378 1634 2413; x_wconf 83' lang='lat' dir='ltr'>Cf.</span> <span class='ocrx_word' id='word_1_398' title='bbox 1655 2379 1680 2412; x_wconf 82' lang='lat' dir='ltr'><em>O</em></span> <span class='ocrx_word' id='word_1_399' title='bbox 1692 2379 1715 2412; x_wconf 91' lang='lat' dir='ltr'>h</span> <span class='ocrx_word' id='word_1_400' title='bbox 1726 2389 1744 2411; x_wconf 91' lang='lat' dir='ltr'>r</span> <span class='ocrx_word' id='word_1_401' title='bbox 1755 2390 1777 2422; x_wconf 73' lang='lat' dir='ltr'>y</span> <span class='ocrx_word' id='word_1_402' title='bbox 1792 2389 1806 2411; x_wconf 88' lang='lat' dir='ltr'>s</span> <span class='ocrx_word' id='word_1_403' title='bbox 1818 2388 1837 2411; x_wconf 94' lang='lat'>0</span> <span class='ocrx_word' id='word_1_404' title='bbox 1851 2389 1865 2410; x_wconf 85' lang='lat' dir='ltr'>s</span> <span class='ocrx_word' id='word_1_405' title='bbox 1877 2383 1891 2410; x_wconf 82' lang='lat' dir='ltr'>t</span> <span class='ocrx_word' id='word_1_406' title='bbox 1903 2387 1938 2410; x_wconf 92' lang='lat'>0-</span> 
     </span>
     <span class='ocr_line' id='line_1_35' title="bbox 200 2431 1501 2475; baseline -0.001 -8"><span class='ocrx_word' id='word_1_407' title='bbox 200 2446 236 2467; x_wconf 87' lang='lat' dir='ltr'>m</span> <span class='ocrx_word' id='word_1_408' title='bbox 249 2446 272 2468; x_wconf 87' lang='lat' dir='ltr'>u</span> <span class='ocrx_word' id='word_1_409' title='bbox 285 2445 300 2467; x_wconf 88' lang='lat' dir='ltr'>s</span> <span class='ocrx_word' id='word_1_410' title='bbox 320 2434 425 2475; x_wconf 84' lang='lat' dir='ltr'>Quod</span> <span class='ocrx_word' id='word_1_411' title='bbox 443 2434 611 2470; x_wconf 82' lang='lat' dir='ltr'>Christus</span> <span class='ocrx_word' id='word_1_412' title='bbox 629 2435 680 2468; x_wconf 85' lang='lat' dir='ltr'>sit</span> <span class='ocrx_word' id='word_1_413' title='bbox 696 2435 794 2468; x_wconf 76' lang='lat' dir='ltr'>Deus</span> <span class='ocrx_word' id='word_1_414' title='bbox 813 2445 848 2469; x_wconf 90' lang='lat' dir='ltr'>n.</span> <span class='ocrx_word' id='word_1_415' title='bbox 870 2436 931 2472; x_wconf 84' lang='grc'>17;</span> <span class='ocrx_word' id='word_1_416' title='bbox 951 2434 1069 2467; x_wconf 85' lang='lat' dir='ltr'>Ense</span> <span class='ocrx_word' id='word_1_417' title='bbox 1081 2433 1104 2466; x_wconf 89' lang='lat' dir='ltr'>b</span> <span class='ocrx_word' id='word_1_418' title='bbox 1116 2432 1128 2466; x_wconf 86' lang='lat' dir='ltr'>i</span> <span class='ocrx_word' id='word_1_419' title='bbox 1140 2445 1191 2466; x_wconf 88' lang='lat' dir='ltr'>us</span> <span class='ocrx_word' id='word_1_420' title='bbox 1210 2432 1311 2466; x_wconf 81' lang='lat' dir='ltr'>Deru.</span> <span class='ocrx_word' id='word_1_421' title='bbox 1331 2442 1383 2466; x_wconf 89' lang='lat' dir='ltr'>ev.</span> <span class='ocrx_word' id='word_1_422' title='bbox 1404 2431 1501 2466; x_wconf 84' lang='lat' dir='ltr'>Vlll.</span> 
     </span>
    </p>

    <p class='ocr_par' dir='ltr' id='par_1_6' title="bbox 200 2482 1938 2691">
     <span class='ocr_line' id='line_1_36' title="bbox 346 2482 1938 2532; baseline -0.004 -11"><span class='ocrx_word' id='word_1_423' title='bbox 346 2487 371 2532; x_wconf 81' lang='lat'>2)</span> <span class='ocrx_word' id='word_1_424' title='bbox 391 2486 443 2521; x_wconf 84' lang='lat' dir='ltr'>Cf.</span> <span class='ocrx_word' id='word_1_425' title='bbox 462 2487 511 2521; x_wconf 79' lang='lat' dir='ltr'>St</span> <span class='ocrx_word' id='word_1_426' title='bbox 523 2497 543 2521; x_wconf 95' lang='lat' dir='ltr'>o</span> <span class='ocrx_word' id='word_1_427' title='bbox 554 2498 573 2520; x_wconf 89' lang='lat' dir='ltr'>r</span> <span class='ocrx_word' id='word_1_428' title='bbox 584 2498 602 2521; x_wconf 79' lang='lat' dir='ltr'>e</span> <span class='ocrx_word' id='word_1_429' title='bbox 617 2487 640 2521; x_wconf 87' lang='lat' dir='ltr'>h</span> <span class='ocrx_word' id='word_1_430' title='bbox 653 2497 672 2520; x_wconf 93' lang='lat' dir='ltr'>e</span> <span class='ocrx_word' id='word_1_431' title='bbox 683 2500 706 2521; x_wconf 92' lang='lat' dir='ltr'>n</span> <span class='ocrx_word' id='word_1_432' title='bbox 718 2498 773 2520; x_wconf 85' lang='lat' dir='ltr'>au</span> <span class='ocrx_word' id='word_1_433' title='bbox 791 2485 967 2531; x_wconf 85' lang='lat' dir='ltr'>Zugaben</span> <span class='ocrx_word' id='word_1_434' title='bbox 991 2497 1034 2519; x_wconf 85' lang='lat' dir='ltr'>zu</span> <span class='ocrx_word' id='word_1_435' title='bbox 1049 2485 1113 2519; x_wconf 90' lang='lat' dir='ltr'>der</span> <span class='ocrx_word' id='word_1_436' title='bbox 1127 2484 1364 2529; x_wconf 88' lang='lat' dir='ltr'>Philosophie</span> <span class='ocrx_word' id='word_1_437' title='bbox 1388 2485 1452 2518; x_wconf 89' lang='lat' dir='ltr'>der</span> <span class='ocrx_word' id='word_1_438' title='bbox 1466 2484 1637 2529; x_wconf 83' lang='lat' dir='ltr'>Religion</span> <span class='ocrx_word' id='word_1_439' title='bbox 1650 2484 1693 2523; x_wconf 83' lang='lat' dir='ltr'>X,</span> <span class='ocrx_word' id='word_1_440' title='bbox 1708 2484 1775 2519; x_wconf 78' lang='lat'>373</span> <span class='ocrx_word' id='word_1_441' title='bbox 1792 2495 1847 2519; x_wconf 71' lang='lat' dir='ltr'>ss„</span> <span class='ocrx_word' id='word_1_442' title='bbox 1874 2482 1938 2516; x_wconf 87' lang='lat' dir='ltr'>ubi</span> 
     </span>
     <span class='ocr_line' id='line_1_37' title="bbox 200 2537 1937 2585; baseline -0.003 -11"><span class='ocrx_word' id='word_1_443' title='bbox 200 2540 311 2575; x_wconf 78' lang='lat' dir='ltr'>refert</span> <span class='ocrx_word' id='word_1_444' title='bbox 327 2540 482 2574; x_wconf 83' lang='lat' dir='ltr'>fabellas</span> <span class='ocrx_word' id='word_1_445' title='bbox 499 2539 611 2585; x_wconf 85' lang='lat' dir='ltr'>plane</span> <span class='ocrx_word' id='word_1_446' title='bbox 629 2540 802 2583; x_wconf 73' lang='lat' dir='ltr'>pueriles,</span> <span class='ocrx_word' id='word_1_447' title='bbox 822 2538 894 2572; x_wconf 88' lang='lat' dir='ltr'>imo</span> <span class='ocrx_word' id='word_1_448' title='bbox 910 2538 1054 2578; x_wconf 85' lang='lat' dir='ltr'>stultas,</span> <span class='ocrx_word' id='word_1_449' title='bbox 1070 2538 1206 2582; x_wconf 83' lang='lat' dir='ltr'>quibus</span> <span class='ocrx_word' id='word_1_450' title='bbox 1220 2537 1387 2578; x_wconf 77' lang='lat' dir='ltr'>Talmud,</span> <span class='ocrx_word' id='word_1_451' title='bbox 1402 2538 1494 2571; x_wconf 86' lang='lat' dir='ltr'>liber</span> <span class='ocrx_word' id='word_1_452' title='bbox 1509 2538 1707 2572; x_wconf 88' lang='lat' dir='ltr'>eorundem</span> <span class='ocrx_word' id='word_1_453' title='bbox 1720 2537 1937 2581; x_wconf 84' lang='lat' dir='ltr'>praecipuus</span> 
     </span>
     <span class='ocr_line' id='line_1_38' title="bbox 201 2589 1937 2637; baseline -0.003 -11"><span class='ocrx_word' id='word_1_454' title='bbox 201 2595 285 2637; x_wconf 82' lang='lat' dir='ltr'>post</span> <span class='ocrx_word' id='word_1_455' title='bbox 313 2592 535 2637; x_wconf 84' lang='lat' dir='ltr'>Scripturas,</span> <span class='ocrx_word' id='word_1_456' title='bbox 564 2593 748 2630; x_wconf 87' lang='lat' dir='ltr'>inficitur;</span> <span class='ocrx_word' id='word_1_457' title='bbox 775 2592 920 2626; x_wconf 86' lang='lat' dir='ltr'>Rohli</span> <span class='ocrx_word' id='word_1_458' title='bbox 935 2603 994 2636; x_wconf 85' lang='lat' dir='ltr'>ng</span> <span class='ocrx_word' id='word_1_459' title='bbox 1022 2591 1093 2625; x_wconf 88' lang='lat' dir='ltr'>Der</span> <span class='ocrx_word' id='word_1_460' title='bbox 1121 2589 1364 2636; x_wconf 82' lang='lat' dir='ltr'>Talmudjude</span> <span class='ocrx_word' id='word_1_461' title='bbox 1391 2590 1447 2625; x_wconf 87' lang='lat' dir='ltr'>ed.</span> <span class='ocrx_word' id='word_1_462' title='bbox 1469 2594 1489 2626; x_wconf 88' lang='grc'>6</span> <span class='ocrx_word' id='word_1_463' title='bbox 1509 2591 1674 2625; x_wconf 82' lang='lat' dir='ltr'>Miinster</span> <span class='ocrx_word' id='word_1_464' title='bbox 1696 2592 1794 2630; x_wconf 75' lang='lat'>1877,</span> <span class='ocrx_word' id='word_1_465' title='bbox 1813 2589 1937 2633; x_wconf 80' lang='lat' dir='ltr'>etjam</span> 
     </span>
     <span class='ocr_line' id='line_1_39' title="bbox 202 2645 1398 2691; baseline -0.002 -11"><span class='ocrx_word' id='word_1_466' title='bbox 202 2647 376 2680; x_wconf 83' lang='lat' dir='ltr'>Petrus</span> <span class='ocrx_word' id='word_1_467' title='bbox 394 2657 475 2683; x_wconf 83' lang='lat' dir='ltr'>ven.</span> <span class='ocrx_word' id='word_1_468' title='bbox 495 2647 541 2680; x_wconf 85' lang='lat' dir='ltr'>tr.</span> <span class='ocrx_word' id='word_1_469' title='bbox 561 2647 642 2680; x_wconf 77' lang='lat' dir='ltr'>adV.</span> <span class='ocrx_word' id='word_1_470' title='bbox 659 2646 815 2691; x_wconf 84' lang='lat' dir='ltr'>judaeos</span> <span class='ocrx_word' id='word_1_471' title='bbox 835 2656 862 2681; x_wconf 84' lang='lat' dir='ltr'>c,</span> <span class='ocrx_word' id='word_1_472' title='bbox 884 2650 915 2679; x_wconf 81' lang='lat'>5.</span> <span class='ocrx_word' id='word_1_473' title='bbox 936 2645 1026 2689; x_wconf 85' lang='lat' dir='ltr'>Mig.</span> <span class='ocrx_word' id='word_1_474' title='bbox 1049 2646 1124 2686; x_wconf 84' lang='lat'>189,</span> <span class='ocrx_word' id='word_1_475' title='bbox 1144 2645 1224 2679; x_wconf 84' lang='lat'>607.</span> <span class='ocrx_word' id='word_1_476' title='bbox 1244 2646 1308 2678; x_wconf 86' lang='lat'>631</span> <span class='ocrx_word' id='word_1_477' title='bbox 1331 2645 1398 2678; x_wconf 79' lang='lat' dir='ltr'>ete.</span> 
     </span>
    </p>

    <p class='ocr_par' dir='ltr' id='par_1_7' title="bbox 202 2694 1938 2795">
     <span class='ocr_line' id='line_1_40' title="bbox 347 2694 1938 2744; baseline -0.004 -11"><span class='ocrx_word' id='word_1_478' title='bbox 347 2703 374 2741; x_wconf 81' lang='grc'>3)</span> <span class='ocrx_word' id='word_1_479' title='bbox 393 2698 494 2740; x_wconf 84' lang='lat' dir='ltr'>Quae</span> <span class='ocrx_word' id='word_1_480' title='bbox 512 2700 567 2733; x_wconf 86' lang='lat' dir='ltr'>ita</span> <span class='ocrx_word' id='word_1_481' title='bbox 585 2699 748 2744; x_wconf 80' lang='lat' dir='ltr'>explicat</span> <span class='ocrx_word' id='word_1_482' title='bbox 766 2698 799 2731; x_wconf 92' lang='lat' dir='ltr'>H</span> <span class='ocrx_word' id='word_1_483' title='bbox 811 2699 823 2732; x_wconf 91' lang='lat' dir='ltr'>i</span> <span class='ocrx_word' id='word_1_484' title='bbox 835 2708 913 2732; x_wconf 90' lang='lat' dir='ltr'>ero</span> <span class='ocrx_word' id='word_1_485' title='bbox 926 2709 1066 2742; x_wconf 80' lang='lat' dir='ltr'>nymu</span> <span class='ocrx_word' id='word_1_486' title='bbox 1079 2709 1094 2731; x_wconf 85' lang='lat' dir='ltr'>s</span> <span class='ocrx_word' id='word_1_487' title='bbox 1111 2697 1150 2731; x_wconf 90' lang='lat' dir='ltr'>in</span> <span class='ocrx_word' id='word_1_488' title='bbox 1168 2698 1204 2732; x_wconf 89' lang='lat' dir='ltr'>h.</span> <span class='ocrx_word' id='word_1_489' title='bbox 1223 2697 1266 2731; x_wconf 89' lang='lat' dir='ltr'>l.:</span> <span class='ocrx_word' id='word_1_490' title='bbox 1288 2696 1414 2738; x_wconf 83' lang='lat' dir='ltr'>‚Quod</span> <span class='ocrx_word' id='word_1_491' title='bbox 1434 2699 1557 2731; x_wconf 86' lang='lat' dir='ltr'>autem</span> <span class='ocrx_word' id='word_1_492' title='bbox 1572 2696 1663 2730; x_wconf 82' lang='lat' dir='ltr'>dicit</span> <span class='ocrx_word' id='word_1_493' title='bbox 1680 2697 1747 2730; x_wconf 87' lang='lat' dir='ltr'>hoc</span> <span class='ocrx_word' id='word_1_494' title='bbox 1765 2697 1837 2730; x_wconf 83' lang='lat' dir='ltr'>est:</span> <span class='ocrx_word' id='word_1_495' title='bbox 1857 2694 1938 2727; x_wconf 77' lang='lat' dir='ltr'>aliis</span> 
     </span>
     <span class='ocr_line' id='line_1_41' title="bbox 202 2748 1938 2795; baseline -0.004 -9"><span class='ocrx_word' id='word_1_496' title='bbox 202 2753 242 2786; x_wconf 87' lang='lat' dir='ltr'>in</span> <span class='ocrx_word' id='word_1_497' title='bbox 259 2753 424 2787; x_wconf 85' lang='lat' dir='ltr'>vestrum</span> <span class='ocrx_word' id='word_1_498' title='bbox 443 2752 723 2786; x_wconf 86' lang='lat' dir='ltr'>succedentibus</span> <span class='ocrx_word' id='word_1_499' title='bbox 740 2752 860 2786; x_wconf 88' lang='lat' dir='ltr'>locum</span> <span class='ocrx_word' id='word_1_500' title='bbox 880 2761 1015 2785; x_wconf 88' lang='lat' dir='ltr'>nomen</span> <span class='ocrx_word' id='word_1_501' title='bbox 1033 2751 1195 2784; x_wconf 84' lang='lat' dir='ltr'>vestrum</span> <span class='ocrx_word' id='word_1_502' title='bbox 1214 2750 1284 2784; x_wconf 83' lang='lat' dir='ltr'>erit</span> <span class='ocrx_word' id='word_1_503' title='bbox 1295 2750 1550 2795; x_wconf 83' lang='lat' dir='ltr'>juramentum</span> <span class='ocrx_word' id='word_1_504' title='bbox 1567 2750 1689 2783; x_wconf 86' lang='lat' dir='ltr'>electis</span> <span class='ocrx_word' id='word_1_505' title='bbox 1705 2748 1803 2788; x_wconf 85' lang='lat' dir='ltr'>meis,</span> <span class='ocrx_word' id='word_1_506' title='bbox 1818 2749 1857 2781; x_wconf 87' lang='lat' dir='ltr'>ut</span> <span class='ocrx_word' id='word_1_507' title='bbox 1873 2757 1938 2791; x_wconf 88' lang='lat' dir='ltr'>pro</span> 
     </span>
    </p>
   </div>
   <div class='ocr_carea' id='block_1_6' title="bbox 133 2801 1938 2850">
    <p class='ocr_par' dir='ltr' id='par_1_8' title="bbox 133 2801 1938 2850">
     <span class='ocr_line' id='line_1_42' title="bbox 133 2801 1938 2850; baseline -0.004 -10"><span class='ocrx_word' id='word_1_508' title='bbox 133 2838 136 2840; x_wconf 90' lang='lat'>.</span> <span class='ocrx_word' id='word_1_509' title='bbox 203 2804 384 2839; x_wconf 84' lang='lat' dir='ltr'>malorum</span> <span class='ocrx_word' id='word_1_510' title='bbox 403 2805 571 2850; x_wconf 85' lang='lat' dir='ltr'>exemplo</span> <span class='ocrx_word' id='word_1_511' title='bbox 589 2817 652 2840; x_wconf 85' lang='lat' dir='ltr'>vos</span> <span class='ocrx_word' id='word_1_512' title='bbox 669 2805 832 2840; x_wconf 82' lang='lat' dir='ltr'>habeant</span> <span class='ocrx_word' id='word_1_513' title='bbox 849 2806 887 2838; x_wconf 87' lang='lat' dir='ltr'>et</span> <span class='ocrx_word' id='word_1_514' title='bbox 905 2804 1136 2838; x_wconf 82' lang='lat' dir='ltr'>detestentur</span> <span class='ocrx_word' id='word_1_515' title='bbox 1152 2803 1245 2837; x_wconf 88' lang='lat' dir='ltr'>talia</span> <span class='ocrx_word' id='word_1_516' title='bbox 1264 2803 1443 2838; x_wconf 87' lang='lat' dir='ltr'>sustinere</span> <span class='ocrx_word' id='word_1_517' title='bbox 1463 2804 1499 2837; x_wconf 88' lang='lat' dir='ltr'>et</span> <span class='ocrx_word' id='word_1_518' title='bbox 1511 2804 1640 2847; x_wconf 84' lang='lat' dir='ltr'>jurent-</span> <span class='ocrx_word' id='word_1_519' title='bbox 1659 2802 1728 2836; x_wconf 87' lang='lat' dir='ltr'>sic:</span> <span class='ocrx_word' id='word_1_520' title='bbox 1759 2811 1831 2835; x_wconf 89' lang='lat' dir='ltr'>non</span> <span class='ocrx_word' id='word_1_521' title='bbox 1850 2801 1938 2833; x_wconf 86' lang='lat' dir='ltr'>haec</span> 
     </span>
    </p>
   </div>
   <div class='ocr_carea' id='block_1_7' title="bbox 203 2854 1937 3104">
    <p class='ocr_par' dir='ltr' id='par_1_9' title="bbox 203 2854 1937 3104">
     <span class='ocr_line' id='line_1_43' title="bbox 203 2854 1937 2904; baseline -0.004 -12"><span class='ocrx_word' id='word_1_522' title='bbox 203 2859 335 2903; x_wconf 84' lang='lat' dir='ltr'>patiar,</span> <span class='ocrx_word' id='word_1_523' title='bbox 354 2868 448 2902; x_wconf 83' lang='lat' dir='ltr'>quae</span> <span class='ocrx_word' id='word_1_524' title='bbox 465 2871 596 2903; x_wconf 83' lang='lat' dir='ltr'>passus</span> <span class='ocrx_word' id='word_1_525' title='bbox 615 2861 671 2893; x_wconf 86' lang='lat' dir='ltr'>est</span> <span class='ocrx_word' id='word_1_526' title='bbox 687 2859 846 2904; x_wconf 83' lang='lat' dir='ltr'>populus</span> <span class='ocrx_word' id='word_1_527' title='bbox 863 2858 1090 2903; x_wconf 84' lang='lat' dir='ltr'>judaeorum.</span> <span class='ocrx_word' id='word_1_528' title='bbox 1125 2857 1207 2891; x_wconf 80' lang='lat' dir='ltr'>Sive</span> <span class='ocrx_word' id='word_1_529' title='bbox 1234 2866 1367 2891; x_wconf 88' lang='lat' dir='ltr'>nomen</span> <span class='ocrx_word' id='word_1_530' title='bbox 1384 2858 1547 2891; x_wconf 84' lang='lat' dir='ltr'>vestrum</span> <span class='ocrx_word' id='word_1_531' title='bbox 1567 2856 1637 2890; x_wconf 86' lang='lat' dir='ltr'>erit</span> <span class='ocrx_word' id='word_1_532' title='bbox 1655 2856 1693 2889; x_wconf 89' lang='lat' dir='ltr'>in</span> <span class='ocrx_word' id='word_1_533' title='bbox 1711 2854 1937 2888; x_wconf 83' lang='lat' dir='ltr'>satietatem:</span> 
     </span>
     <span class='ocr_line' id='line_1_44' title="bbox 205 2905 1936 2955; baseline -0.004 -10"><span class='ocrx_word' id='word_1_534' title='bbox 205 2911 303 2955; x_wconf 87' lang='lat' dir='ltr'>quod</span> <span class='ocrx_word' id='word_1_535' title='bbox 320 2911 358 2945; x_wconf 88' lang='lat' dir='ltr'>in</span> <span class='ocrx_word' id='word_1_536' title='bbox 376 2911 434 2945; x_wconf 89' lang='lat' dir='ltr'>his</span> <span class='ocrx_word' id='word_1_537' title='bbox 453 2913 525 2946; x_wconf 85' lang='lat' dir='ltr'>dici</span> <span class='ocrx_word' id='word_1_538' title='bbox 543 2912 646 2952; x_wconf 86' lang='lat' dir='ltr'>solet,</span> <span class='ocrx_word' id='word_1_539' title='bbox 674 2923 830 2955; x_wconf 90' lang='lat' dir='ltr'>quorum</span> <span class='ocrx_word' id='word_1_540' title='bbox 858 2911 985 2944; x_wconf 86' lang='lat' dir='ltr'>odiosa</span> <span class='ocrx_word' id='word_1_541' title='bbox 1013 2911 1068 2944; x_wconf 84' lang='lat' dir='ltr'>est</span> <span class='ocrx_word' id='word_1_542' title='bbox 1094 2910 1299 2944; x_wconf 83' lang='lat' dir='ltr'>recordatio</span> <span class='ocrx_word' id='word_1_543' title='bbox 1327 2910 1366 2944; x_wconf 86' lang='lat' dir='ltr'>et</span> <span class='ocrx_word' id='word_1_544' title='bbox 1392 2909 1578 2943; x_wconf 88' lang='lat' dir='ltr'>memoria.</span> <span class='ocrx_word' id='word_1_545' title='bbox 1606 2910 1647 2942; x_wconf 88' lang='lat' dir='ltr'>ut</span> <span class='ocrx_word' id='word_1_546' title='bbox 1676 2908 1739 2951; x_wconf 85' lang='lat' dir='ltr'>qui</span> <span class='ocrx_word' id='word_1_547' title='bbox 1758 2916 1873 2949; x_wconf 84' lang='lat' dir='ltr'>usque</span> <span class='ocrx_word' id='word_1_548' title='bbox 1892 2905 1936 2938; x_wconf 83' lang='lat' dir='ltr'>ad</span> 
     </span>
     <span class='ocr_line' id='line_1_45' title="bbox 206 2958 1935 3006; baseline -0.005 -9"><span class='ocrx_word' id='word_1_549' title='bbox 206 2963 443 2998; x_wconf 83' lang='lat' dir='ltr'>saturitatem</span> <span class='ocrx_word' id='word_1_550' title='bbox 461 2964 498 2998; x_wconf 81' lang='lat' dir='ltr'>et</span> <span class='ocrx_word' id='word_1_551' title='bbox 514 2975 690 2998; x_wconf 81' lang='lat' dir='ltr'>nauseam</span> <span class='ocrx_word' id='word_1_552' title='bbox 709 2965 901 2998; x_wconf 86' lang='lat' dir='ltr'>venerunt.</span> <span class='ocrx_word' id='word_1_553' title='bbox 935 2962 1003 2996; x_wconf 92' lang='lat' dir='ltr'>Vel</span> <span class='ocrx_word' id='word_1_554' title='bbox 1021 2963 1118 2996; x_wconf 87' lang='lat' dir='ltr'>certe</span> <span class='ocrx_word' id='word_1_555' title='bbox 1137 2963 1205 2996; x_wconf 85' lang='lat' dir='ltr'>hoc</span> <span class='ocrx_word' id='word_1_556' title='bbox 1223 2961 1428 3003; x_wconf 83' lang='lat' dir='ltr'>dicendum,</span> <span class='ocrx_word' id='word_1_557' title='bbox 1450 2961 1548 3006; x_wconf 89' lang='lat' dir='ltr'>quod</span> <span class='ocrx_word' id='word_1_558' title='bbox 1566 2971 1698 2994; x_wconf 88' lang='lat' dir='ltr'>nomen</span> <span class='ocrx_word' id='word_1_559' title='bbox 1717 2970 1821 2992; x_wconf 85' lang='lat' dir='ltr'>suum</span> <span class='ocrx_word' id='word_1_560' title='bbox 1840 2958 1935 2990; x_wconf 85' lang='lat' dir='ltr'>dere-</span> 
     </span>
     <span class='ocr_line' id='line_1_46' title="bbox 205 3009 1936 3061; baseline -0.003 -13"><span class='ocrx_word' id='word_1_561' title='bbox 205 3014 381 3059; x_wconf 80' lang='lat' dir='ltr'>linquant</span> <span class='ocrx_word' id='word_1_562' title='bbox 398 3017 525 3051; x_wconf 86' lang='lat' dir='ltr'>electis</span> <span class='ocrx_word' id='word_1_563' title='bbox 542 3017 701 3058; x_wconf 89' lang='lat' dir='ltr'>Domini,</span> <span class='ocrx_word' id='word_1_564' title='bbox 721 3018 763 3051; x_wconf 82' lang='lat' dir='ltr'>ut</span> <span class='ocrx_word' id='word_1_565' title='bbox 780 3027 846 3061; x_wconf 87' lang='lat' dir='ltr'>pro</span> <span class='ocrx_word' id='word_1_566' title='bbox 865 3015 940 3049; x_wconf 87' lang='lat' dir='ltr'>illis</span> <span class='ocrx_word' id='word_1_567' title='bbox 958 3015 1126 3059; x_wconf 72' lang='lat' dir='ltr'>gentium</span> <span class='ocrx_word' id='word_1_568' title='bbox 1144 3015 1254 3049; x_wconf 83' lang='lat' dir='ltr'>turba</span> <span class='ocrx_word' id='word_1_569' title='bbox 1271 3015 1450 3054; x_wconf 81' lang='lat' dir='ltr'>succedat,</span> <span class='ocrx_word' id='word_1_570' title='bbox 1479 3014 1516 3047; x_wconf 82' lang='lat' dir='ltr'>et</span> <span class='ocrx_word' id='word_1_571' title='bbox 1532 3013 1602 3057; x_wconf 85' lang='lat' dir='ltr'>ipsi</span> <span class='ocrx_word' id='word_1_572' title='bbox 1621 3010 1851 3056; x_wconf 83' lang='lat' dir='ltr'>appellentur</span> <span class='ocrx_word' id='word_1_573' title='bbox 1870 3009 1936 3042; x_wconf 88' lang='lat' dir='ltr'>filii</span> 
     </span>
     <span class='ocr_line' id='line_1_47' title="bbox 205 3069 606 3104; baseline 0.002 -2"><span class='ocrx_word' id='word_1_574' title='bbox 205 3069 393 3103; x_wconf 86' lang='lat' dir='ltr'>Abraham</span> <span class='ocrx_word' id='word_1_575' title='bbox 410 3070 447 3103; x_wconf 86' lang='lat' dir='ltr'>et</span> <span class='ocrx_word' id='word_1_576' title='bbox 462 3069 606 3104; x_wconf 67' lang='lat' dir='ltr'>Israel.¹</span> 
     </span>
    </p>
   </div>
  </div>
 </body>
</html>
