2175 3382
736 141 787 175 Dc
806 142 1156 186 congregationibus
1173 142 1346 176 romanis.
1823 149 1909 191 535

296 263 394 305 515.
418 260 481 301 De
503 261 880 314 conqreyationibus
901 262 1095 302 romanis.
1110 286 1166 291 —
1181 261 1224 303 3.
1241 260 1457 302 potestate
1472 262 1714 304 authentice
1729 263 1910 305 docendi

175 330 334 383 pollent
365 331 494 371 etiam
517 330 868 382 congregationes
891 341 1097 371 romanae
1120 330 1412 379 cardinalium,
1444 343 1553 384 quae
1586 332 1640 373 ad
1671 334 1908 375 custodiam

176 400 357 453 depositi
378 401 650 442 revelationis
672 401 950 453 puritatisque
974 400 1069 441 fidei
1091 400 1268 441 tutelam
1291 405 1390 442 sunt
1411 402 1637 443 institutae.
1660 402 1909 455 Hujusmodi

176 475 275 512 sunt
287 472 538 524 praesertim
552 471 823 523 congregatio
847 484 877 512 s.
902 470 1091 512 Officii
1112 483 1186 512 seu
1209 471 1492 524 inquisitionis
1506 473 1746 515 haereticae
1768 475 1908 526 pravi-

176 542 287 591 tatis,
309 542 580 594 congregatio
602 541 808 582 Indicis
831 540 1034 582 librorum
1049 541 1358 593 prohibitorum
1383 546 1425 582 et
1446 542 1623 584 subinde
1638 545 1908 595 congregatio

175 612 244 653 Po
259 612 662 654 enitentiariae
697 612 740 651 in
772 611 902 652 rebus
936 611 1180 652 moralibus.
1235 610 1595 665 Congregationes
1629 613 1711 654 hoc
1745 626 1771 654 a
1805 626 1908 655 con-

174 682 278 723 ciliis
300 681 634 735 provincialibus
656 682 981 734 distinguuntur,
1014 682 1128 734 quod
1158 696 1200 725 a.
1235 694 1383 723 earum
1403 683 1562 735 judicia
1583 683 1626 724 in
1648 685 1909 725 universa

173 753 362 794 Ecclesia
385 753 470 793 vim
493 752 664 801 habent,
696 764 784 792 non
814 752 967 793 horum
991 752 1174 801 decreta,
1207 753 1357 794 saltem
1390 765 1465 805 per
1497 766 1542 794 se
1574 758 1615 794 et
1644 754 1909 799 immediate:

177 823 291 876 quod
312 825 359 867 b.
384 823 563 864 concilia
585 823 861 875 provincialia
879 822 974 875 jure
1006 824 1233 875 proprio
1265 823 1429 877 sibique
1451 824 1577 865 insito
1600 824 1772 865 docent:
1807 837 1909 866 con-

174 895 443 946 gregationes
464 905 566 935 vero
589 897 800 946 potestate
815 893 986 946 quidem
1009 894 1239 943 ordinaria,
1262 895 1336 935 sed
1358 895 1594 944 vicaria,
1617 907 1744 948 quam
1767 895 1845 935 illis
1868 896 1910 935 in

177 965 337 1007 bonum
350 964 564 1006 Ecclesiae
587 969 626 1005 et
651 964 705 1005 ad
726 964 888 1005 facilius
910 965 1141 1016 regendam
1153 964 1388 1006 Ecclesiam
1411 966 1699 1007 communicat
1720 979 1910 1007 summus

175 1035 383 1088 pontifex3
414 1035 528 1088 quod
559 1048 601 1079 c.
637 1035 690 1075 ab
723 1036 1021 1087 episcoporum
1053 1036 1265 1077 sententia
1288 1036 1412 1077 datur
1435 1048 1632 1077 recursus
1656 1036 1709 1077 ad
1733 1048 1910 1088 congre-

173 1106 380 1157 gationes,
403 1117 511 1158 quae
535 1111 634 1147 sunt
654 1106 848 1158 superior
870 1106 1083 1159 quaedam
1104 1106 1317 1147 instantia.

291 1204 395 1242 Haec
425 1204 773 1254 congregationum
804 1205 1016 1242 auctoritas
1050 1205 1252 1254 colligitur
1282 1218 1326 1242 ex
1360 1205 1533 1254 ipsarum
1565 1204 1831 1249 institutione,
1866 1218 1910 1242 ex

173 1264 280 1312 praxi
297 1263 381 1312 jam
401 1263 579 1312 plurium
601 1264 833 1308 seculorum,
868 1266 908 1301 et
930 1276 975 1301 ex
997 1264 1162 1301 solemni
1185 1264 1447 1301 declaratione
1468 1276 1721 1301 romanorum
1751 1264 1910 1313 pontifi-

175 1335 273 1360 cum.
316 1322 402 1359 Huc
423 1322 559 1359 referri
581 1322 726 1360 debent
747 1323 868 1360 verba
887 1323 962 1360 Pii
986 1323 1050 1360 IX.
1072 1323 1114 1359 111
1135 1323 1251 1360 Brevi
1274 1323 1310 1360 d.
1338 1329 1400 1363 15.
1423 1322 1516 1360 Jun.
1538 1329 1643 1363 1857
1658 1322 1706 1359 ad
1720 1322 1910 1371 archiepi-

175 1394 336 1430 scopum
357 1381 634 1426 coloniensem,
671 1382 818 1430 quibus
841 1382 887 1419 de
910 1382 1063 1419 decreto
1087 1382 1400 1431 congregationis
1431 1382 1583 1427 indicis,
1617 1394 1693 1430 quo
1718 1381 1910 1419 Giinther-i

174 1453 291 1489 opera
310 1440 517 1489 reprobata
539 1442 578 1477 et
600 1440 798 1488 prohibita
818 1441 938 1487 fuere,
963 1441 1079 1478 dicit:
1104 1466 1121 1484 »
1132 1441 1263 1478 Rebus
1286 1441 1468 1477 omnibus
1491 1453 1512 1477 a
1533 1440 1658 1477 Nobis
1681 1440 1800 1477 etiam
1822 1453 1909 1488 per-

174 1498 319 1548 pensis,
343 1498 478 1536 eadem
500 1500 749 1549 congregatio
772 1500 972 1537 decretum
995 1500 1107 1544 illud,
1144 1512 1325 1548 suprema
1346 1501 1480 1537 nostra
1502 1499 1737 1536 auctoritate
1766 1499 1909 1548 proba-

171 1562 258 1596 tum
280 1557 433 1606 tibique
454 1558 709 1596 notissimum
731 1558 869 1604 edidit,
893 1571 971 1606 quo
994 1558 1257 1608 gunther-iana
1280 1569 1396 1607 opera
1416 1558 1680 1607 prohibentur
1714 1560 1753 1594 et
1785 1557 1908 1595 inter-

172 1618 368 1656 dicuntur.
403 1616 514 1661 Quod
537 1617 695 1665 quidem
717 1617 918 1654 decretum
932 1618 1076 1655 Nostra
1098 1617 1330 1654 auctoritate
1353 1617 1548 1655 sancitum
1562 1617 1781 1664 Nostroque
1792 1617 1909 1665 jussu

171 1678 380 1726 vulgatum
402 1675 650 1713 sufficere
672 1677 787 1724 plane
820 1676 998 1721 debebat,
1032 1678 1077 1713 ut
1108 1676 1286 1724 quaestio
1319 1676 1443 1713 omnis
1473 1676 1686 1724 penitus
1719 1675 1909 1724 dirempta

173 1738 409 1778 censeretur,
433 1736 474 1771 et
495 1747 638 1780 omnes,
662 1735 731 1783 qui
753 1735 941 1772 catholico
962 1735 1182 1785 gloriantur
1203 1735 1372 1779 nomine,
1396 1736 1497 1772 clare
1519 1736 1730 1783 aperteque
1757 1734 1907 1771 intelli-

171 1797 320 1845 gerent,
344 1792 419 1831 sibi
442 1805 525 1830 esse
548 1794 716 1831 omnin
733 1807 754 1831 o
778 1794 1140 1843 obtemperandum,
1165 1795 1203 1831 et
1226 1794 1416 1831 sinceram
1438 1793 1575 1830 haberi
1597 1805 1675 1830 non
1688 1805 1804 1841 posse
1817 1792 1908 1830 doc-

171 1854 317 1891 trinam
338 1852 611 1902 giintherianis
634 1853 746 1890 libris
769 1855 1004 1895 contentam,
1039 1865 1081 1890 ac
1102 1853 1251 1890 nemini
1273 1853 1455 1901 deinceps
1486 1852 1542 1889 fas
1574 1864 1658 1889 esse
1690 1851 1909 1889 doctrinam

171 1913 222 1950 iis
243 1912 356 1950 libris
378 1911 565 1948 traditam
586 1912 692 1949 tueri
713 1924 755 1949 ac
777 1917 1063 1961 propugnat-ef<
1098 1912 1148 1949 Et.
1170 1912 1212 1949 in
1234 1912 1292 1948 lit.
1317 1911 1365 1949 ad
1388 1911 1553 1959 archiep.
1570 1910 1721 1960 frising.
1740 1917 1806 1950 21.
1822 1911 1909 1947 Dec.

177 1977 285 2013 1863
309 1971 496 2020 legimus:
522 1970 646 2014 ,Cum
668 1973 810 2020 agatur
831 1971 878 2008 de
900 1971 969 2008 illa
992 1971 1246 2018 subjectione,
1284 1983 1361 2018 qua
1383 1983 1427 2007 ex
1451 1969 1690 2007 conscientia
1719 1969 1747 2006 ii
1778 1982 1909 2007 omnes

172 2029 353 2068 catholici
374 2029 694 2078 obstringuntur,
720 2030 788 2077 qui
811 2029 854 2067 111
876 2029 1217 2078 contemplatrices
1239 2029 1417 2066 scientias
1439 2028 1684 2077 incumbunt,
1719 2030 1766 2065 ut
1786 2040 1908 2066 novas

173 2089 256 2127 suis
279 2088 437 2137 scriptis
459 2088 652 2126 Ecclesiae
674 2089 839 2126 afferant
860 2089 1074 2126 utilitates:
1111 2088 1254 2126 idcirco
1277 2088 1451 2137 ejusdem
1483 2089 1696 2125 conventus
1728 2085 1909 2138 (literarii

172 2148 366 2186 Monachii
387 2147 513 2185 habiti
541 2145 668 2198 1863)
704 2148 779 2185 viri
802 2160 1075 2197 recognoscere
1108 2147 1263 2192 debent,
1297 2146 1540 2196 sapientibus
1573 2144 1774 2184 catholicis
1806 2145 1909 2183 haud

174 2208 268 2245 satis
290 2219 384 2253 esse,
408 2208 454 2244 ut
474 2206 648 2254 praefata
670 2206 864 2244 Ecclesiae
886 2207 1070 2256 dogmata
1092 2206 1281 2254 recipiant
1296 2218 1338 2243 ac
1351 2208 1609 2243 venerentur:
1632 2217 1771 2242 verum
1791 2204 1909 2241 etiam

173 2278 271 2315 opus
292 2278 387 2311 esse,
417 2266 464 2302 ut
485 2277 524 2302 se
547 2265 760 2314 subjiciant
786 2267 873 2302 tum
906 2265 1178 2310 decisionibus,
1211 2277 1311 2313 quae
1342 2265 1391 2301 ad
1420 2264 1638 2301 doctrina-m
1667 2263 1910 2312 pertinentes

173 2339 195 2363 a
215 2324 427 2374 pontificiis
450 2325 818 2374 congregationibus
838 2324 1104 2373 proferuntur,
1139 2327 1226 2361 tum
1259 2324 1305 2360 iis
1338 2323 1536 2360 doctrinae
1567 2322 1775 2374 capitibus,
1810 2335 1909 2370 quae

173 2383 371 2421 communi
393 2385 432 2421 et
454 2383 650 2420 constanti
671 2383 952 2420 catholicorum
986 2395 1175 2420 consensu
1205 2382 1430 2419 retinentur
1460 2384 1506 2419 ut
1535 2381 1778 2431 theologicae
1808 2381 1910 2419 veri-

171 2445 274 2481 tates
297 2444 337 2480 et
358 2442 629 2480 conclusiones
651 2442 707 2478 ita
729 2444 866 2486 certae,
904 2443 950 2478 ut
971 2442 1173 2490 opiniones
1205 2441 1351 2478 eisdem
1382 2441 1582 2478 doctrinae
1615 2440 1809 2489 capitibus
1841 2440 1908 2477 ad-

172 2514 315 2545 versae,
339 2514 579 2549 quamquam
600 2500 818 2538 haereticae
841 2500 917 2537 dici
938 2502 1148 2549 nequeant,
1172 2502 1305 2537 tamen
1326 2499 1444 2537 aliam
1457 2499 1717 2549 theologicam
1733 2511 1908 2536 merean-

172 2563 240 2599 tur
261 2565 505 2598 censuram«
550 2560 600 2596 Et
621 2571 708 2596 cum
733 2559 1054 2609 congregationes
1079 2571 1108 2596 s.
1132 2559 1257 2596 Officii
1288 2560 1328 2596 et
1349 2558 1494 2596 Indicis
1515 2558 1555 2595 in
1577 2570 1692 2595 causa
1722 2557 1907 2595 traditio-

172 2619 330 2657 nalismi
351 2619 506 2656 decreta
527 2618 751 2663 edidissent,
785 2630 884 2666 quae
906 2630 1082 2655 summus
1119 2617 1294 2666 pontifex
1324 2620 1409 2654 rata
1439 2617 1630 2654 habuerat
1661 2618 1699 2653 et
1730 2629 1909 2664 suprema

173 2692 243 2716 sua
263 2678 498 2715 auctoritate
525 2677 829 2719 confirmaverat,
863 2689 989 2725 neque
1012 2679 1217 2726 propterea
1252 2676 1538 2714 controversiae
1569 2677 1777 2720 cessarent,
1809 2675 1909 2712 card.

173 2736 371 2774 Patrizi
393 2749 451 2785 ep.
474 2736 522 2773 ad
543 2736 743 2785 episcopos
764 2735 894 2785 Belgii
919 2742 983 2775 30.
1007 2737 1107 2785 Aug.
1137 2741 1242 2776 1866
1267 2735 1488 2783 rescripsit:
1514 2735 1615 2779 „Per
1635 2734 1908 2783 responsiones

174 2808 224 2833 ss.
246 2795 593 2845 congregationum
615 2808 642 2834 s.
666 2794 791 2832 Officii
813 2799 852 2832 et
873 2794 1018 2831 Indicis
1039 2797 1126 2832 tum
1148 2808 1179 2832 a.
1208 2800 1316 2835 1864
1339 2796 1423 2831 tum
1447 2807 1478 2831 a.
1508 2800 1615 2834 1866
1641 2805 1690 2830 33.
1711 2792 1907 2841 pontificis

173 2854 408 2892 auctoritate
444 2853 612 2891 sancitas
647 2853 918 2901 quaestionem
952 2853 1071 2890 fuisse
1106 2852 1307 2890 definitam
1330 2883 1337 2890 .
1362 2883 1368 2889 .
1393 2883 1399 2889 .
1424 2883 1430 2890 .
1454 2853 1574 2889 Porro
1608 2851 1683 2889 viri
1717 2850 1906 2889 catholici.

172 2913 300 2951 multo
322 2925 412 2951 vero
434 2912 558 2962 magis
580 2911 834 2950 ecclesiastici
867 2911 909 2948 id
929 2912 1106 2949 muneris
1136 2911 1293 2957 habent,
1325 2914 1372 2949 ut
1403 2911 1568 2949 decretis
1600 2923 1628 2947 s.
1652 2909 1761 2947 Sedis
1790 2909 1905 2957 plene,

166 2972 334 3021 perfecte
355 2971 592 3020 absoluteque
615 2983 655 3009 se
677 2971 893 3020 subjiciant
914 2983 959 3007 ex
981 2971 1108 3008 medio
1131 2970 1298 3008 sublatis
1332 2969 1663 3012 contentionibus,
1697 2979 1794 3015 quae
1826 2967 1906 3003 sin—

173 3030 328 3068 ceritati
348 3042 530 3067 assensus
553 3029 764 3068 officerent.
777 3035 794 3053 «
837 3029 937 3066 Hinc
971 3028 1145 3078 episcopi
1175 3029 1304 3079 Belgii
1334 3028 1630 3078 professoribus,
1664 3026 1709 3063 de
1740 3038 1907 3073 quorum

173 3089 423 3138 opinionibus
447 3088 643 3126 sentent-ia
665 3089 744 3126 lata
764 3089 904 3132 fuerat,
939 3087 1144 3125 formulam
1177 3090 1469 3136 proposuerunt
1501 3084 1833 3124 subscribendam.
1867 3084 1907 3120 in
