2175 3382
757 96 980 141 Theologiae
997 97 1179 141 generalis
1196 97 1337 132 divisio.
1882 106 1907 146 9

181 214 234 256 ab
276 215 416 268 aliquo
448 219 640 267 tempore
681 214 894 266 theologia
915 215 944 270 ¹)
976 214 1408 257 fundamentalis
1440 218 1505 258 vel
1536 218 1812 269 generalis
1845 219 1909 260 vel

180 285 486 327 demonstratio
520 285 752 326 christiana
784 290 826 325 et
855 284 1067 326 catholica
1088 285 1154 326 vel
1185 286 1380 338 apologia
1411 288 1621 340 religionis
1654 289 1910 330 christianae

182 361 222 397 et
244 356 479 398 catholicae
502 355 628 399 audit.

297 427 363 467 IX.
396 425 501 467 Cum
534 431 678 468 autem
710 426 948 478 theologiae
971 426 1201 483 (specialis)
1227 427 1451 480 objectum,
1483 434 1528 468 ut
1559 442 1685 482 supra
1717 431 1909 472 diximus.

182 499 235 539 sit
258 497 371 539 Deus
402 497 635 539 secundum
670 509 715 538 se
751 502 824 538 aut
858 497 1091 537 secundum
1123 510 1223 538 suas
1255 498 1309 538 ad
1340 504 1459 539 extra
1491 501 1910 547 communicationes,

183 582 291 623 quae
313 574 411 622 apte
433 573 688 610 revocantur
710 568 764 609 ad
786 570 1151 619 creationem,
1182 570 1616 623 redemptionem
1640 576 1681 612 ct
1703 574 1912 613 sancti-

181 641 503 681 ficationem
535 652 633 680 cum
660 640 1138 681 consummatione
1170 640 1303 682 finali:
1338 642 1451 682 haud
1482 642 1622 694 inepte
1652 642 1721 682 illa
1753 643 1913 695 disper-

181 712 282 752 titur
311 711 355 752 in
385 715 592 752 tractatus
624 711 675 752 de
698 711 786 752 Deo
809 723 894 752 uno
930 715 971 751 et
1004 711 1126 760 trino,
1161 711 1212 752 de
1235 711 1322 753 Deo
1346 717 1518 753 creante
1552 717 1592 753 et
1624 712 1827 761 elevante,
1862 712 1913 753 de

193 782 335 824 Verbo
357 782 580 823 incarnato
612 786 653 823 et
685 782 737 823 de
768 782 1072 834 redemptione,
1105 781 1156 823 de
1186 781 1274 823 Deo
1307 782 1616 824 sanctificatore
1649 788 1689 823 et
1720 795 1917 823 consum-

182 858 358 897 matore.

297 924 347 965 X.
377 923 615 978 Theoloyiae
633 923 841 977 yeneralis
863 925 1018 966 cla-isio.
1035 950 1091 954 —-
1105 924 1138 965 T
1225 924 1362 977 logiae
1385 925 1558 976 speciali
1580 929 1762 977 quatuor
1784 937 1914 977 quae-

183 996 343 1037 stiones
357 995 613 1048 principales
628 995 841 1047 praemitti
856 999 1045 1047 possunt,
1054 925 1606 1192 *revelationem
1630 995 1765 1047 ipsam
1789 996 1913 1035 attin-

183 1070 284 1118 gant
305 1071 432 1119 atque
454 1065 793 1106 fundamentales
826 1065 908 1106 dici
933 1077 1050 1107 mere
1315 1066 1448 1106 eriam
1471 1066 1730 1106 constituent
1752 1065 1916 1106 theolo-

183 1138 275 1189 giae
297 1136 508 1190 generalis
531 1147 606 1177 seu
629 1135 969 1177 fundamentalis.
1013 1135 1075 1187 Qu
1249 1148 1294 1177 es
1325 1136 1523 1188 praeviae
1546 1148 1673 1188 porro
1696 1137 1777 1177 hae
1800 1141 1916 1177 sunt:

185 1209 224 1254 1.
257 1208 367 1250 Num
401 1212 537 1250 exstet
568 1207 709 1260 aliqua
740 1207 973 1248 revelatio?
1017 1208 1085 1248 cui
1116 1207 1390 1259 respondebit
1424 1207 1681 1259 apologia
1707 1207 1917 1259 religionis

185 1280 453 1320 christianae.
497 1279 602 1320 Cum
626 1291 728 1320 vero
752 1278 955 1328 Christus,
988 1283 1138 1319 auctor
1159 1278 1285 1331 hujus
1308 1278 1580 1319 revelationis
1603 1278 1665 1333 (ut
1687 1277 1846 1330 patebit
1868 1289 1918 1318 ex

182 1351 274 1403 ipsa
296 1350 610 1405 disputatione),
632 1362 721 1391 non
743 1349 924 1402 amplius
946 1349 1120 1390 visibilis
1142 1350 1185 1390 in
1207 1350 1331 1390 terris
1353 1349 1490 1401 degat,
1513 1353 1663 1401 sponte
1686 1360 1763 1389 sua
1786 1348 1918 1389 oritur

184 1422 375 1473 quaestio
406 1423 450 1465 2.
483 1433 610 1474 quem
641 1421 721 1462 sibi
752 1420 1015 1462 substituerit
1047 1420 1101 1461 ad
1133 1432 1254 1461 suam
1287 1420 1525 1460 doctrinam
1548 1419 1723 1460 coelitus
1745 1419 1917 1459 allatam

183 1491 236 1532 ad
258 1496 453 1544 posteras
475 1493 770 1544 generationes
794 1492 983 1544 aliosque
1007 1491 1185 1544 populos
1207 1489 1616 1532 transfundendam'?
1650 1490 1716 1530 cui
1738 1501 1916 1541 respon-

185 1562 299 1604 debit
329 1563 556 1615 disputatio
590 1564 724 1605 altera
756 1563 807 1604 de
834 1563 1085 1604 Ecclesia
1102 1565 1147 1618 2).
1191 1562 1380 1612 Quaeres
1419 1563 1460 1605 3.
1499 1561 1713 1614 quomodo
1750 1561 1791 1600 in
1824 1561 1915 1612 ipsa

180 1677 346 1719 parvulis
364 1675 432 1716 (Ps.
454 1679 506 1716 18,
526 1679 571 1717 8).
607 1675 711 1710 Unde
730 1676 927 1710 Dominus:
962 1677 1133 1717 Confiteor
1151 1675 1224 1715 tibi,
1243 1675 1360 1717 Pater,
1381 1675 1529 1707 Domine
1546 1674 1629 1706 coeli
1655 1677 1684 1706 et
1702 1677 1829 1715 terrae,
1857 1674 1918 1715 qni

183 1730 395 1763 abscondisti
419 1731 502 1763 llaec
528 1741 549 1762 α
577 1731 792 1773 sapientibus
810 1735 839 1763 et
858 1730 1093 1772 prudentibus
1120 1733 1150 1761 et
1176 1728 1336 1760 revelasti
1360 1738 1397 1760 ea
1419 1727 1586 1769 parvulis
1604 1725 1753 1769 (Matth.
1775 1729 1827 1763 ll,
1847 1728 1916 1766 25).

183 1781 300 1822 Prius,
318 1783 481 1826 inquam,
501 1793 555 1823 ea,
575 1794 668 1826 quae
683 1783 801 1816 carnis
813 1785 898 1816 sunt
911 1783 1188 1827 postponentes.
1201 1779 1399 1814 secundum
1418 1779 1590 1823 spiritum
1607 1778 1781 1819 vivamus,
1809 1788 1919 1821 quani

181 1835 367 1880 profunda
384 1835 471 1870 fidei
489 1835 727 1880 dijudicando
746 1835 1008 1873 discutiamus:
1037 1846 1120 1868 nam
1149 1835 1211 1878 qui
1240 1833 1441 1867 secundum
1459 1842 1605 1865 carnem
1632 1831 1734 1867 vivit.
1763 1831 1919 1865 carnalis

183 1889 257 1921 sive
275 1887 447 1922 animalis
466 1890 531 1930 est,
546 1889 590 1921 de
609 1899 682 1932 quo
701 1888 855 1922 dicitur:
885 1889 1062 1922 Am'malis
1090 1889 1190 1921 homo
1209 1899 1277 1921 non
1293 1887 1443 1930 percipit
1470 1897 1520 1929 ea,
1551 1896 1638 1928 quae
1665 1889 1748 1918 sunt
1765 1885 1920 1927 Spiritus

183 1942 271 1984 De&
288 1941 352 1985 qui
370 1952 456 1975 vero
475 1941 609 1986 spiritu
626 1942 725 1975 facta
743 1942 860 1975 carnis
879 1941 1086 1980 mortificat,
1105 1939 1309 1984 spiritualis
1324 1938 1499 1976 efficitur:
1519 1938 1563 1971 de
1577 1948 1648 1980 quo
1668 1936 1814 1981 legitur,
1834 1936 1918 1980 quia

181 1997 381 2038 spiritualis
398 1997 510 2030 omnia
521 1996 672 2039 judicat,
691 2000 722 2029 et
739 1996 811 2038 ipse
829 2007 851 2029 a
867 1996 1002 2028 nemine
1011 1995 1198 2037 judicatur
1217 1996 1260 2032 (l.
1280 1992 1357 2026 Cor.
1378 1995 1408 2032 2,
1433 1996 1475 2026 14
1493 1991 1556 2035 e.)‘
1579 1993 1646 2024 ete.

327 2051 351 2090 ¹)
371 2048 421 2082 Ea
448 2049 478 2082 si
505 2048 652 2092 proprie
679 2047 781 2091 loqui
799 2048 953 2081 velimus
971 2057 1045 2080 non
1064 2048 1121 2080 est
1137 2045 1339 2090 theologia,
1366 2046 1427 2080 sed
1454 2045 1741 2090 propaedeutica
1758 2043 1918 2087 philoso-

182 2102 293 2146 phica
311 2101 357 2136 ad
375 2102 616 2147 theologiam.
652 2102 752 2136 Haec
769 2101 867 2135 enim
886 2111 929 2135 ex
947 2101 1172 2135 revelatione
1191 2100 1426 2144 progreditur
1456 2100 1503 2132 ad
1521 2109 1603 2132 suas
1622 2097 1837 2131 statuendas
1867 2107 1920 2129 as·

184 2154 380 2194 sertiones;
397 2154 589 2199 theologia
606 2164 702 2194 vero,
722 2165 834 2198 quam
853 2154 981 2188 dicunt
999 2154 1047 2187 fu
1058 2166 1081 2187 n
1093 2153 1115 2187 d
1128 2163 1149 2186 a
1160 2165 1197 2186 m
1209 2164 1227 2186 e
1238 2165 1261 2187 n
1273 2155 1289 2186 t
1301 2153 1344 2186 al
1357 2163 1375 2186 e
1386 2164 1432 2193 m,
1451 2152 1596 2186 ratione
1611 2161 1672 2184 seu
1686 2149 1920 2194 philosophia

184 2208 220 2241 et-
233 2207 390 2242 historia
402 2207 545 2248 nititur,
559 2208 750 2242 hominem
764 2208 864 2241 enim
876 2207 1020 2241 ratione
1035 2207 1164 2240 ducere
1179 2205 1291 2240 debet·
1305 2206 1351 2239 ad
1365 2206 1630 2240 revelationem
1643 2201 1920 2246 agnoscendam,

183 2260 236 2294 Cf.
255 2260 288 2293 H
300 2271 318 2295 e
328 2261 371 2294 tt
381 2260 394 2294 i
405 2273 427 2294 n
440 2272 465 2305 g
475 2271 494 2295 e
504 2273 521 2295 r
539 2261 669 2297 Lehrb.
685 2260 750 2295 der
762 2259 1181 2295 Fundamental-Theol.
1196 2260 1221 2293 t.
1241 2263 1257 2294 1
1273 2259 1409 2292 introd.
1425 2263 1441 2300 ξ
1457 2262 1493 2296 2;
1515 2257 1545 2292 G
1556 2268 1580 2290 u
1590 2258 1606 2290 t
1617 2256 1640 2290 b
1654 2265 1697 2289 er
1709 2254 1772 2289 let
1791 2254 1921 2288 Lehrb.

184 2312 249 2347 der
265 2313 502 2357 Apologetik,
529 2313 666 2347 introd.
684 2314 747 2357 qui
766 2314 858 2348 bene
875 2312 1039 2346 inculcat·
1057 2312 1251 2346 discrimen
1269 2312 1367 2346 inter
1395 2309 1615 2355 apologiam,
1645 2308 1748 2352 cujus
1775 2306 1922 2341 nomine

183 2365 347 2410 intelligi
364 2367 488 2411 potest
507 2367 695 2410 quaelibet
714 2366 890 2406 defensio,
909 2371 945 2400 et
964 2376 982 2399 a
997 2378 1018 2409 p
1031 2364 1108 2400 olo
1121 2366 1285 2410 getica
1298 2377 1345 2405 m,
1366 2375 1438 2408 qua
1459 2362 1679 2407 designatur
1697 2361 1841 2394 theoria
1860 2360 1922 2393 do-

185 2429 268 2453 cens
285 2419 435 2453 modum
454 2420 637 2464 probandi
656 2422 695 2454 et
714 2419 934 2454 defendendi
952 2418 1214 2452 revelationem
1240 2417 1480 2451 christianam
1510 2425 1571 2449 seu
1590 2416 1671 2458 ipsa
1689 2413 1921 2457 systematica

185 2474 221 2506 et
239 2472 439 2506 scientifica
457 2473 622 2507 defensio
640 2472 964 2517 praeambulorum
982 2470 1068 2506 fidei
1101 2473 1137 2505 et
1155 2471 1379 2505 motivorum
1399 2468 1669 2503 credibilitatis.
1704 2466 1801 2500 Haec
1828 2466 1922 2500 inni-

184 2528 267 2559 tens
284 2525 544 2571 philosophiae
563 2526 665 2560 ducit
683 2527 730 2560 ad
749 2526 980 2571 agnitionem
998 2524 1234 2559 revelationis
1261 2526 1299 2558 et
1326 2524 1379 2557 ita
1397 2522 1483 2556 fidei
1502 2521 1599 2555 viam
1630 2519 1761 2554 sternit
1788 2521 1823 2553 et
1851 2519 1921 2563 ipsi

186 2579 398 2624 theologiae
415 2580 578 2624 speciali.

330 2634 356 2677 2)
374 2631 509 2666 Verum
530 2633 680 2677 quidem
698 2634 753 2666 est
769 2634 971 2666 tractatum
990 2631 1033 2665 de
1051 2631 1080 2665 E
1091 2642 1109 2664 c
1120 2630 1191 2664 cle
1205 2642 1219 2663 s
1231 2629 1245 2663 i
1256 2640 1275 2662 a
1294 2629 1407 2662 etiam
1426 2629 1471 2661 ad
1489 2627 1718 2671 theologiam
1744 2638 1794 2670 sp
1806 2635 1824 2658 e
1836 2635 1852 2656 c
1866 2624 1876 2656 i
1889 2634 1922 2656 a·

187 2685 278 2718 lem
294 2684 395 2719 haud
412 2686 597 2720 immerito
615 2685 745 2720 referri
764 2696 880 2729 posse,
909 2695 990 2719 cum
1009 2685 1053 2718 de
1072 2693 1114 2717 ea
1132 2682 1241 2727 plura
1260 2681 1455 2726 speciatim
1474 2679 1652 2714 credenda
1677 2679 1805 2712 doceat
1824 2687 1922 2710 reve-

188 2737 298 2772 latio:
327 2737 497 2782 quocirca
515 2749 588 2772 non
615 2736 759 2779 desunt,
778 2739 851 2782 qui,
870 2739 911 2771 ut
929 2739 1098 2771 accurate
1116 2736 1228 2781 plane
1245 2735 1284 2769 in
1303 2735 1480 2768 tradenda
1508 2732 1696 2776 theologia
1723 2730 1922 2775 procedant

188 2801 406 2835 omnemque
424 2791 551 2825 circuli
569 2790 695 2825 vitiosi
713 2792 882 2825 umbram
900 2793 1063 2829 caveant,
1092 2788 1279 2832 duplicem
1305 2787 1512 2821 instituunt
1540 2786 1582 2818 de
1612 2783 1771 2818 Ecclesia
1799 2783 1921 2825 dispu-

190 2842 381 2884 tationem,
411 2845 599 2888 praeviam
618 2844 773 2878 alteram
794 2845 831 2878 et
859 2843 1087 2887 spectantem
1115 2841 1161 2874 ad
1188 2839 1414 2883 theologiam
1442 2836 1767 2872 fundamentalem.
1797 2835 1921 2868 stricte

189 2896 437 2940 dogmaticam
457 2896 614 2930 alteram
633 2898 669 2930 et
688 2898 919 2940 spectantem
937 2895 983 2929 ad
1001 2894 1230 2938 theologiam
1248 2892 1455 2936 specialem.
1486 2890 1561 2924 Nos
1580 2887 1786 2932 compendii
1800 2886 1919 2931 gratia

189 2949 445 2994 conjunximus
462 2951 677 2993 utramque;
696 2950 795 2993 quod
813 2949 842 2983 si
862 2950 991 2983 contra
1007 2947 1216 2982 incredulos
1235 2946 1294 2980 vel
1310 2946 1557 2989 protestantes
1572 2942 1785 2976 instituetur
1799 2939 1920 2983 dispu-

188 3002 294 3043 tatio,
313 3002 413 3036 haud
430 3001 582 3037 difficile
603 3003 671 3036 erit
689 3003 863 3046 prudenti
882 3001 1057 3046 theologo
1076 3001 1131 3034 ita
1147 2999 1350 3044 procedere,
1379 2998 1421 3031 ut
1439 2997 1565 3032 circuli
1591 2994 1712 3029 vitiosi
1731 3004 1775 3026 ne
1794 2992 1921 3026 umbra

191 3055 339 3099 quidem
357 3054 587 3090 admittatur.
