2175 3382
290 180 344 216 330
566 170 686 201 'si-:ivn
708 169 731 201 l.
753 165 936 211 Apologia
955 165 1058 210 relig.
1078 150 1202 199 'chris-t„
1221 165 1350 199 'l'liesis
1370 165 1427 199 tv.
1449 164 1499 198 De
1517 164 1738 198 necessitate

288 289 464 330 consilia
495 289 585 327 siue
607 287 737 338 ipsius
760 285 942 325 hominis
966 285 1307 325 manifestatione
1339 296 1365 324 a
1396 284 1525 336 priori
1558 284 1758 336 cognosci
1791 289 2018 336 nequeunt.

288 374 313 401 a
336 358 495 400 fortiori
518 357 650 397 libera
665 356 738 397 Dei
760 356 937 397 consilia
959 356 1072 396 circa
1094 354 1460 407 supernaturalem
1485 355 1668 395 hominis
1690 354 2018 395 destinationem

287 430 447 482 absque
469 428 640 481 speciali
663 427 921 468 revelatione
944 425 1067 467 nobis
1089 426 1356 466 innotescere
1379 437 1464 466 non
1494 429 1682 477 possunt.
1725 423 1867 476 Quare
1899 436 2020 466 reve-

286 501 386 541 latio
409 500 490 540 hac
522 499 563 539 in
595 498 817 551 hypothesi
844 502 908 538 est
930 498 1174 538 necessaria
1196 497 1453 538 necessitate
1476 496 1753 549 consequenti
1776 507 1918 536 rerum
1944 508 2020 536 na-

286 577 413 612 turas.
456 570 560 611 Hinc
595 569 741 610 statuit
774 580 891 609 conc.
929 567 1150 608 vatican
1165 580 1244 608 um
1280 579 1381 608 sess.
1416 571 1441 612 3
1475 579 1564 619 cap,
1598 571 1644 610 2:
1687 566 1815 617 „Huic
1852 567 2020 610 divinae

285 640 533 683 revelationi
556 638 824 680 tribuendum
838 638 1007 691 quidem
1031 642 1107 687 est,
1128 642 1174 678 ut
1196 649 1259 686 ea,
1284 650 1394 690 quae
1417 638 1458 678 in
1481 638 1609 678 rebus
1631 637 1784 678 divinis
1806 638 2020 679 humanae

284 713 437 754 rationi
461 724 535 764 per
566 723 611 752 se
644 709 847 762 impervia
877 721 964 749 non
995 713 1104 757 sunt,
1135 709 1178 748 in
1210 709 1423 760 praesenti
1455 720 1623 761 quoque
1646 709 1818 760 generis
1843 709 2020 750 humani

285 784 526 825 conditione
549 782 603 823 ab
619 780 816 822 omnibus
831 779 1037 832 expedite,
1059 779 1181 820 firma
1195 779 1445 820 certitudine
1468 784 1510 820 et
1531 779 1644 820 nullo
1661 780 1852 820 admixto
1869 791 2016 821 errore

285 855 483 908 cognosci
506 853 678 907 possint.
720 851 816 893 Non
837 851 919 892 hac
942 855 1085 891 tamen
1117 850 1169 891 de
1201 862 1332 891 causa
1354 850 1556 891 revelatio
1590 850 1849 892 absolute
1871 861 2019 891 neces=

284 927 398 967 saria
419 925 598 966 dicenda
620 928 695 973 est,
719 922 793 964 sed
816 922 915 975 quia
937 921 1048 962 Deus
1071 934 1122 962 ex
1145 921 1307 962 infinita
1329 920 1520 962 bonitate
1543 933 1622 962 sua
1645 921 1858 962 ordinavit
1878 921 2019 962 homi-

283 1008 380 1037 nem
404 996 457 1037 ad
479 996 605 1037 finem
628 995 1008 1047 supernaturalem,
1042 993 1096 1033 ad
1127 992 1423 1045 participanda
1454 991 1539 1033 scil.
1572 991 1686 1032 bona
1717 991 1875 1039 divina,
1908 1003 2018 1044 quae

282 1069 497 1108 humanae
520 1067 672 1107 mentis
694 1065 1013 1117 intelligentiam
1036 1063 1210 1104 omnino
1234 1067 1439 1115 superant
1458 1066 1521 1115 1)st

401 1137 604 1190 Specialis
627 1142 770 1178 autem
801 1138 844 1180 3.
878 1141 942 1178 est
972 1135 1178 1189 quaestio,
1210 1147 1312 1175 num
1344 1134 1471 1175 etiam
1504 1134 1729 1175 veritatum
1761 1135 2020 1175 rationa-

281 1209 409 1250 lium
431 1209 633 1250 revelatio
656 1208 844 1248 humano
868 1208 1012 1259 generi
1033 1207 1087 1247 sit
1110 1205 1376 1246 necessaria:
1400 1206 1466 1246 cui
1488 1204 1766 1257 respondebit

406 1308 469 1348 ll.
493 1305 659 1348 TheSlS
681 1304 765 1346 IV·
818 1318 891 1352 Act
917 1318 1255 1359 coynoscendas
1289 1325 1447 1350 omnes
1472 1317 1654 1351 ordinis
1680 1316 1876 1350 moralis
1899 1316 2021 1350 veri-

282 1381 397 1412 tates
433 1378 626 1420 aliquod
654 1378 741 1411 Dei
777 1376 1069 1419 adjutorium
1108 1377 1358 1418 divinaque
1399 1375 1620 1409 revelatio
1655 1376 1921 1409 necessaria
1955 1377 2020 1408 est

281 1438 487 1471 humano
511 1437 684 1479 mmeri-

402 1518 695 1562 Declaraiio.
719 1516 764 1557 In
786 1516 931 1569 primis
954 1520 1089 1556 status
1104 1516 1364 1569 quaestionis
1379 1519 1443 1556 est
1457 1515 1750 1556 declarandus.
1773 1515 1869 1557 Non
1883 1516 2019 1570 loqui-

283 1604 377 1632 mur
408 1591 450 1634 1.
483 1590 535 1631 de
566 1589 767 1642 singulari
798 1589 939 1641 aliquo
971 1589 1156 1637 homine,
1187 1588 1262 1629 sed
1293 1587 1344 1629 de
1367 1588 1555 1629 humano
1579 1598 1792 1639 genere.
1837 1586 2013 1628 Etiamsi

283 1662 394 1703 enim
418 1660 716 1708 concedamus,
749 1660 1005 1712 singularem
1037 1659 1222 1712 aliquem
1252 1659 1470 1700 hominem
1502 1659 1656 1700 eximio
1680 1658 1920 1711 praeditum
1953 1659 2017 1698 in-

282 1733 405 1785 genio
428 1732 677 1774 felicissimis
707 1732 750 1772 in
781 1731 990 1784 adjunctis
1023 1742 1172 1772 omnes
1203 1730 1408 1771 naturalis
1441 1729 1602 1771 ordinis
1631 1731 1833 1770 veritates
1856 1729 2019 1770 discere

281 1816 418 1856 posse,
450 1815 537 1844 non
567 1807 794 1855 propterea
816 1802 1005 1855 sequitur
1026 1801 1137 1842 idem
1161 1813 1288 1854 posse
1310 1813 1442 1854 genus
1464 1801 1722 1842 universum.
1763 1799 1860 1841 Non
1881 1801 2018 1854 loqui-

282 1887 376 1915 mur
406 1875 450 1917 2.
483 1873 534 1914 de
557 1873 729 1925 singulis
750 1872 1011 1920 veritatibus
1044 1884 1225 1925 quarum
1248 1872 1416 1925 aliquae
1438 1871 1590 1912 saltem
1613 1870 1811 1912 omnibus
1833 1871 1924 1912 solo
1947 1883 2018 1912 ra-

280 1945 406 1986 tionis
428 1945 585 1985 lumine
607 1949 705 1985 sunt
725 1945 917 1996 perviae:
950 1942 1024 1984 sed
1055 1943 1107 1983 de
1138 1947 1229 1983 toto
1262 1943 1547 1995 complexu
1573 1942 1800 1983 veritatem
1824 1942 2016 1983 rationa-

280 2016 394 2065 lium,
417 2028 526 2068 quae
540 2015 808 2057 necessariae
823 2019 921 2056 sunt
933 2020 980 2055 ut
993 2014 1122 2055 homo
1139 2015 1253 2055 vivat
1266 2015 1397 2054 vitam
1412 2014 1584 2054 homine
1599 2013 1781 2065 dignam,
1798 2013 2018 2062 moralem,

281 2087 533 2139 religiosam,
556 2086 725 2139 qualem
748 2085 873 2138 exigit
895 2085 1000 2126 ordo
1022 2084 1239 2127 naturalis.
1281 2083 1377 2125 Non
1398 2084 1611 2137 loquimur
1633 2084 1673 2127 3.
1698 2083 1750 2124 de
1773 2083 2017 2135 cognitione

282 2170 544 2211 quacunque,
567 2157 750 2207 dubia,
772 2155 1077 2209 probabili,
1101 2155 1495 2208 conjecturali,
1518 2167 1628 2208 quae
1651 2154 1705 2195 ad
1728 2154 1859 2195 vitam
1874 2166 2017 2195 mora-

280 2230 363 2270 lem
386 2234 631 2270 constanter
653 2228 860 2281 agendam
884 2239 971 2268 non
993 2226 1155 2276 sufficit,
1177 2227 1254 2268 sed
1276 2227 1328 2267 de
1351 2232 1506 2267 certa
1528 2225 1748 2278 firmaque.
1784 2224 1881 2267 Non
1905 2224 2016 2266 affir-

282 2312 450 2340 mamus
470 2300 512 2344 4.
534 2300 751 2340 hominem
766 2309 913 2340 carere
934 2298 1133 2339 facultate
1156 2298 1385 2351 physica
1407 2297 1462 2338 ad
1484 2297 1827 2349 cognoscendam
1850 2297 2016 2338 illarum

282 2371 506 2411 veritatum
529 2382 752 2419 summam,
783 2369 858 2410 sed
890 2369 1080 2418 dicimus,
1112 2368 1357 2410 facultatem
1379 2382 1509 2422 quam
1531 2369 1661 2410 habet
1690 2373 1755 2410 tot
1776 2368 2017 2421 praepediri

282 2441 592 2482 difficultatibus
614 2445 657 2482 et
678 2440 920 2489 obstaculis,
942 2445 989 2481 ut
1009 2453 1229 2493 nunquam
1251 2452 1302 2481 ex
1324 2452 1370 2481 se
1393 2444 1598 2489 actuetur,
1630 2451 1706 2481 seu
1728 2445 1775 2480 ut
1796 2451 2017 2492 nunquam

281 2513 475 2554 homines
497 2513 667 2565 proprio
690 2512 828 2553 studio
852 2517 978 2565 atque
1000 2511 1208 2553 industria
1230 2516 1329 2553 actu
1352 2523 1535 2553 omnes
1558 2515 1820 2562 cognoscant
1837 2511 1883 2566 2).
1919 2509 2015 2551 Non

429 2655 450 2694 ¹]
469 2653 521 2687 Cf.
542 2665 570 2687 c.
589 2659 621 2687 4.
642 2664 725 2687 cum
744 2653 902 2698 egregiis
920 2654 1046 2686 annot.
1074 2653 1185 2696 primi
1212 2653 1409 2687 schematis
1436 2652 1582 2686 constit.
1610 2653 1650 2686 in
1668 2652 1750 2686 coll.
1770 2652 1905 2686 lacensi
1925 2651 2013 2687 VH:

282 2719 308 2741 s.
326 2707 466 2741 Thom
481 2718 528 2740 as
546 2710 566 2741 2
598 2711 628 2741 2.
649 2719 681 2751 q.
702 2710 721 2740 2
740 2720 775 2741 n.
792 2710 832 2746 3:
859 2706 1124 2741 Franzelin
1151 2707 1191 2740 in
1209 2706 1368 2751 append.
1386 2707 1432 2739 tr.
1452 2706 1496 2740 de
1513 2706 1597 2741 trid.
1619 2707 1656 2739 et
1673 2705 1804 2749 Sel-ipis.
1823 2716 1851 2739 c.
1870 2708 1891 2739 3
1909 2706 1926 2744 ἓ
1944 2705 2014 2743 Ill;

281 2758 529 2793 Scheeben
551 2759 689 2792 Hanub.
709 2764 725 2800 ξ
745 2762 777 2795 3,

427 2814 453 2858 2)
471 2812 695 2856 Impotentia
713 2813 872 2847 hominis
890 2813 937 2846 ad
955 2814 1225 2857 cognoscendas
1242 2813 1309 2846 has
1326 2813 1513 2851 veritates,
1528 2822 1638 2855 quam
1653 2811 1862 2852 statuimus,
1883 2811 1920 2845 in
1933 2811 2016 2845 aliis

282 2866 429 2911 quidem
449 2867 505 2899 est
531 2878 564 2899 m
577 2876 597 2898 o
609 2878 626 2899 r
637 2866 743 2907 alis,
770 2866 809 2899 in
827 2866 910 2900 aliis
936 2879 960 2911 p
972 2866 996 2900 h
1007 2878 1030 2910 y
1043 2867 1111 2900 sic
1122 2877 1153 2905 a,
1180 2866 1220 2900 in
1247 2866 1381 2910 quibus
1407 2867 1533 2899 tamen
1556 2865 1711 2909 physica
1735 2864 2015 2909 impossibilitas

281 2932 354 2954 non
369 2920 488 2954 oritur
502 2929 544 2952 ex
558 2920 760 2953 intrinseca
773 2922 906 2953 natura
919 2920 1119 2955 facultatis.
1134 2930 1228 2963 quae
1241 2920 1463 2964 potestatem
1483 2918 1679 2963 physicam
1694 2919 1806 2952 habet
1820 2917 1867 2952 ad
1881 2920 2014 2957 actum,

281 2978 324 3008 ut
340 2974 435 3008 bene
453 2973 613 3006 advertit
633 2973 658 3006 P
670 2973 714 3006 al
727 2985 760 3006 m
773 2973 785 3006 i
798 2984 816 3007 e
830 2973 867 3007 ri
887 2973 932 3007 de
950 2974 1073 3018 gratia
1089 2974 1131 3007 th
1161 2973 1255 3008 XIX.
1274 2973 1336 3007 sed
1354 2984 1398 3007 ex
1416 2972 1562 3006 defectu
1579 2972 1754 3016 physicae
1773 2982 1790 3004 c
1802 2982 1822 3005 o
1834 2984 1858 3005 n
1870 2971 1894 3005 d
1906 2972 1916 3005 i
1928 2971 1967 3006 ti
1979 2982 2016 3005 o-

281 3027 367 3064 nis.
387 3036 481 3070 quae
499 3025 709 3070 postulatur
727 3025 773 3059 ad
792 3031 934 3065 actum;
962 3037 1075 3070 quare
1103 3026 1175 3059 dici
1202 3026 1327 3070 potest
1350 3025 1575 3070 impotentia.
1591 3025 1745 3070 physica
1765 3035 1829 3070 per
1847 3025 2014 3059 accidens

284 3082 321 3114 et
339 3080 384 3114 ab
403 3079 614 3114 extrinseco,
650 3078 750 3112 Talis
768 3082 825 3113 est
842 3079 1063 3124 impotentia
1081 3080 1119 3113 in
1137 3080 1260 3123 pueris
1277 3090 1320 3113 ex
1338 3078 1615 3120 imperfectione
1633 3088 1864 3122 organomm.
1885 3089 1906 3112 a
1924 3088 2014 3122 quo-

283 3144 364 3167 rum
382 3133 587 3167 ministerio
601 3131 769 3166 activitas
779 3132 989 3166 intellectus
1004 3132 1228 3167 extrinsecus
1242 3133 1373 3166 saltem
1386 3132 1532 3176 pendet,
1546 3141 1589 3165 ex
1599 3131 1745 3166 defectu
1757 3131 2014 3177 cognitionum
