2175 3382
300 160 347 196 1⁵⁸
534 150 652 182 'l'riu-t.
676 148 698 181 1.
717 148 898 192 Apologia
920 144 1022 188 relig.
1043 145 1168 179 vlu-ist.
1189 145 1254 178 Th.
1276 144 1336 178 ΙΙΙ.
1358 145 1602 179 net-elationis
1623 147 1776 183 utilitas.

293 269 493 311 revelatio
528 272 591 308 est
623 266 852 307 admodum
877 266 1000 312 utilis,
1032 269 1077 305 ut
1109 276 1294 304 omnes
1324 264 1520 305 homines
1551 265 1706 306 facili
1738 268 1806 308 via
1837 272 1879 308 et
1908 272 2025 309 tuto

294 340 454 392 absque
478 349 621 379 errore
646 338 845 377 veritates
868 336 948 376 sibi
971 335 1079 376 adeo
1104 335 1370 376 necessarias
1393 347 1652 386 cognoscere
1676 342 1844 389 queant.
1878 337 2026 380 Merito

297 424 396 463 ergo
419 408 665 462 reprobavit
688 407 813 447 Pius
836 406 902 447 lX.
926 418 1043 458 prop.
1068 409 1093 449 (3
1118 404 1287 458 syllabi:
1328 404 1503 455 „Christi
1536 406 1638 447 tides
1660 407 1874 449 humanae
1897 407 2028 450 refra-

297 487 418 534 gatur
441 479 605 526 rationi,
638 478 863 530 divinaque
886 476 1088 518 revelatio
1111 488 1197 516 non
1222 475 1357 517 solum
1382 476 1481 516 nihil
1506 477 1689 529 prodest,
1722 490 1868 519 verum
1901 479 2028 520 etiam

296 556 421 593 nocet
442 551 626 591 hominis
648 549 930 602 pei‘t'ectioni.“

413 638 449 679 8.
475 633 836 676 Dclnonstratio
860 645 906 686 p.
931 632 996 674 ΙΙ.
1026 630 1161 671 Etiam
1186 631 1387 672 revelatio
1411 633 1799 684 mysteriorum
1822 631 1934 673 utilis
1956 636 2029 674 est.

416 705 455 748 1,
473 704 591 745 Utilis
607 708 671 744 est
687 716 712 743 n
725 715 747 744 e
759 715 782 754 g
796 715 819 743 a
834 702 871 742 ti
884 715 908 742 v
921 714 942 742 e
955 734 963 748 ,
979 713 1031 742 ea
1046 701 1253 753 siquidem
1270 702 1384 743 clare
1399 702 1599 743 discimus
1613 703 1824 744 rationem
1838 707 2030 744 nostram

291 775 492 816 limitibus
515 786 609 815 esse
632 773 1011 824 circumscriptam
1036 784 1118 824 qua
1141 773 1384 825 cognitione
1407 772 1463 813 nil
1485 773 1707 815 salubrius.

411 848 452 890 2.
477 845 593 887 Utilis
617 849 680 886 est
703 843 912 896 ejusmodi
934 843 1138 885 revelatio
1162 843 1427 895 positive,
1460 848 1670 896 quatenus
1702 856 1778 896 per
1809 856 1904 886 eam
1932 856 2031 896 cog-

293 917 395 958 nitio
420 922 566 958 nostra
590 920 768 968 augetur
791 919 918 968 atque
942 914 1177 967 perficitur‚·
1201 913 1423 955 solvuntur
1444 914 1625 966 plurima
1648 914 1777 956 dubia
1800 920 1842 956 et
1863 914 2032 968 proble-

294 993 410 1029 mata
426 989 599 1029 maximi
615 987 831 1034 momenti,
846 998 1026 1039 quorum
1043 986 1196 1027 solutio
1212 985 1355 1026 lumen
1370 985 1562 1027 diffundit
1582 986 1625 1026 in
1646 986 1730 1026 alia
1744 986 2033 1038 cognitionum

295 1071 465 1112 genera,
488 1059 541 1100 ad
565 1058 778 1111 ingenium
794 1057 1046 1106 acuendum,
1070 1056 1343 1098 excitandum
1367 1056 1555 1098 discendi
1578 1056 1784 1104 studium3
1806 1057 2033 1110 praecipue

294 1143 396 1171 vero
420 1131 518 1183 quia
542 1130 720 1171 multum
744 1128 907 1169 confert
939 1128 993 1169 ad
1023 1128 1314 1170 sublimiorem
1347 1127 1399 1169 de
1430 1127 1518 1169 Deo
1551 1127 1691 1168 ideam
1714 1127 2034 1180 suggerendam.

301 1200 623 1253 „Necessarium
647 1205 721 1249 est,
745 1200 878 1253 inquit
899 1199 1008 1240 Tho
1023 1212 1133 1240 mas
1155 1211 1189 1242 c.
1213 1203 1359 1251 gentes
1373 1199 1400 1251 Ι,
1418 1204 1456 1247 ἴ),
1479 1198 1722 1251 hujusmodi
1735 1200 1958 1240 veritatem
1980 1198 2035 1239 ad

297 1272 556 1313 credendum
578 1271 822 1313 hominibus
846 1271 1025 1323 proponi
1057 1270 1125 1323 adl
1140 1271 1426 1323 cognitionem
1449 1270 1524 1311 Dei
1547 1271 1758 1311 veriorem
1779 1268 2034 1312 habendam.

297 1343 414 1384 Tunc
437 1343 550 1384 enim
573 1343 711 1384 solum
734 1354 833 1384 vere
857 1342 990 1383 Deum
1014 1344 1323 1394 cognoscimus,
1352 1342 1523 1395 quando
1546 1343 1685 1394 ipsum
1707 1353 1802 1382 esse
1824 1340 2036 1382 credimus

295 1427 426 1467 supra
449 1426 576 1455 omne
599 1414 653 1464 id,
675 1414 789 1467 quod
812 1414 863 1455 de
887 1414 974 1455 Deo
999 1414 1175 1466 cogitari
1198 1413 1251 1454 ab
1274 1414 1448 1454 homine
1470 1412 1671 1465 possibile
1694 1416 1790 1454 est.“

414 1486 457 1528 3.
483 1484 601 1526 Utilis
624 1485 804 1538 denique
827 1485 1076 1538 practice
1099 1489 1174 1534 est,
1198 1489 1287 1525 tum
1311 1485 1365 1525 ad
1388 1483 1614 1525 fovendam
1633 1484 1818 1524 hominis
1834 1495 1930 1524 cum
1945 1482 2034 1523 Deo

295 1556 765 1605 familiaritatem,
798 1556 945 1597 amicis
969 1556 1081 1597 enim
1104 1561 1271 1612 secreta
1294 1555 1619 1596 manifestantur
1639 1555 1688 1610 1);
1722 1560 1811 1596 tum
1835 1554 1889 1595 ad
1911 1553 2034 1595 nobi-

294 1627 501 1668 lissimum
517 1626 605 1668 Deo
628 1639 653 1668 o
667 1627 693 1667 b
706 1641 725 1668 s
738 1640 761 1668 e
774 1641 799 1680 q
810 1641 837 1668 u
849 1627 862 1667 i
873 1640 899 1668 u
913 1640 955 1668 m
978 1627 1264 1668 exhibendum
1280 1626 1542 1679 subjiciendo
1560 1626 1819 1667 intellectum
1841 1630 2035 1666 nostrum

295 1699 540 1740 auctoritati
575 1698 755 1747 divinae,
787 1711 872 1752 qua
903 1699 1167 1751 subjectione
1198 1699 1447 1752 profitemur
1469 1704 1661 1739 nostram
1684 1710 1709 1739 a
1731 1697 1820 1738 Deo
1843 1697 1972 1738 etiam
1993 1696 2037 1736 in

297 1770 445 1811 ordine
468 1769 742 1811 intellectuali
765 1769 1113 1822 dependentian13
1142 1775 1231 1811 tum
1256 1770 1309 1811 ad
1332 1770 1571 1823 augendum
1595 1769 1671 1811 Dei
1693 1769 1895 1810 cultum
1910 1803 1919 1819 ,
1952 1779 2035 1821 quo

296 1841 410 1881 enim
446 1841 643 1882 nobiliori
678 1841 730 1881 de
763 1841 853 1882 Deo
888 1853 1017 1882 sensu
1050 1840 1291 1890 imbuimur,
1327 1853 1378 1882 eo
1414 1841 1676 1882 reverentius
1708 1853 1806 1882 eum
1837 1839 2037 1887 colemus,

299 1911 482 1952 alacrius
517 1911 607 1964 ejus
642 1924 925 1965 exsequemur
958 1912 1175 1961 mandata,
1221 1913 1385 1954 cautius
1432 1925 1579 1954 coram
1627 1924 1678 1953 eo
1714 1910 2037 1952 ambulabimus.

299 1982 448 2023 Merito
472 1995 571 2035 ergo
596 1995 715 2024 conc.
738 1985 1058 2025 vaticanum
1081 1996 1184 2027 sess,
1208 1988 1233 2028 3
1257 1984 1308 2024 de
1331 1983 1457 2025 revel.
1481 1996 1572 2027 can.
1597 1987 1623 2027 2
1646 1983 1811 2023 statuit:
1851 1979 1918 2032 „Si
1945 1981 2038 2034 quis

299 2054 460 2096 dixerit.
494 2053 581 2095 fieri
613 2067 700 2095 non
733 2066 859 2107 posse
882 2059 1064 2096 autnon
1088 2055 1298 2107 expedire,
1334 2060 1380 2096 ut
1413 2066 1490 2107 per
1523 2054 1828 2096 revelationem
1851 2053 2039 2094 divinam

301 2125 430 2166 homo
454 2125 506 2166 de
529 2125 616 2166 Deo
641 2126 840 2179 cultuque
863 2127 902 2167 ei
924 2126 1163 2167 exhibendo
1187 2126 1429 2175 edoceatur,
1459 2125 1507 2166 A.
1531 2124 1593 2166 S.“
1642 2125 1731 2166 Imo
1754 2125 1896 2165 divina
1916 2135 2038 2164 reve-

302 2196 403 2237 latio
438 2196 782 2238 manifestatione
814 2198 1114 2250 mysteriorum
1150 2197 1334 2238 maxime
1369 2208 1414 2238 se
1447 2196 1739 2245 commendat3
1781 2196 1894 2236 hanc
1926 2194 2041 2236 velut

300 2266 437 2318 exigit,
472 2271 518 2307 ut
539 2267 639 2316 Deo,
672 2268 743 2320 qui
775 2272 839 2308 est
869 2268 961 2320 ipsa
992 2268 1162 2316 veritas,
1196 2268 1249 2308 sit
1271 2267 1502 2319 condigna3
1532 2267 1645 2308 hanc
1668 2270 1887 2319 exspectat
1909 2278 2040 2319 genus

303 2337 537 2378 humanum
572 2350 596 2378 a
629 2338 908 2379 revelatione:
940 2338 1038 2379 hinc
1060 2338 1167 2379 forte
1189 2338 1260 2379 illa
1282 2340 1344 2379 vis
1367 2339 1544 2390 magica,
1576 2350 1686 2391 quae
1707 2338 1818 2381 inest
1836 2324 2039 2391 mysterio

303 2412 345 2448 et
367 2420 450 2461 qua
476 2409 670 2450 homines
703 2410 841 2459 allicit,
877 2411 976 2463 quia
1007 2411 1257 2463 mysterium
1282 2410 1464 2452 habetur
1493 2414 1541 2451 ut
1571 2409 1858 2450 manifestatio
1881 2407 2042 2449 altioris

301 2479 474 2520 virtutis.

423 2573 459 2606 9.
485 2563 731 2608 Scholion.
757 2569 933 2606 Rationis
955 2571 1175 2606 αιιτοηοηιῖα
1198 2571 1383 2618 «rejicitur.
1399 2591 1454 2596 -—
1472 2570 1614 2607 Contra
1627 2567 1908 2616 mysteriorum
1930 2577 2040 2602 reve-

303 2625 491 2663 lationem
515 2631 660 2675 urgent
681 2627 894 2665 adversarii
917 2629 1181 2665 autonomiam
1203 2632 1243 2665 et
1264 2628 1609 2677 independentiam
1630 2626 1806 2669 rationis,
1841 2636 1940 2673 quae
1961 2623 2041 2661 evi-

305 2684 458 2722 dentiae
480 2687 636 2722 tantuni
658 2686 807 2723 lumine
829 2687 1017 2735 pascitur,
1043 2688 1208 2736 ideoque
1229 2687 1513 2736 mysteriorum
1534 2685 1708 2724 tenebris
1730 2683 1947 2722 consentire
1972 2694 2041 2719 ne—

305 2745 406 2791 quit.
449 2744 595 2781 Verum
618 2745 650 2781 si
674 2745 830 2782 nomine
854 2747 1100 2783 autonomiae
1122 2747 1286 2784 rationis
1308 2746 1547 2796 intelligitur
1561 2746 1646 2794 ejus
1660 2743 1940 2793 praeroga-tiva,
1962 2754 2042 2790 qua

305 2802 573 2851 independens
589 2805 650 2840 est
671 2817 692 2840 a
715 2805 891 2852 qualibet
913 2808 1072 2842 externa
1094 2806 1132 2842 vi
1155 2808 1195 2842 'et
1216 2806 1412 2843 coactione
1435 2805 1591 2853 solaque
1614 2802 1918 2852 apprehensione
1939 2800 2041 2838 veri-

455 2955 476 2990 1)
491 2951 586 2985 Hinc
600 2951 764 2986 Christus
784 2953 804 2987 J
809 2964 890 2988 oan.
904 2957 957 2988 15.
973 2959 1032 2989 15:
1052 2956 1136 2988 Jam
1149 2967 1217 2989 mm
1233 2956 1346 2989 dicam
1360 2966 1417 2988 vos
1430 2966 1564 2989 servos:
1582 2956 1667 2998 quia
1684 2963 1806 2986 servus·
1823 2953 1939 2995 nescit,
1958 2951 2044 2994 quid

308 3007 422 3048 faciat
435 3006 599 3038 dominus
612 3007 696 3047 ejus.
723 3007 788 3039 Vos
805 3012 921 3040 autem
943 3009 1022 3041 dm·
1038 3010 1176 3049 (unicos,
1200 3010 1283 3052 (stria
1297 3011 1415 3042 omnia
1430 3018 1651 3051 quaecunque
1665 3007 1787 3040 audivi
1798 3017 1821 3039 a
1835 3006 1942 3039 Patre
1958 3014 2043 3042 meo,

307 3064 388 3092 nita
407 3059 476 3102 feci
493 3071 511 3092 z*
535 3059 596 3092 bis.
616 3060 668 3092 Ut.
687 3070 714 3092 S.
733 3059 794 3092 Tb
810 3070 909 3093 oma
923 3073 938 3093 s
957 3073 985 3093 c.
1005 3063 1133 3106 gentes
1150 3060 1211 3095 IV.
1232 3063 1293 3098 22:
1326 3061 1355 3094 K
1368 3061 1380 3094 1
1393 3072 1445 3094 eu
1458 3063 1572 3105 tgen
1592 3059 1719 3094 Theoi.
1739 3060 1802 3094 der
1825 3059 1925 3092 Vorz.
1944 3060 1971 3092 t.
1990 3056 2042 3091 ul-

311 3114 392 3146 timi
410 3125 446 3147 n.
471 3114 534 3147 153
551 3123 616 3152 sss,
635 3114 703 3146 428
721 3124 766 3147 ss.
787 3113 810 3147 S
822 3125 839 3147 c
851 3113 874 3146 h
887 3114 1033 3147 eeben
1051 3114 1252 3158 Mysterien
1270 3116 1332 3149 des
1352 3115 1574 3151 Christenth.
1594 3115 1613 3159 ἓ
1632 3116 1687 3147 22.
