2175 3382
267 165 319 204 ῃ)
603 156 723 189 Tract.
742 155 766 190 I.
787 153 967 199 Apologia
986 153 1091 197 relig.
1112 152 1236 186 christ.
1255 152 1381 186 Thesis
1401 151 1495 185 XHI.
1516 151 1661 186 Veritas

263 280 449 329 praebent
486 279 713 323 utilitatem,
749 278 826 315 imo
860 289 971 325 saepe
1006 276 1177 313 afferunt
1199 276 1396 314 damnum.
1442 274 1637 311 Differunt
1659 272 1695 314 f.
1719 273 1794 322 adj
1811 273 2002 317 unctis,

262 351 361 388 quae
391 339 433 375 in
455 338 596 375 Christi
627 337 813 386 operibus
843 336 1078 386 gravitatem
1112 335 1329 384 spirabant,
1365 333 1485 371 animi
1519 333 1749 370 modestiam
1783 335 1903 380 atque
1939 332 2004 369 de-

262 397 440 440 centiam,
465 409 543 445 qua
565 399 668 434 certe
690 395 795 433 haud
817 407 903 432 raro
925 393 1130 444 spiritismi
1153 397 1271 442 atque
1294 392 1547 442 magnetismi
1568 394 1701 429 carent
1723 391 2004 440 phaenomena.

263 456 456 493 Differunt
479 465 524 506 g.
548 456 666 494 fine.
691 455 759 503 qui
781 455 822 491 in
845 454 986 491 Christi
1009 453 1192 502 operibus
1216 452 1283 490 Dei
1317 451 1443 501 gloria
1465 451 1764 499 animarumque
1786 450 1862 487 fuit
1884 449 2002 493 salus,

263 516 309 552 de
331 515 478 564 quibus
501 515 605 552 haud
627 515 798 552 multum
820 512 978 550 solliciti
1013 515 1106 549 sunt
1129 511 1288 548 illorum
1310 511 1664 559 phaenomenorum
1690 511 1879 547 auctores.
1921 508 2005 546 Dif-

263 574 396 612 ferunt
418 571 464 614 h.
487 587 532 612 ex
556 574 730 623 subjecto
763 575 1022 621 operante.
1058 570 1162 618 quod
1195 571 1235 607 in
1267 569 1547 619 phaenomenis
1581 568 1789 617 spiritismi
1819 567 1899 605 fere
1930 567 2006 605 viri

263 633 325 670 vel
346 633 512 670 feminae
534 638 627 670 sunt
648 632 799 670 nullius
823 631 883 668 vel
907 630 1045 667 dubiae
1079 629 1214 674 famae,
1248 629 1375 678 qualis
1406 631 1537 666 autem
1568 627 1691 665 fuerit
1713 627 1888 665 Christus
1919 637 2006 664 mox

263 692 435 729 dicemus
456 705 493 729 n.
519 699 584 731 67.
627 691 803 739 Denique
828 687 860 729 i.
886 690 1062 727 Christus
1095 700 1213 737 opera
1235 700 1306 725 sua
1337 688 1466 736 palam
1498 689 1616 735 atque
1648 689 1780 735 aperte
1813 685 2008 723 fatebatur

263 763 349 789 esse
370 751 559 788 miracula
580 753 619 788 et
641 761 756 799 opera
782 749 869 787 Dei:
904 748 1065 786 illorum
1088 747 1330 784 mirabilium
1363 749 1541 784 auctores
1573 758 1617 783 ea
1647 757 1726 783 non
1758 745 1904 782 audent
1937 756 2006 793 pro

263 810 445 859 operibus
468 811 589 859 ipsius
613 810 681 846 Dei
699 810 859 857 jactare,
893 807 958 844 sed
981 807 1012 844 si
1035 819 1150 855 quem
1174 819 1266 855 prae
1299 818 1338 843 se
1368 806 1503 843 ferunt
1534 805 1754 850 candorem,
1786 817 1829 842 ea
1861 803 2007 841 adscri-

262 870 364 907 bunt
398 870 527 907 causis
562 868 823 912 naturalibus,
858 866 1118 916 magnetismo
1152 868 1239 906 etc..
1276 866 1338 902 vel
1372 865 1549 902 fatentur
1585 876 1625 901 se
1660 874 1797 901 eorum
1831 862 2006 900 nondum

262 940 378 966 nosse
399 941 543 973 causas,
568 940 613 965 ea
636 939 720 964 esse
742 927 1008 975 phaenomena
1028 925 1127 962 mira
1148 924 1317 974 quidem,
1343 924 1410 961 sed
1430 923 1628 961 naturalia
1649 921 1730 975 ¹),·‚‚
1740 923 1890 971 Itaque,
1915 932 2005 959 con-

264 987 418 1025 cludere
430 999 640 1036 possumus
655 998 742 1024 cum
759 985 783 1022 Z
795 985 881 1022 ach
893 998 915 1021 a
927 997 946 1022 e
958 997 978 1022 o
1002 984 1214 1022 christia-no
1228 983 1394 1021 consult.
1407 995 1495 1020 cum
1510 982 1718 1031 Apollonio
1733 981 1963 1030 philosopho
1977 980 2007 1026 Ι,

269 1053 317 1086 13
343 1044 452 1099 (Mig.
479 1052 544 1087 20.
576 1043 715 1097 1081),
748 1045 779 1082 si
810 1044 903 1082 echo
934 1043 1123 1092 loquenti,
1156 1046 1225 1080 aut-
1255 1042 1430 1079 fontibus
1463 1054 1613 1091 spuma,
1646 1041 1708 1079 vel
1742 1052 1833 1078 vero
1864 1039 2008 1078 lumini

262 1105 402 1142 umbra
424 1104 670 1153 coaequanda
701 1106 779 1148 est;
813 1116 894 1141 non
923 1102 1058 1152 indiga
1089 1101 1377 1151 comparatione
1394 1102 1623 1150 junguntur
1654 1112 1772 1148 opera
1803 1099 2006 1137 hominum

262 1165 481 1202 virtutibus
504 1164 584 1208 Dei,
621 1176 709 1201 cum
745 1163 805 1200 hic
839 1163 932 1199 haec
966 1165 1120 1199 tantum
1155 1160 1417 1198 remediorum
1452 1172 1558 1197 mora
1592 1159 1645 1197 sit
1661 1157 1707 1211 ²),
1742 1161 1790 1196 ut
1823 1157 2006 1207 prodesse

258 1224 493 1272 jubeantur:
516 1223 599 1260 illic
620 1222 810 1272 praestita
830 1234 900 1271 per
914 1222 1087 1258 laborem
1102 1221 1213 1269 prius
1228 1232 1349 1269 paene
1364 1232 1482 1268 quam
1496 1219 1719 1256 sentiant-ur
1734 1219 1976 1255 evanescant.
1989 1221 2006 1240 ⁴<

382 1306 448 1347 63·
471 1304 639 1346 ThPSiS
663 1302 804 1345 XIII·
846 1315 1149 1358 Splendidam
1175 1324 1266 1357 pro
1293 1315 1456 1349 divina
1483 1313 1654 1347 Christi
1680 1313 1900 1346 missione
1927 1320 2007 1345 ar-

264 1380 534 1420 ymnentum
558 1377 750 1420 praebet
775 1375 982 1418 qloriosa
1007 1375 1156 1416 ipsius
1182 1383 1212 1408 a
1237 1374 1435 1408 mortuis
1460 1373 1754 1406 resurrectio.

382 1445 760 1490 Demonstratio.
795 1443 907 1484 Inter
929 1441 1083 1484 Christi
1114 1441 1320 1482 miracula
1355 1441 1542 1482 eminere
1565 1439 1757 1492 ejusdem
1780 1451 1805 1479 a
1827 1437 2006 1479 mortuis

264 1517 607 1565 resurretionem,
638 1527 764 1557 nemo
798 1520 861 1556 est
893 1514 963 1567 qui
996 1513 1167 1554 dubitet.
1211 1511 1340 1565 CuJus
1361 1512 1519 1553 veritas
1542 1510 1819 1551 historica
1841 1511 2007 1550 tantum

262 1587 486 1640 probanda
509 1592 573 1628 est
596 1591 746 1628 contra
769 1599 855 1635 eos,
878 1586 949 1638 qui
971 1585 1117 1625 dicunt
1140 1596 1235 1625 eain
1259 1595 1352 1625 esse
1366 1583 1433 1624 vel
1456 1582 1717 1630 ementitam,
1732 1581 1799 1622 vel
1812 1579 2005 1634 mythum

265 1740 439 1782 Quocirca
457 1750 520 1773 vos
539 1742 684 1784 oportet
705 1749 747 1773 ex
769 1738 967 1778 miraculis,
986 1748 1082 1781 quae
1101 1737 1206 1776 fiunt.
1224 1735 1383 1770 factores
1411 1735 1612 1775 attendere,
1641 1733 1723 1778 quis
1751 1732 1941 1777 cujusnam
1960 1730 2008 1764 sit

264 1794 463 1838 operarius.
498 1793 535 1827 Si
553 1793 705 1827 inutilia.
723 1792 899 1826 miracula
919 1791 1008 1831 edit,
1030 1791 1197 1825 malitiae
1216 1792 1271 1824 est
1292 1789 1478 1825 minister:
1507 1788 1565 1822 sin
1591 1797 1677 1821 vcro
1707 1785 1826 1820 utilia.
1846 1784 1934 1818 boni
1954 1783 2009 1817 est

262 1857 420 1891 praeses.
455 1846 567 1880 Porro
586 1846 735 1880 inutilia
753 1845 931 1879 miracula
950 1845 1047 1883 sunt,
1067 1854 1160 1888 quae
1179 1842 1335 1877 edidisse
1353 1842 1540 1876 Simonem
1554 1840 1713 1880 dixistis,
1731 1839 1830 1882 quod
1842 1836 2007 1880 inquam,

264 1901 406 1934 statuas
424 1900 537 1933 faciat
556 1899 757 1939 ambulare,
777 1899 876 1942 qnod
895 1909 1005 1942 supra
1025 1897 1199 1931 carbones
1216 1897 1356 1941 ignitos
1375 1896 1517 1930 volutet
1545 1905 1593 1935 se,
1619 1893 1717 1938 quod
1745 1893 1854 1926 draco
1872 1891 1950 1933 fiat,
1968 1890 2008 1924 in

264 1964 411 1998 capram
429 1953 722 1988 transformetur.
743 1952 913 1996 quodque
931 1951 970 1984 in
989 1953 1073 1985 a'ere
1090 1950 1202 1990 volet,
1222 1960 1263 1983 ac
1281 1948 1419 1983 similia
1438 1949 1522 1989 alia,
1541 1958 1636 1992 quae
1655 1957 1737 1980 cum
1756 1945 1803 1979 ad
1823 1944 2008 1979 sanandos

264 2007 430 2041 homines
448 2017 522 2040 non
540 2006 643 2048 fiant,
664 2007 711 2040 ad
726 2006 861 2039 multos
877 2005 1060 2039 fallendos
1073 2005 1205 2038 natura
1218 2005 1432 2048 comparata
1448 2005 1545 2036 sunt.
1564 1999 1740 2035 Miracula
1762 2009 1847 2034 vero
1868 1997 2008 2032 miseri·
2037 2034 2043 2038 ,

264 2060 383 2094 cordis
401 2060 569 2094 veritatis
580 2059 814 2094 humanitate
831 2056 941 2104 plena
960 2059 1056 2099 sunt,
1077 2057 1200 2101 qualia
1222 2057 1420 2091 Dominum
1438 2055 1566 2089 fecisse
1584 2055 1740 2089 audistis
1758 2054 1856 2086 etc.‘

411 2115 434 2157 ¹}
452 2113 504 2148 Cf.
523 2114 625 2148 Wie
639 2125 653 2147 s
666 2124 712 2147 er
728 2112 802 2146 Der
821 2112 1054 2156 Spiritismus
1078 2111 1154 2145 und
1178 2111 1242 2144 das
1261 2110 1488 2144 Christenth.
1513 2109 1553 2142 in
1580 2108 1754 2142 Zeitschr.
1781 2106 1840 2141 fiir
1863 2104 2008 2140 kathol.

264 2167 464 2212 Theologie
486 2169 569 2201 1831
592 2178 677 2211 pag,
694 2167 738 2200 99
752 2177 798 2200 ss.
817 2164 923 2206 Quod
940 2165 970 2198 si
989 2166 1053 2208 qui
1072 2162 1267 2208 spiritismi
1283 2162 1446 2196 fautores
1466 2172 1550 2196 suas
1569 2160 1814 2195 revelationes
1831 2169 1898 2204 pro
1917 2158 2007 2192 divi-

263 2221 322 2254 nis
334 2220 488 2265 jactent,
508 2231 550 2254 ea
569 2230 657 2264 prae
675 2219 791 2253 oculis
811 2218 1029 2258 habeantur,
1049 2228 1142 2261 quae
1161 2227 1271 2261 supra
1292 2228 1326 2250 n.
1347 2219 1409 2249 25³
1428 2215 1688 2249 annotavimus
1717 2213 1906 2247 occasione
1933 2222 2008 2245 ver-

264 2275 395 2308 borum
414 2273 549 2308 Christi
567 2272 700 2307 Matth.
716 2275 771 2308 24.
787 2275 842 2306 24.
862 2271 916 2305 Cf.
936 2272 1049 2305 etiam
1068 2270 1153 2304 Fin
1164 2270 1177 2303 l
1189 2280 1207 2302 a
1223 2281 1247 2313 y
1265 2269 1298 2303 S.
1314 2270 1345 2303 J.
1364 2269 1437 2303 Der
1449 2267 1728 2313 Hypnotismus,
1739 2267 1893 2301 Aachen
1907 2267 2006 2303 1892:

263 2327 477 2361 Vincent
503 2326 571 2360 Die
588 2326 777 2360 Elemente
795 2325 855 2358 des
873 2324 1146 2369 Hypnotismus
1175 2334 1218 2357 ex
1246 2323 1391 2367 anglica
1416 2322 1546 2367 lingua
1573 2321 1782 2368 germanice
1809 2321 2010 2364 interprete

263 2380 291 2414 T
303 2390 322 2414 e
333 2392 356 2413 u
368 2391 383 2412 s
395 2379 447 2413 ch
460 2389 478 2412 e
489 2391 506 2412 r
523 2379 617 2413 Jena
639 2381 748 2414 1894:
770 2380 805 2411 et
825 2376 1011 2422 copiosam
1034 2376 1271 2410 literaturam
1295 2375 1355 2409 KL
1370 2378 1420 2415 82,
1434 2377 1516 2410 465.
1530 2396 1575 2400 —-
1590 2374 1696 2416 Quod
1715 2374 1744 2408 si
1765 2374 1847 2419 quis
1863 2371 2008 2407 Christo

264 2435 466 2478 opponeret
485 2434 515 2466 A
526 2444 550 2477 p
563 2433 605 2466 ol
618 2432 662 2465 lo
673 2432 717 2466 ni
729 2443 753 2465 u
764 2443 800 2465 m
819 2431 1009 2475 Tyaneum
1022 2429 1348 2474 praestigiatorem
1366 2429 1560 2469 famosum,
1579 2429 1637 2462 cui
1663 2428 1691 2462 P
1701 2427 1803 2462 hilo
1817 2438 1833 2461 s
1843 2427 1859 2460 t
1870 2437 1889 2459 1·
1899 2436 1920 2460 a
1930 2427 1947 2458 t
1958 2437 2008 2459 us

263 2488 302 2521 in
317 2486 395 2531 ejus
411 2485 567 2519 historia
588 2495 650 2519 seu
668 2486 746 2519 vita
762 2485 923 2529 plurima
940 2484 1075 2518 tribuit
1101 2494 1213 2528 opera
1230 2484 1334 2523 mira,
1365 2484 1537 2518 notamus
1555 2483 1591 2518 1.
1609 2482 1704 2516 hanc
1721 2481 1916 2516 historiam
1934 2489 2009 2514 non

264 2550 341 2573 esse
359 2539 448 2572 adeo
467 2538 539 2573 fide
559 2538 722 2583 dignam,
739 2539 821 2571 tum
835 2538 923 2581 quia
937 2548 974 2573 a.
988 2536 1238 2570 Philostratus
1252 2536 1299 2570 ab
1313 2536 1513 2581 Apollonio
1526 2537 1606 2570 toto
1622 2535 1744 2569 seculo
1758 2533 1891 2568 distat:
1911 2533 2008 2567 ideo-

264 2603 333 2636 que
350 2593 392 2627 b.
410 2602 484 2625 non
506 2593 562 2626 est
579 2591 684 2625 testis
703 2591 887 2630 oculatus,
906 2591 1057 2635 ejusque
1075 2588 1241 2623 narratio
1261 2589 1374 2623 uniu
1387 2601 1403 2623 s
1421 2589 1586 2622 Damidis
1604 2587 1797 2628 ninivitae,
1815 2585 2009 2631 Apollonii

264 2645 419 2685 comitis,
436 2645 617 2679 relatione
634 2645 828 2681 innititur:
857 2644 945 2688 quia
965 2655 1000 2679 c.
1018 2643 1270 2677 narrationem
1300 2642 1546 2682 concinnavit,
1575 2644 1615 2675 ut
1633 2641 1753 2675 Juliae
1781 2637 2009 2684 imperatrici

263 2702 299 2732 et
318 2699 530 2733 Caracallae
548 2698 830 2743 gratificaretur,
849 2698 913 2741 qui
932 2696 1059 2743 magni
1077 2697 1265 2731 faciebant
1276 2695 1527 2740 Apollonium.
1539 2696 1575 2729 et
1586 2694 1633 2728 ad
1643 2693 1893 2728 eruditionem
1903 2702 2007 2726 suam

264 2751 532 2785 ostentandam.
567 2752 739 2786 Ceterum
765 2751 803 2787 2.
831 2750 1021 2790 miracula,
1048 2759 1143 2794 quae
1168 2748 1366 2794 Apollonio
1393 2748 1540 2785 tribuit,
1567 2748 1653 2781 sunt
1681 2745 1772 2780 satis
1798 2744 2008 2789 nugatoria,

264 2815 356 2849 quae
383 2805 627 2839 characterem
657 2816 807 2849 operum
836 2804 1046 2838 divinorum
1072 2803 1287 2837 nullatenus
1313 2813 1403 2847 prae
1431 2812 1468 2836 se
1485 2801 1621 2835 ferunt.
1656 2799 1753 2833 Hinc
1770 2800 1807 2834 3.
1826 2798 1896 2832 etsi
1913 2797 2007 2831 forte

263 2857 480 2902 Apollonius
500 2860 748 2902 spectatorum
767 2858 1051 2891 admirationem
1079 2856 1125 2890 ad
1153 2856 1264 2890 breve
1293 2857 1441 2900 tempus
1459 2853 1645 2893 excitavit,
1672 2851 1817 2886 nullum
1848 2850 2008 2885 solidum

263 2910 509 2954 stabilemque
527 2912 687 2944 fructum
706 2911 781 2945 vita
799 2921 864 2944 sua
882 2909 1096 2955 pompatica
1122 2909 1264 2943 retulit.
1292 2908 1343 2945 Cf.
1372 2907 1462 2942 Eus
1475 2907 1585 2941 ebiu
1600 2918 1634 2940 m
1661 2905 1701 2939 in
1727 2905 1752 2939 l.
1779 2905 1906 2938 contra
1922 2902 2007 2938 Hie-

262 2964 409 3004 roclem,
429 2963 470 2997 in
486 2975 559 3007 quo
578 2964 672 2997 hanc
690 2962 881 3008 Apollonii
901 2974 982 2997 cum
1002 2962 1147 2996 Christo
1164 2961 1481 3006 comparationem
1496 2959 1648 2994 refutat.

408 3021 432 3058 2)
452 3017 536 3053 Scil.
554 3017 594 3050 in
611 3017 784 3061 operibus
803 3015 940 3050 Christi
956 3015 1053 3050 nihil
1071 3016 1175 3049 aliud
1187 3015 1455 3059 requirebatur,
1469 3018 1512 3047 ut
1523 3013 1663 3053 fierent,
1679 3022 1790 3056 quarn
1804 3011 1884 3055 ejus
1895 3012 2006 3045 nutus

262 3073 297 3105 et
311 3071 569 3116 praeceptum;
587 3071 627 3104 in
646 3069 746 3104 hisce
760 3080 846 3104 vero
856 3069 1069 3114 praestigiis
1086 3079 1194 3113 saepe
1207 3067 1406 3112 multiplex
1418 3067 1620 3111 requiritur
1633 3066 1835 3110 apparatus
1849 3075 1892 3099 ac
1905 3074 2007 3109 prae-

261 3125 420 3169 paratio,
441 3127 475 3158 et
495 3134 578 3158 mox
596 3123 731 3159 iterum
749 3123 832 3157 miri
853 3123 1002 3157 effectus
1021 3122 1255 3157 evanescunt.
