2175 3382
228 137 312 175 416
590 129 708 162 Tract.
731 128 790 161 lii.
809 130 853 162 ile
874 129 1049 173 primatu.
1071 128 1235 163 Potestas
1255 130 1396 163 romani
1417 131 1602 174 pontificis

226 249 405 297 narium,
436 249 511 289 sed
544 248 806 289 ordinarium
841 248 965 300 plane
993 253 1068 295 est,
1101 247 1303 300 quamdiu
1326 248 1562 289 aedilicium
1588 252 1832 299 consistere,
1864 263 1961 302 grex

225 319 405 360 adunari
428 318 563 362 debet.
599 317 791 360 Christus
814 323 956 360 autem
981 318 1106 359 Petro
1130 318 1362 359 Ecclesiam
1385 319 1710 361 sustentandam
1734 325 1777 362 et
1797 332 1963 374 gregem

225 390 484 431 dominicum
509 390 832 431 custodiendum
858 389 1029 430 tradidit
1061 389 1174 430 nulla
1206 390 1371 431 ratione
1394 390 1540 431 habita
1564 402 1720 432 causae
1743 391 1963 444 cujusdam

225 461 590 502 extraordinariae
612 461 676 502 vel
700 461 978 513 negligentiae
1003 460 1182 501 ministri
1205 460 1424 509 inferioris,
1449 466 1487 502 et
1513 460 1654 503 fideles
1677 473 1848 515 semper
1868 468 1965 504 sunt

225 544 326 573 oves
348 532 481 573 relate
503 532 557 573 ad
581 531 752 573 Petrum
776 537 1014 584 pastorem;
1047 543 1180 584 quare
1202 543 1371 584 semper
1393 532 1530 584 ipsum
1554 533 1686 585 sequi,
1720 533 1758 574 ei
1780 532 1965 583 obedire,

224 614 320 643 cuin
352 603 458 655 ipso,
488 603 691 656 quamdiu
714 602 911 643 catholici
935 614 1029 643 esse
1054 602 1210 650 volunt,
1245 606 1462 655 tamquam
1496 615 1592 643 cum
1620 603 1794 644 unitatis
1817 610 1962 645 centro

224 674 469 727 conspirare
493 678 699 716 tenentur.
744 673 980 714 Fatendum
1003 677 1148 714 tamen
1172 677 1235 714 est
1267 674 1495 725 primatum
1513 674 1612 726 J'ura
1633 685 1712 714 sua
1734 675 1868 726 magis
1890 686 1963 716 ex-

223 756 379 794 serere,
402 745 437 785 si
459 745 618 785 instant
634 745 866 785 necessitas
890 749 930 785 et
953 744 1198 796 periculum,
1224 745 1440 797 magisque
1464 749 1563 785 tunc
1586 745 1818 786 salutarem
1841 759 1961 787 suam

224 816 266 856 in
289 828 460 857 omnem
486 815 719 856 Ecclesiam
742 816 825 856 vim
849 814 1158 867 splendescere,
1181 819 1227 856 ut
1248 815 1430 857 diximus
1452 829 1490 856 n.
1515 820 1601 861 384
1617 821 1644 857 ².

342 902 540 946 „Tantum
561 904 691 939 autem
715 902 835 946 abest,
860 901 955 938 dicit
978 901 1027 938 ad
1049 914 1131 938 rem
1155 901 1363 939 concilium
1376 902 1615 948 vaticanum,
1639 906 1685 939 ut
1707 903 1797 939 haec
1821 903 1964 940 summi

221 961 419 1010 pontificis
443 964 615 1009 potestas
636 960 781 998 officiat
802 960 1022 998 ordinariae
1055 973 1096 998 ac
1118 960 1367 998 immediatae
1391 961 1450 998 illi
1472 961 1705 1010 episcopalis
1721 961 1964 1009 jurisdictio-

221 1021 283 1058 nis
305 1020 502 1069 potestati,
526 1033 604 1069 qua
626 1019 806 1069 episcopi,
839 1020 909 1068 qui
930 1019 1049 1068 positi
1071 1033 1092 1056 a
1115 1019 1268 1068 Spiritu
1301 1023 1435 1057 sancto
1468 1020 1509 1057 in
1540 1021 1807 1069 apostolorum
1837 1021 1964 1058 locum

221 1085 506 1124 successerunt,
530 1084 732 1127 tamquam
754 1079 837 1116 veri
859 1086 1033 1127 pastores
1056 1079 1276 1128 assignatos
1309 1079 1383 1116 sibi
1416 1091 1566 1128 greges,
1604 1079 1752 1129 singuli
1775 1079 1961 1129 singulos,

221 1141 389 1188 pas-cunt
411 1141 451 1175 et
472 1142 628 1188 regunt,
651 1141 698 1175 ut
719 1138 852 1175 eadem
875 1151 897 1175 a
919 1150 1098 1187 supremo
1120 1140 1161 1175 et
1181 1138 1394 1176 universali
1426 1141 1580 1187 pastore
1612 1141 1819 1184 asseratur,
1851 1138 1964 1177 robo-

221 1200 333 1235 retur
363 1210 406 1235 ac
436 1198 668 1243 vindicetur,
701 1197 916 1235 secundum
948 1197 1050 1234 illud
1081 1197 1205 1234 sancti
1237 1197 1414 1247 Gregorii
1445 1197 1579 1247 Magni
1611 1196 1720 1249 (VIII
1749 1209 1808 1246 ep.
1842 1203 1894 1238 30
1917 1197 1964 1236 ad

222 1257 359 1307 Eulog.
382 1255 518 1307 cilex.):
555 1257 677 1303 ‚Meus
708 1257 832 1294 honor
862 1260 921 1294 est
951 1257 1076 1294 honor
1110 1256 1346 1294 universalis
1377 1256 1582 1294 Ecclesiae.
1625 1258 1734 1294 Meus
1761 1257 1885 1294 honor
1905 1261 1966 1295 est-

221 1316 388 1353 fratrum
411 1328 586 1353 meorum
610 1315 762 1353 solidus
784 1315 906 1365 vigor.
950 1315 1049 1353 Tum
1072 1328 1144 1364 ego
1176 1328 1265 1353 vere
1300 1316 1513 1353 honoratus
1547 1328 1645 1361 sum,
1678 1328 1767 1353 cum
1798 1316 1965 1365 singulis

223 1375 448 1423 quibusque
470 1376 593 1412 honor
614 1375 773 1412 debitus
796 1386 873 1411 non
895 1377 1074 1424 negatur.
1085 1380 1102 1398 «

343 1469 439 1511 3396.
469 1468 512 1509 ε’).
541 1466 791 1507 Tenendum
822 1470 887 1507 est
914 1470 1154 1520 potestatem
1186 1466 1294 1507 Imm:
1316 1480 1398 1507 esse
1423 1467 1705 1508 immediatam
1729 1471 1770 1507 et
1792 1466 1962 1520 quidem

339 1551 382 1581 a.
407 1537 549 1590 quoad
574 1549 598 1578 o
612 1537 656 1578 ri
669 1537 791 1590 gine
806 1550 848 1577 m
871 1537 895 1577 i.
919 1548 953 1580 e.
976 1549 1064 1577 non
1087 1548 1181 1578 esse
1203 1537 1282 1589 ipsi
1297 1536 1510 1578 Ecclesiae
1531 1548 1607 1578 seu
1624 1536 1808 1578 fidelium
1824 1537 1964 1579 coetui

221 1620 486 1657 concessam,
508 1620 531 1649 e
554 1620 638 1661 quo
662 1608 759 1649 dein
773 1609 815 1649 in
830 1620 1057 1649 romanum
1072 1607 1315 1660 pontificem
1329 1620 1405 1660 per
1419 1608 1635 1661 quandam
1653 1608 1962 1661 delegationem

221 1679 290 1721 vel
321 1680 646 1721 translationem
678 1680 904 1729 derivetur,
939 1680 1013 1721 sed
1045 1679 1289 1721 immediate
1321 1692 1347 1720 a
1379 1679 1546 1721 Christo
1571 1679 1758 1732 pontifici
1778 1679 1960 1731 legitime

223 1750 357 1792 electo
380 1751 708 1792 communicari:
741 1751 855 1804 quod
883 1751 974 1804 Jam
1006 1752 1176 1804 saepius
1209 1751 1473 1793 ostendimus
1496 1753 1552 1807 (n.
1576 1754 1672 1795 250.
1697 1753 1781 1795 351
1805 1750 1890 1806 ss),
1922 1756 1961 1791 et

223 1822 447 1863 manifesto
464 1822 671 1874 colligitur
685 1833 736 1862 ex
753 1821 921 1862 disertis
935 1820 1090 1862 Christi
1104 1821 1257 1871 verbis,
1281 1821 1434 1875 quibus
1448 1821 1695 1864 immediate
1708 1822 1763 1864 ad
1778 1821 1960 1872 Petrum,

221 1905 308 1934 non
339 1893 393 1934 ad
415 1892 649 1934 Ecclesiam
677 1893 799 1933 dixit:
833 1892 967 1948 Super
987 1893 1094 1933 lianc
1111 1898 1280 1947 petram
1302 1893 1528 1946 aedificabo
1550 1892 1779 1935 Ecclesiam
1800 1907 1932 1935 meam
1945 1910 1961 1944 ,-

221 1965 295 2005 tibi·
317 1963 423 2005 dabo
448 1965 580 2005 clares
601 1965 718 2017 requi
740 1963 970 2015 coel0rmn;
997 1964 1198 2017 confirma
1219 1963 1379 2017 fratres
1400 1968 1519 2015 tuo-57
1542 1978 1670 2018 pasce
1692 1978 1821 2019 aqnos
1841 1977 1957 2008 meos

221 2033 359 2085 Quam
395 2034 449 2075 ab
484 2046 660 2076 causam
695 2034 749 2075 ad
783 2034 1068 2075 recentiorem
1103 2046 1238 2087 usque
1273 2039 1462 2075 aetatem
1504 2034 1696 2076 inaudita
1737 2034 1813 2076 fuit
1852 2035 1960 2076 haec

220 2106 386 2147 theoria
428 2118 503 2148 seu
546 2105 756 2158 ejusmodi
790 2109 1013 2157 potestat1s
1049 2104 1270 2156 delegatio,
1313 2105 1552 2157 meritoque
1588 2105 1794 2146 damnata
1829 2105 1903 2147 fuit
1938 2118 1962 2147 a

222 2176 315 2217 Pio
337 2176 402 2218 VI.
426 2190 545 2230 prop.
569 2181 595 2222 3
618 2177 769 2231 synodi
791 2177 1078 2230 pistori-ensis:
1108 2176 1233 2227 „Item
1250 2177 1400 2232 (prop.)
1418 2187 1527 2228 quae
1550 2177 1716 2226 statuit,
1738 2188 1964 2218 romanum

221 2247 460 2299 pontificem
478 2259 571 2288 esse
586 2251 714 2300 caput
734 2247 955 2288 ministe
969 2246 1130 2294 riale3
1153 2247 1214 2287 sic
1237 2246 1458 2298 explicata,
1481 2250 1527 2287 ut
1548 2259 1754 2289 romanus
1775 2246 1962 2300 pontifex

221 2330 307 2359 non
329 2330 355 2359 a
377 2317 544 2359 Christo
569 2319 612 2359 in
634 2330 820 2371 persona
842 2317 879 2359 b.
906 2317 1031 2368 Petri,
1062 2318 1137 2359 sed
1169 2317 1223 2358 ab
1246 2317 1436 2358 Ecclesia
1457 2323 1714 2370 potestatem
1737 2319 1958 2360 ministerii

222 2389 415 2441 accipiat,
450 2402 533 2442 qua
565 2389 679 2431 velut
708 2389 821 2431 Petri
853 2401 1088 2438 successor,
1120 2401 1247 2430 verus
1269 2388 1423 2430 Christi
1445 2389 1628 2430 vicarius
1659 2401 1711 2430 ac
1733 2389 1863 2431 totius
1883 2388 1962 2430 Ec·

223 2459 377 2500 clesiae
400 2466 529 2512 caput
551 2460 680 2513 pollet
700 2462 743 2501 in
765 2462 965 2502 universa
987 2459 1188 2509 Ecclesia,
1208 2460 1237 2500 h
1251 2463 1536 2502 aeretica.“
1579 2458 1696 2501 Sane
1717 2460 1801 2501 hac
1822 2460 1865 2501 in
1886 2460 1962 2513 hy-

223 2530 391 2582 pothesi
422 2531 622 2572 universa
655 2543 823 2585 quoque
848 2531 1039 2572 Ecclesia
1069 2531 1113 2571 in
1144 2531 1299 2572 summi
1331 2531 1540 2583 pontificis
1573 2531 1827 2572 electionem
1860 2542 1963 2571 con-

222 2601 383 2654 spirare
406 2600 600 2650 deberet3
622 2614 760 2655 neque
783 2602 896 2643 enim
911 2601 1100 2643 Ecclesia
1114 2600 1381 2654 particularis
1395 2613 1578 2642 romana
1591 2601 1814 2654 potestatis
1828 2601 1963 2654 pleni-

222 2671 411 2712 tudinem
434 2672 686 2713 universalis
707 2672 922 2714 Ecclesiae
949 2672 1167 2725 propriam
1198 2672 1268 2721 illi,
1299 2683 1425 2724 quem
1456 2672 1500 2713 in
1531 2676 1739 2724 primatus
1761 2671 1962 2713 heredem

222 2741 516 2794 designaverit,
541 2748 658 2784 motu
680 2745 852 2796 proprio
875 2750 1021 2796 posset
1043 2743 1238 2784 derivare
1259 2744 1301 2799 ¹).

370 2883 395 2929 ¹)
412 2882 450 2916 Si
468 2894 541 2926 qua
559 2886 613 2917 est
631 2883 669 2916 in
688 2884 841 2918 ecclesia
858 2894 1011 2918 romana
1028 2883 1298 2928 praerogativa,
1316 2894 1390 2917 non
1408 2893 1450 2917 ea
1468 2883 1653 2918 redundat
1669 2883 1709 2917 in
1722 2883 1799 2928 eju<
1812 2893 1959 2927 praesu-

221 2936 306 2976 lem,
324 2936 388 2970 sed
407 2937 545 2977 contm,
558 2936 740 2980 quidquid
754 2942 809 2971 est
824 2936 1032 2982 splendoris
1046 2937 1084 2971 in
1100 2938 1168 2971 hac
1183 2936 1345 2978 ecclesia,
1359 2936 1396 2969 id
1413 2947 1453 2970 ex
1470 2936 1577 2970 Petro
1591 2937 1631 2970 in
1645 2935 1750 2970 illam
1762 2936 1959 2970 derivatur.

222 2989 319 3023 Hinc
336 2989 368 3023 N
382 2990 394 3023 i
406 3000 424 3023 c
436 2989 478 3024 ol
492 3000 514 3023 a
526 3001 548 3023 u
560 3001 575 3023 s
593 2989 619 3023 Ι.
640 3001 697 3035 ep.
716 2993 762 3025 86
777 2991 822 3024 ad
839 2989 1055 3025 Michaelem
1069 2990 1159 3035 imp.
1178 2990 1301 3035 (Mig.
1323 2991 1400 3031 119,
1416 2990 1498 3034 958)
1516 2989 1664 3024 scribit:
1686 2989 1813 3029 ,Zelus
1832 2989 1960 3023 domus

223 3042 298 3077 Dei.
327 3043 425 3077 zelus
451 3045 692 3088 paternarum
717 3043 974 3083 traditionum,
1000 3044 1089 3076 ordo
1117 3042 1396 3083 ecclesiasticus,
1423 3043 1579 3086 antiqua
1605 3042 1829 3077 consuetudo
1847 3044 1959 3085 atque

222 3096 444 3137 sollicitudo,
463 3107 574 3140 quam
602 3095 902 3135 circumferimus,
931 3098 1146 3130 cunctarum
1175 3096 1412 3131 ecclesiarum
1431 3095 1517 3133 Dei:
1549 3106 1689 3130 necnon
1708 3097 1746 3130 et
1763 3094 1959 3140 privilegia
1982 3119 1988 3125 .
