2175 3382
238 28 375 232 Q>
689 112 816 146 'rhesis
835 111 1030 146 XXXVIII.
1051 112 1236 147 Ecclesiae
1253 113 1474 156 perennitas
1865 125 1951 168 215

220 235 307 285 ipso
329 231 536 272 institutae
558 234 826 272 adunarentur
857 238 896 271 et
928 234 1230 282 subjicerentur,
1262 238 1397 273 auctor
1418 237 1610 276 Ecclesiae
1642 242 1681 277 et
1702 241 1872 280 Ecclesia
1901 244 1950 281 ab

218 295 304 343 ipso
327 294 467 331 ducere
489 293 680 343 originem
704 293 779 330 dici
803 292 928 330 debet.

336 374 379 418 2,
403 375 513 420 Quod
535 376 566 412 si
588 375 805 423 quaeritur,
822 375 978 423 quando
990 375 1168 413 Christus
1183 376 1393 414 Ecclesiam
1409 378 1640 417 instituerit.
1656 383 1948 430 respondemus.

217 438 314 473 tunc
335 447 424 472 cum
447 434 613 472 visibilis
643 433 822 471 interris
854 446 939 471 cum
974 435 1158 483 apostolis
1190 435 1430 473 versabatur.
1474 437 1581 475 Tunc
1611 440 1716 477 enim
1747 443 1949 481 consilium

218 494 265 533 de
286 493 486 531 condenda
506 492 678 530 Ecclesia
699 493 902 540 expres-it,
937 493 1132 541 operarios
1155 494 1344 531 conduxit
1366 497 1405 532 et
1426 496 1473 533 ad
1497 498 1701 535 consilium
1734 512 1947 549 exsequen-

217 553 310 590 dum
333 552 474 598 emisit,
498 553 604 601 leges
626 551 940 589 fundamentales
961 553 1241 602 promulgavit,
1265 553 1441 592 homines
1456 555 1503 592 ad
1519 555 1623 592 illam
1642 559 1949 606 amplectendam

217 612 419 661 obligavit.
470 610 582 656 Quod
612 610 645 647 si
675 610 776 647 sicut
805 610 847 647 in
878 610 1035 647 homine
1067 611 1347 661 distinguimus
1378 613 1482 651 inter
1522 618 1879 665 conceptionis
1911 625 1950 657 et

217 670 529 708 nativitatis
551 673 720 717 tempus,
743 669 844 706 illud
867 672 1024 717 tempus
1047 670 1240 708 E··clesiae
1272 673 1516 720 conceptioni
1548 686 1615 711 seu
1646 678 1948 724 praeparationi.

216 730 298 767 dies
321 730 572 767 Pentecostes
595 728 771 776 ejusdem
793 728 995 765 nativitati
1017 729 1216 778 assignare
1239 730 1383 767 licebit.
1418 732 1468 768 Et
1491 732 1593 769 sicut-
1614 733 1728 772 homo
1742 740 1951 784 conceptus

215 788 390 826 nondum
415 790 618 837 separatur
639 800 660 824 a
682 790 818 831 matre,
853 787 910 824 ita
930 789 1027 824 tunc
1048 788 1221 825 Ecclesia
1253 789 1542 838 concipiebatur
1574 794 1613 828 et
1643 795 1951 842 praeparabatur

215 847 478 906 intra'sinum
501 859 736 895 synagogae.

268 906 277 920 Ι

244 966 258 979 Ι
277 908 503 988 ξ’,ΐῖξξῃζξόᾥ
513 941 627 978 porro
650 931 721 974 est,
745 929 850 977 quod
873 929 1082 966 adversarii
1106 930 1358 970 contendunt.
1394 933 1590 981 apostolos
1621 946 1700 971 non
1730 935 1950 975 instituisse

215 979 368 1027 coetum
391 1002 412 1026 a
429 981 633 1038 ‘synagoga
654 988 900 1033 distinctum,
925 989 1027 1037 quod
1044 988 1125 1026 scil.
1148 989 1267 1037 primi
1283 990 1416 1028 fideles
1430 993 1682 1030 convenerint
1699 1006 1787 1031 cum
1796 995 1951 1043 judaeis

214 1048 256 1086 in
277 1048 471 1097 templum
494 1047 816 1095 servaverintque
838 1050 940 1084 ritus
963 1060 1119 1096 quoque
1137 1048 1324 1095 judaicos.
1368 1050 1456 1087 Non
1478 1051 1626 1099 primos
1655 1052 1889 1092 christianos
1911 1055 1950 1092 in

214 1111 370 1146 coetum
391 1120 412 1144 a
433 1119 631 1156 synagoga
653 1106 887 1143 distinctum
910 1107 1136 1144 convenisse
1158 1110 1267 1156 patet
1289 1121 1333 1144 ex
1357 1109 1452 1146 actis
1480 1116 1514 1153 2,
1541 1116 1606 1149 42.
1633 1118 1707 1155 46;
1733 1118 1771 1156 4,
1790 1119 1853 1152 32.
1874 1120 1947 1154 34:

217 1173 252 1211 5,
283 1172 345 1206 12.
373 1172 420 1206 13
445 1168 538 1208 etc.;
562 1169 602 1203 et
623 1165 797 1214 profecto
820 1165 880 1201 illi
903 1166 945 1202 in
966 1166 1084 1203 rebus
1107 1166 1199 1203 fidei
1221 1169 1262 1204 et
1283 1169 1537 1206 sacramentis
1561 1182 1639 1207 non
1661 1171 1831 1219 amplius
1853 1185 1947 1221 pen-

213 1225 360 1263 debant
380 1238 402 1262 a
423 1224 690 1262 sacerdotibus
706 1224 888 1273 judaicis,
914 1224 982 1262 sed
1004 1225 1161 1263 omnino
1193 1239 1215 1262 a
1238 1227 1463 1275 magisterio
1496 1230 1535 1265 et·
1556 1229 1775 1267 ministerio
1797 1234 1949 1279 aposto-

212 1285 298 1323 lico.
342 1283 454 1328 Quod
476 1284 510 1320 si
531 1286 738 1321 servarunt
759 1283 885 1320 adhuc
906 1284 1010 1321 ritus
1033 1285 1231 1329 mosaicos,
1265 1298 1432 1333 quorum
1465 1287 1652 1337 obligatio
1684 1290 1949 1336 exspiraverat

213 1356 302 1381 cum
323 1345 448 1381 morte
472 1342 630 1386 Christi,
652 1342 693 1379 id
718 1343 950 1391 permissum
983 1343 1108 1381 adhuc
1140 1348 1233 1388 erat,
1266 1351 1311 1382 ut
1344 1358 1554 1395 synagoga,
1587 1360 1685 1396 quae
1716 1349 1836 1385 etiam
1868 1354 1949 1387 erat

212 1402 475 1440 institutionis
498 1401 653 1438 divinae
675 1403 715 1438 et
734 1404 855 1451 typus
878 1402 1081 1446 Ecclesiae,
1116 1415 1202 1440 cum
1227 1403 1371 1441 honore
1403 1406 1645 1453 sepeliretur.
1688 1407 1828 1444 Postea
1859 1409 1948 1445 facti

194 1464 306 1499 -sunt
326 1461 367 1498 hi
387 1461 501 1507 ritus,
526 1474 547 1498 a
568 1464 694 1498 morte
717 1461 860 1498 Christi
877 1462 959 1509 jam
982 1462 1138 1505 mortui,
1175 1463 1290 1499 etiam
1316 1464 1593 1510 mortiferi,
1631 1466 1663 1502 si
1688 1467 1776 1514 quis
1798 1467 1878 1504 illis
1911 1480 1949 1505 se

195 1497 495 1575 {obstrinxisset¹
547 1520 705 1557 Falsum
736 1532 891 1568 quoque
923 1523 993 1560 est.
1037 1521 1329 1569 persecutiones
1361 1523 1532 1570 primum
1564 1525 1735 1573 coegisse
1767 1526 1898 1564 fideles
1929 1540 1949 1564 a

149 1612 154 1615 .
207 1580 364 1628 judaeis
386 1592 406 1617 e
428 1579 509 1616 suis
532 1578 712 1616 coetibfis
736 1579 890 1627 ejectos,
915 1584 960 1616 ut
982 1579 1024 1616 in
1047 1582 1199 1617 coetum
1223 1581 1393 1628 aliquem
1409 1583 1671 1623 convenirent.
1706 1585 1949 1622 Persecutio-

211 1639 330 1676 nibus
351 1638 392 1675 id
413 1651 538 1675 unum
551 1638 676 1674 tribui
698 1640 838 1686 potest,
863 1641 909 1675 ut
925 1639 1129 1686 separatio,
1154 1652 1253 1687 quae
1271 1640 1352 1687 jam
1368 1642 1570 1685 existebat,
1597 1643 1796 1690 patentior
1809 1645 1946 1681 redde-

211 1700 322 1735 retur
352 1699 392 1735 et
421 1697 639 1746 periculum
672 1698 960 1735 commixtionis
993 1697 1186 1735 efficacius
1217 1699 1499 1737 excluderetur.
1544 1701 1723 1739 Ceterum
1756 1704 1948 1751 separatio

210 1757 288 1794 fuit
308 1757 441 1806 potius
463 1756 745 1805 persecutionis
770 1768 893 1793 causa.

330 1851 423 1892 196.
446 1848 613 1891 TheSiS
637 1848 915 1891 XXXVIII.
957 1864 1174 1904 Ecclesia,
1192 1872 1335 1906 qnam
1362 1865 1571 1898 Christus
1599 1867 1817 1909 instituit,
1841 1877 1948 1909 pcr—
1975 1864 2175 1919 &mmm

207 1921 341 1954 ennis
367 1923 432 1954 est
457 1923 595 1963 atque
621 1922 683 1955 ad
703 1921 847 1962 finem
877 1931 1022 1964 usque
1049 1923 1217 1956 *numdi
1241 1913 2048 1992 pefmffi¹⁰ff⁸ssmws
2090 1963 2175 2012 M

324 2001 617 2044 Declaratio.
660 2000 965 2042 Demonstrata
987 2001 1202 2043 Ecclesiae
1224 2003 1487 2044 institutione
1511 2008 1550 2045 et
1583 2006 1840 2055 exsistentia,
1873 2020 1947 2049 ne·
1965 2000 2124 2064 §Off

206 2072 439 2112 cessarium
462 2084 551 2112 non
575 2072 654 2112 erit
677 2071 776 2112 data
792 2084 924 2124 opera
940 2073 993 2113 ad
1008 2073 1303 2125 quaestionem
1319 2075 1552 2115 secundam
1569 2081 1609 2116 et
1625 2077 1791 2117 tertiam
1808 2091 1845 2121 n.
1866 2082 1944 2123 191
1965 2100 2009 2132 u,
2026 2076 2072 2117 »l
2091 2082 2138 2099 δ·

204 2143 469 2194 propositam
491 2143 768 2195 respondere.
812 2142 986 2196 Utrique
1011 2143 1180 2185 abunde
1214 2144 1477 2186 satisfactum
1511 2146 1601 2194 erit,
1633 2147 1667 2187 si
1668 2148 1947 2224 fflrobaveri-
1943 2164 2174 2213 ὠμά...

206 2225 301 2253 mus
322 2212 537 2254 Ecclesiae
566 2214 888 2266 perennitatem.
934 2214 1066 2256 Porro
1089 2214 1684 2287 ECS‘leSiafiAEgeffinitaS2
1716 2197 1947 2261 imn-

206 2295 334 2336 quam
369 2284 618 2337 interrupta,
653 2285 689 2325 si
722 2285 1004 2326 substantiam
1038 2291 1216 2338 spectes,
1252 2286 1635 2345 adfinem-usque
1648 2290 1813 2342 -mundi
1845 2303 1946 2331 con·
1959 2290 2175 2361 ΜΔ

205 2354 398 2404 tinuatio,
431 2367 519 2395 non
541 2356 744 2396 asseritur
767 2361 916 2397 contra
939 2361 1236 2408 protestantes,
1269 2358 1339 2410 qui
1366 2359 1567 2410 quamdiu
1590 2360 1900 2411 praescinditur
1922 2374 1946 2402 a
1955 2344 2175 2442 w

204 2425 466 2478 quaestione,
498 2439 599 2467 num
625 2426 819 2467 Ecclesia
850 2428 1095 2468 necessario
1128 2428 1180 2468 sit
1211 2428 1396 2482 visibilis,
1429 2440 1524 2470 eam
1556 2430 1666 2471 ultro
1700 2431 1988 2487 admittuntzp
2010 2435 2114 2479 seul
2140 2437 2175 2476 u!

205 2495 281 2537 sed
302 2497 346 2536 in
368 2497 516 2549 primis
540 2502 690 2538 contra
712 2498 1059 2547 socinianos,
1092 2499 1164 2550 qui
1194 2498 1369 2540 docent:
1404 2500 1442 2543 l.
1465 2500 1697 2541 Ecclesiam
1724 2514 1850 2554 posse
1873 2503 1946 2543 de·
1967 2488 2175 2563 m

204 2565 342 2616 ficere,
372 2578 511 2620 neque
539 2569 583 2612 2.
606 2568 740 2609 Deum
763 2568 957 2609 absolute
981 2568 1221 2610 decrevlsse
1244 2581 1475 2622 perennem
1497 2571 1712 2613 Ecclesiae
1735 2575 1942 2614 exsisten-

204 2637 319 2687 tiam,
351 2639 437 2679 imo
471 2639 512 2684 3.
545 2652 598 2681 ne
629 2641 817 2692 potuisse
852 2640 1021 2693 quidem
1053 2640 1165 2690 hanc
1197 2641 1439 2690 decernere,
1470 2644 1550 2684 nisi
1572 2644 1752 2685 voluerit
1775 2645 1857 2698 vim
1883 2645 1945 2684 in-

205 2707 314 2749 ferre
334 2709 524 2751 humano
553 2710 728 2751 arbitrio
748 2712 791 2767 1).
832 2701 880 2742 5⁴2
908 2707 1020 2734 W
1050 2699 1116 2731 ⁹⁹⁴¹
1146 2691 1268 2732 '‘⁴¹⁸‘'
1286 2688 1412 2747 W
1450 2694 1642 2729 ”M‘M‘
1665 2696 1919 2734 mamm*

352 2861 376 2905 ¹)
395 2860 495 2894 Haec
513 2863 680 2907 exceptio
700 2863 838 2898 nullius
857 2866 912 2897 est
934 2865 1124 2898 momenti.
1151 2865 1246 2898 Nam
1271 2865 1367 2899 Deus
1393 2866 1568 2900 incolumi
1591 2869 1763 2900 manente
1788 2867 1943 2899 hominis

206 2912 389 2953 libertate,
406 2913 461 2947 ita
479 2915 602 2958 gratia
620 2927 686 2949 sua
703 2916 894 2950 hominum
915 2917 1100 2951 inflectere
1119 2919 1241 2961 potest
1259 2919 1377 2952 corda.
1406 2921 1447 2953 ut
1474 2930 1614 2963 semper
1640 2920 1756 2953 futuri
1776 2920 1858 2955 sint,
1880 2918 1941 2960 qui

207 2965 322 2999 libere
339 2966 459 3000 velint
475 2977 610 3001 nomen
628 2980 731 3002 suum
752 2969 836 3004 dare
856 2970 1037 3004 Ecclesiae
1055 2972 1093 3004 et
1121 2971 1224 3009 ‚ideo
1254 2971 1326 3005 fuit
1345 2973 1389 3006 de
1408 2972 1489 3005 istis
1507 2976 1604 3006 certa
1623 2973 1835 3016 praedictio.
1857 2970 1940 3014 quia

205 3021 243 3052 et
257 3017 356 3052 Deus
375 3019 487 3053 etiam
504 3019 647 3054 futuras
658 3022 854 3065 praevidet
865 3023 1112 3063 voluntates«,
1125 3027 1166 3057 ut
1177 3026 1383 3069 respondet,
1397 3028 1425 3058 A
1439 3036 1462 3058 u
1473 3037 1498 3069 g·
1511 3037 1531 3058 u
1546 3037 1561 3058 s
1573 3026 1647 3059 tin
1659 3037 1681 3058 n
1694 3037 1708 3058 s
1728 3026 1772 3057 ad
1788 3023 1941 3058 eandem

206 3069 469 3105 difficultatem
487 3072 681 3107 donatistis
708 3075 752 3108 de
778 3076 871 3110 unit.
890 3075 984 3109 Eccl.
1004 3087 1037 3109 n.
1057 3078 1102 3110 33
1121 3081 1192 3121 (op.
1211 3076 1358 3115 XXVII.
1380 3079 1471 3120 172).
1506 3077 1609 3118 Quod
1630 3078 1659 3110 si
1678 3078 1757 3120 quis
1777 3078 1941 3120 urgeret:
