2175 3382
210 139 293 179 24.)
627 133 748 167 'ri-act.
769 132 827 168 lll.
849 132 900 166 De
920 131 1093 166 Ecclesia.
1112 131 1241 166 'rhesis
1262 132 1349 166 XLI.
1370 132 1529 166 Ecclesia

207 259 379 305 adeoque
402 255 448 296 «l.
473 256 603 294 media
635 257 681 293 ad
705 269 818 293 suum
844 256 957 293 finem
983 255 1218 292 sufficientia
1242 255 1280 292 in
1305 256 1515 305 semetipsa
1538 256 1664 294 habet.
1698 256 1805 294 Hanc
1837 268 1948 306 porro

207 317 515 365 praerogativam
539 316 656 353 toties
680 315 972 363 aequivalenter
996 314 1069 352 sibi
1085 314 1301 351 vindis-avit
1323 315 1503 359 Ecclesia,
1528 315 1681 363 quoties
1696 315 1770 353 sibi
1783 316 1951 354 asseruit

208 375 554 424 independentiam
580 388 602 412 a
624 378 820 424 potestate
835 374 940 411 civili
958 375 1145 411 adversus
1163 373 1317 421 jurium
1334 386 1492 411 suorum
1511 374 1732 417 invasores;
1755 374 1796 412 in
1811 375 1949 423 primis

206 447 296 472 vero
338 435 526 472 tuendam
574 433 648 471 sibi
681 434 889 470 constituit
928 446 1093 482 magnus
1134 432 1201 469 ille
1234 433 1433 470 libertatis
1466 433 1749 471 ecclesiasticae
1780 438 1951 472 assertor

206 494 327 531 Pius
350 494 414 530 IX.
438 491 492 545 (n.
520 491 632 545 217).
656 496 903 541 Quapropter
925 493 966 529 in
989 493 1183 529 schemate
1207 494 1328 529 const.
1353 492 1594 541 dogmaticae
1618 492 1664 529 de
1687 492 1786 530 Eccl.
1804 492 1949 530 Christi

205 559 360 602 patrum
385 565 486 590 concv
514 552 746 590 vaticani
780 552 946 588 examini
969 551 1167 599 proposito
1190 564 1219 588 c.
1246 558 1266 590 3
1292 551 1479 600 legimus:
1515 552 1733 595 „Docemus
1756 553 1887 589 autem
1908 563 1952 590 ac

206 612 461 657 declaramus,
486 612 678 649 Ecclesiae
702 611 828 647 inesse
852 622 986 647 omnes
1010 622 1122 647 verae
1146 610 1344 647 societatis
1367 610 1591 658 qualitates.
1625 610 1762 659 Neque
1785 611 1949 648 societas

209 672 300 709 baec
332 671 537 708 indefinita
559 671 619 707 vel
658 669 837 707 informis
866 682 887 706 a
910 669 1062 707 Christo
1084 669 1221 706 relicta
1242 671 1322 712 est3
1356 669 1423 706 sed
1445 669 1774 718 quemadmodum
1797 669 1846 707 ab
1866 670 1950 719 ipso

207 743 317 768 suam
354 731 621 768 exsistentiam
656 729 783 767 habet.
819 729 874 765 ita
896 728 1070 776 ejusdem
1095 728 1298 766 voluntate
1321 741 1364 765 ac
1386 729 1471 777 lege
1495 741 1604 766 suam
1629 728 1843 766 exsistendi
1873 728 1950 767 for—

211 803 312 827 mam
349 802 538 837 suamque
571 787 896 825 constitutionem
919 787 1080 836 accepit.
1121 787 1259 835 Neque
1281 787 1413 825 eadem
1437 788 1656 825 membrum
1678 791 1739 825 est
1761 788 1842 825 sive
1863 800 1951 836 pars
1993 822 1998 826 .

208 849 370 886 alterius
403 848 617 897 cujuslibet
650 847 860 891 societatis,
893 859 963 884 nec
999 858 1087 883 cum
1110 846 1188 883 alia
1209 847 1348 894 quavis
1370 847 1531 884 confusa
1552 850 1622 884 aut
1649 847 1950 888 commiscenda:

205 908 269 946 sed
294 909 390 945 aileo
414 908 456 944 in
480 907 688 955 semetipsa
720 905 902 954 perfecta,
936 908 981 943 ut
1013 905 1106 942 dum
1132 905 1179 942 ab
1203 904 1386 942 omnibus
1409 905 1592 943 humanis
1616 905 1869 944 societatibus
1890 906 1949 944 di-

208 967 442 1017 stinguitur,
467 979 588 1015 supra
610 979 672 1003 eas
693 969 823 1002 tamen
856 978 973 1013 quam
996 964 1160 1001 maxime
1183 965 1409 1001 evehaturs‘
1443 964 1525 1009 Qua
1548 965 1819 1010 declaratione,
1843 968 1889 1002 ut
1911 965 1951 1002 in

214 1026 378 1075 adjectis
402 1024 726 1063 annotationibus
758 1027 931 1069 notatur,
965 1027 1194 1061 asseruntur
1215 1023 1409 1061 Ecclesiae
1442 1036 1582 1067 ,verae
1605 1024 1802 1062 societatis
1824 1024 1951 1073 quali—

210 1088 312 1122 tates
338 1089 472 1122 contra
493 1088 712 1127 novatores,
737 1083 806 1132 qui
828 1087 970 1133 negant
991 1081 1030 1124 1.
1047 1083 1258 1120 Ecclesiam
1275 1095 1357 1120 esse
1373 1083 1595 1120 societatem
1618 1083 1857 1133 legalem,
1880 1084 1905 1121 i.
1919 1096 1951 1121 e.

208 1145 402 1192 accepiS>e
425 1144 636 1182 Ecclesiam
659 1143 707 1180 ab
729 1143 814 1191 ipso
837 1147 995 1180 auctore
1027 1154 1069 1179 ac
1092 1142 1316 1192 legislatore
1339 1142 1492 1179 Christo
1515 1144 1658 1179 certam
1681 1155 1724 1179 ac
1745 1142 1951 1180 definitam

208 1203 509 1242 constitutionis
530 1203 715 1245 sormam:
747 1199 791 1242 ⁶2.
815 1202 1025 1239 Ecclesiam
1059 1213 1144 1238 esse
1176 1201 1402 1238 societatem
1435 1201 1739 1250 perfectam,
1770 1214 1870 1250 quae
1891 1202 1951 1239 uti

208 1275 302 1313 pars
338 1263 422 1300 sive
454 1263 672 1300 membrum
706 1261 810 1299 nulli
842 1262 907 1298 alii
940 1260 1035 1298 insit
1058 1261 1121 1297 vel
1147 1260 1275 1298 subsit
1297 1260 1484 1303 societati,
1516 1260 1793 1310 propriamque
1814 1261 1954 1298 habeat

207 1325 248 1359 et
284 1336 305 1360 a
339 1322 525 1359 societate
557 1321 663 1358 civili
694 1321 921 1358 distinctam
955 1333 996 1357 ac
1030 1319 1356 1369 independentem
1380 1322 1635 1369 potestate-rm
1669 1321 1736 1357 sed
1758 1319 1955 1358 affirmant

213 1379 256 1422 3.
281 1381 495 1419 Ecclesiam
526 1393 606 1418 esse
638 1380 765 1417 instar
796 1379 1033 1429 collegii,
1067 1380 1169 1427 quod
1203 1379 1325 1416 libera
1356 1379 1559 1416 hominum
1590 1379 1757 1416 coitione
1779 1381 1820 1417 et
1839 1379 1952 1417 sociis

213 1453 313 1489 pure
344 1440 572 1489 aequalibus
606 1442 768 1485 constat,
802 1441 842 1476 et
873 1439 985 1487 cujus
1018 1438 1248 1475 constitutio
1280 1451 1302 1474 a
1329 1438 1455 1474 libera
1476 1437 1814 1476 confoederatione
1835 1437 1951 1487 profi-

213 1500 395 1544 cist-itum
418 1499 524 1537 unde
547 1499 683 1536 dicunt
706 1496 748 1538 4.
772 1498 982 1536 Ecclesiam
1011 1497 1173 1535 subesse
1195 1497 1320 1534 veluti
1347 1500 1496 1546 partem
1520 1497 1582 1534 vel
1603 1498 1823 1535 membrum
1845 1497 1953 1535 civili

214 1559 392 1597 societati
415 1562 455 1596 et
477 1557 519 1598 ὅ.
545 1571 731 1596 summam
754 1558 794 1594 in
819 1557 962 1595 Christi
986 1557 1167 1601 Ecclesia,
1201 1561 1397 1604 quatenus
1419 1556 1502 1605 ipsa
1522 1556 1727 1594 associatio
1749 1562 1821 1602 est,
1842 1558 1952 1606 pote-

212 1621 353 1656 statem
386 1631 469 1656 esse
505 1630 624 1667 penes
648 1617 774 1655 civilis
795 1617 951 1666 imperii
971 1617 1257 1665 majestatem«
1301 1615 1359 1652 Ad
1383 1615 1610 1652 catholicam
1633 1628 1725 1665 ergo
1747 1616 1952 1654 veritatem

212 1678 428 1715 instantius
461 1677 731 1715 inculcandzm
765 1680 926 1725 paratus
954 1681 1033 1712 erat
1060 1687 1181 1712 canon
1205 1671 1318 1727 (10):
1351 1674 1420 1719 „Si
1445 1675 1534 1723 quis
1557 1674 1710 1720 dixerit,
1742 1675 1951 1712 Ecclesiam

210 1749 288 1774 non
314 1749 397 1774 esse
419 1737 642 1774 societatem
665 1735 888 1785 perfectam.
913 1735 979 1772 sed
1003 1734 1222 1784 collegium,
1245 1736 1315 1771 aut
1336 1734 1392 1771 ita
1413 1734 1453 1771 in
1475 1733 1581 1771 civili
1603 1733 1800 1774 societate.
1824 1746 1893 1772 seu
1913 1734 1952 1770 in

206 1798 314 1833 statu
336 1809 429 1842 esse,
452 1797 499 1833 ut
520 1796 685 1833 seculari
708 1794 968 1832 dominationi
991 1794 1235 1843 subjiciatur,
1258 1794 1302 1830 A.
1327 1793 1390 1830 S.«

321 1879 417 1920 216.
441 1876 823 1919 Demonstratio.
867 1874 1016 1914 Thesis
1042 1873 1250 1926 probatur
1285 1873 1323 1916 1.
1356 1884 1407 1913 ex
1439 1873 1500 1913 rei
1531 1877 1706 1913 natura:
1739 1870 1943 1921 Societas,

201 1959 311 2000 quae
334 1952 488 1987 natura
511 1958 590 1986 sua
612 1958 813 1998 suprema
845 1950 909 1986 est
940 1956 1077 1998 neque
1110 1944 1164 1984 ad
1191 1944 1319 1985 aliam
1342 1944 1593 1985 societatem
1616 1943 1849 1990 ordinatur,
1880 1948 1944 1984 est

201 2017 401 2071 perfecta,
437 2017 619 2069 ideoque
653 2017 798 2058 omnia
830 2015 971 2057 media
1004 2015 1057 2056 ad
1089 2015 1215 2056 finem
1248 2014 1597 2067 consequendum
1628 2014 1873 2055 necessaria
1905 2014 1946 2054 in

203 2089 433 2141 semetipsa
456 2087 617 2129 habere
641 2087 778 2128 debet.
815 2087 942 2139 Atqui
965 2086 1154 2127 Ecclesia
1177 2091 1240 2127 est
1262 2086 1446 2127 societas
1468 2090 1623 2126 natura
1645 2097 1723 2126 sua
1745 2096 1945 2137 suprema

203 2172 341 2212 neque
356 2159 410 2200 ad
426 2159 553 2200 aliam
571 2159 819 2199 societatem
835 2157 1075 2198 ordinatur:
1098 2156 1211 2210 quod
1229 2156 1434 2209 probatur
1457 2168 1507 2197 ex
1531 2156 1622 2208 ejus
1644 2155 1726 2196 fine
1748 2168 1808 2196 su
1821 2168 1846 2207 p
1858 2166 1943 2196 er-

204 2244 231 2271 n
244 2236 334 2271 atu
346 2244 366 2271 r
378 2230 426 2271 al
438 2231 451 2270 i
463 2262 472 2279 ,
495 2230 565 2282 qui
589 2235 652 2270 est
674 2230 844 2282 adeptio
866 2229 980 2270 vitae
995 2233 1220 2277 aeternae,·
1243 2228 1311 2268 hic
1327 2228 1439 2268 enim
1454 2226 1548 2267 finis
1562 2231 1708 2280 utpote
1721 2226 1941 2268 hominum

205 2302 375 2342 ultimus
397 2306 462 2342 est
485 2302 674 2342 omnium
698 2313 921 2354 supremus
945 2306 986 2341 et
1008 2300 1063 2341 ad
1085 2300 1214 2341 alium
1237 2312 1324 2340 non
1346 2299 1576 2340 ordinatur.

326 2386 368 2428 2.
392 2384 450 2424 Ex
474 2384 682 2431 absurdis
715 2396 824 2436 quae
848 2384 889 2424 in
913 2383 997 2424 alia
1017 2383 1242 2437 hypothesi
1264 2387 1509 2435 sequuntur.
1551 2380 1810 2434 Sequeretur
1831 2381 1944 2421 enim

206 2454 419 2495 Christum
442 2455 668 2496 Dominum
692 2455 909 2496 Ecclesiae
932 2467 1035 2496 suae
1057 2454 1314 2495 sufficienter
1344 2466 1431 2494 non
1458 2452 1705 2505 providisse,
1739 2453 1773 2492 si
1808 2451 1948 2493 media

206 2525 259 2566 ad
296 2526 385 2578 ejus
420 2526 545 2567 finem
583 2526 930 2579 consequendum
964 2525 1018 2566 ab
1051 2526 1134 2566 alia
1164 2528 1368 2566 societate
1391 2525 1414 2564 i.
1438 2536 1471 2565 e.
1505 2536 1531 2564 a
1563 2523 1672 2563 civili
1694 2523 1946 2575 penderent:

206 2608 343 2649 neque
366 2597 473 2637 haec
496 2600 642 2648 utpote
659 2596 818 2636 ordinis
832 2596 1039 2637 naturalis
1063 2608 1140 2648 par
1162 2600 1275 2636 esset
1297 2595 1350 2635 ad
1374 2593 1685 2647 suppeditanda
1707 2592 1848 2633 media
1870 2605 1946 2644 pro

208 2668 508 2720 consequendo
532 2668 613 2708 fine
636 2667 958 2720 supernaturali.
994 2666 1102 2719 Ergo
1126 2664 1317 2707 Christus
1340 2666 1467 2706 talem
1491 2664 1724 2705 Ecclesiam
1748 2663 1946 2711 condidit,

208 2750 317 2791 quae
340 2738 481 2778 media
504 2740 649 2779 omnia
672 2738 726 2779 ad
758 2737 885 2778 finem
909 2737 1256 2790 consequendum
1280 2736 1531 2777 sufficientia
1554 2734 1875 2787 complectatur,
1905 2733 1947 2774 id

208 2815 281 2857 est,
304 2810 551 2850 societatem
577 2809 809 2861 perfectam
832 2809 1059 2849 constituit.
1101 2808 1200 2849 Ideo
1224 2808 1352 2848 etiam
1376 2806 1566 2848 Ecclesia
1588 2806 1748 2858 passim
1770 2809 1948 2863 vocatur

208 2893 234 2921 a
256 2878 423 2920 Christo
446 2893 633 2933 ‘re—qnam,
655 2885 702 2920 ut
724 2880 814 2932 ejus
837 2879 1165 2931 independentia
1187 2884 1229 2919 et
1251 2877 1500 2918 autonomia
1522 2875 1791 2929 significetur.

327 2952 369 2994 3.
403 2950 463 2990 lta
495 2962 540 2990 se
572 2951 731 2991 habent
763 2951 1003 2997 societates,
1036 2955 1082 2990 ut
1113 2962 1261 2990 earum
1293 2953 1538 3001 potestates.
1582 2946 1706 2999 Atqui
1734 2945 1947 2986 Ecclesiae

210 3026 399 3073 potestas
430 3025 495 3061 est
526 3018 650 3072 plane
682 3021 974 3073 independens
1006 3032 1032 3060 a
1063 3031 1318 3073 quacunque
1342 3024 1553 3071 potestate
1577 3017 1697 3058 civili.
1739 3015 1846 3068 Ergo
1868 3015 1945 3057 Ec-

210 3092 338 3133 clesia
361 3091 415 3132 ab
441 3092 522 3132 hac
554 3096 617 3132 est
648 3091 937 3143 independens
960 3092 1141 3144 ideoque
1164 3092 1348 3132 societas
1370 3089 1568 3142 perfecta.
1614 3087 1825 3129 Probatur
1846 3099 1945 3139 pro-
