2175 3382
231 159 316 198 470
732 152 852 185 Tract.
872 151 930 185 IV.
951 151 993 184 de
1014 150 1094 185 fide.
1114 150 1347 184 Praestantia
1366 148 1461 183 fidei.

231 284 356 323 quam
380 269 778 311 Nabuchodonosor
810 270 910 310 vidit
940 270 981 310 in
1013 270 1180 310 somnio
1206 268 1326 324 (Dan.
1350 272 1388 316 4,
1415 271 1436 310 7
1461 267 1546 324 ss),
1577 267 1696 320 cujus
1729 267 1964 320 proceritas

230 340 692 393 contingebatcoelum,
715 345 912 393 aspectus
935 351 1035 380 vero
1059 344 1150 380 erat
1173 351 1310 392 usque
1335 338 1388 379 ad
1412 338 1617 379 terminos
1632 338 1856 379 universae
1879 342 1963 379 ter-

231 423 316 457 rae,
339 412 457 463 cujus
473 411 569 452 folia
585 411 865 464 pulcherrima
890 416 931 452 et
954 411 1110 451 fructus
1126 410 1292 459 nimius,
1314 415 1355 450 et
1378 410 1419 450 in
1442 421 1527 462 qua
1541 408 1837 449 universorum
1852 419 1964 458 esca,

231 481 375 522 subter
397 495 523 535 quam
546 482 798 523 habitabant
821 481 1020 523 animalia
1043 486 1084 522 et
1115 481 1278 522 bestiae
1307 485 1349 521 et
1374 481 1416 521 in
1438 480 1558 532 cujus
1580 480 1710 520 ramis
1733 490 1964 520 conversa-

231 551 384 592 bantur
406 553 598 593 volucres
621 552 739 601 coeli,
762 558 803 593 et
825 564 875 593 ex
899 564 981 605 qua
1005 551 1257 593 vescebatur
1279 552 1417 592 omnis
1440 562 1553 592 caro.

348 624 390 666 2.
426 622 548 664 Fides
580 629 642 664 est
673 624 905 664 secundum
938 635 1055 663 conc.
1079 622 1352 663 tridentinum
1375 634 1476 665 sess.
1501 624 1526 665 6
1549 633 1583 664 c,
1608 624 1633 666 8
1656 621 1871 662 humanae
1893 632 1963 661 sa-

230 693 326 733 lutis
349 693 522 739 initium,
547 693 867 734 fundamentum
890 698 929 734 et
952 693 1072 734 radix
1096 693 1234 734 omnis
1251 691 1578 748 justificationis.
1621 691 1744 743 Quod
1766 691 1875 733 ratio
1899 696 1964 733 est

231 764 273 804 in
305 763 450 805 ordine
483 765 745 812 naturali,
778 769 842 805 est
872 764 1105 805 secundum
1138 764 1378 815 analogiam
1403 763 1506 804 fides
1530 763 1571 804 in
1594 763 1744 804 ordine
1766 774 1962 816 super-

231 834 473 875 naturali
504 835 661 876 salutis.
705 834 811 876 Nam
844 849 886 878 a.
919 836 1025 876 sicut
1057 836 1223 876 ratione
1246 834 1543 887 distinguimur
1566 846 1591 874 a
1613 833 1760 883 brutis,
1791 834 1850 874 ita
1881 832 1963 875 fide

231 906 352 959 (sane
376 906 487 961 viva)
510 910 788 946 secernuntur
809 906 1002 947 homines
1025 905 1276 958 spirituales,
1308 905 1378 946 filii
1401 905 1488 954 Dei,
1520 905 1574 946 ab
1601 905 1846 946 hominibus
1870 905 1963 945 ani-

231 975 421 1024 malibus,
454 988 479 1016 a
510 975 602 1017 filiis
633 977 758 1029 hujus
789 976 938 1024 seculi;
971 977 1079 1017 sicut
1108 978 1156 1020 b.
1189 977 1355 1018 ratione
1385 976 1625 1017 extollimur
1647 988 1778 1029 supra
1800 988 1963 1025 sensus,

230 1046 287 1086 ita
311 1045 389 1087 tide
411 1059 539 1098 supra
561 1047 792 1095 rationem;
815 1047 923 1088 sicut
946 1061 988 1092 c.
1011 1052 1166 1089 natura
1188 1052 1353 1089 tantum
1376 1047 1596 1088 rationalis
1620 1059 1756 1100 capax
1779 1052 1844 1088 est
1864 1059 1961 1099 pro-

230 1117 318 1168 prie
349 1117 486 1159 dictae
516 1118 798 1168 beatitudinis,
832 1120 891 1159 ita
921 1121 1008 1160 sine
1035 1120 1117 1172 fide
1148 1119 1399 1174 ‘impossibile
1431 1123 1489 1159 est
1515 1118 1683 1173 placere
1708 1118 1792 1159 Deo
1817 1117 1959 1173 (Hebr.

234 1193 299 1234 11,
316 1190 372 1243 6),
395 1189 574 1242 ideoque
589 1191 791 1242 consequi
806 1189 1110 1230 beatitudinem
1125 1190 1516 1242 supernaturalem;
1539 1194 1580 1230 et
1602 1189 1962 1243 quemadmodum

231 1260 275 1303 d.
300 1260 408 1300 ratio
431 1259 550 1300 radix
583 1264 623 1301 et
655 1259 977 1301 fundamentum
1011 1265 1074 1302 est
1096 1261 1234 1302 omnis
1258 1261 1522 1310 moralitatis,
1554 1260 1666 1301 vitae
1688 1259 1830 1301 bonae
1852 1272 1962 1313 quae

231 1329 380 1370 deceat
402 1330 629 1379 hominem,
654 1335 695 1372 et
716 1332 873 1372 meriti:
905 1332 963 1373 ita
989 1331 1276 1385 praefulgente
1300 1331 1380 1373 fide
1404 1331 1487 1388 (vel
1509 1332 1660 1372 saltem
1683 1331 1963 1372 illustratione

230 1401 552 1453 supernaturali,
585 1414 693 1455 quae
726 1402 779 1443 ad
811 1403 991 1454 gratiam
1022 1402 1116 1444 fidei
1148 1404 1390 1459 revocatur)
1424 1408 1544 1444 actus
1571 1403 1795 1444 eliciuntur
1816 1402 1964 1443 salutis

231 1470 318 1512 Deo
342 1472 383 1512 in
405 1475 618 1525 praesenti
641 1473 788 1514 ordine
811 1473 919 1525 grati
942 1478 983 1515 et
1005 1474 1180 1527 accepti.
1204 1486 1339 1527 eaque
1361 1474 1481 1515 radix
1504 1478 1568 1515 est
1589 1473 1791 1515 bonitatis
1815 1484 1963 1526 super-

231 1543 447 1592 naturalis,
469 1544 592 1593 vitae,
616 1556 726 1597 quae
748 1544 823 1586 Dei
845 1544 951 1586 filios
973 1545 1134 1594 deceat,
1157 1551 1284 1598 atque
1307 1546 1446 1586 meriti
1469 1545 1524 1601 (n.
1548 1548 1632 1590 517
1656 1546 1697 1600 1).

350 1615 393 1657 3.
423 1614 580 1665 „Fides,
612 1615 746 1667 inquit
777 1629 807 1656 s.
831 1615 1061 1656 Thomas
1092 1617 1135 1656 in
1161 1616 1385 1657 Boethium
1420 1616 1472 1657 de
1495 1615 1606 1659 Trin.
1630 1629 1666 1668 q.
1691 1619 1716 1659 3
1740 1627 1778 1658 a.
1805 1618 1824 1658 1
1851 1615 1904 1656 ad
1926 1619 1966 1665 4,

232 1690 295 1726 est
317 1686 563 1727 assimilatio
587 1685 640 1726 ad
664 1687 949 1739 cognitionem
972 1687 1032 1728 dix
1045 1688 1172 1736 inam,
1204 1688 1247 1728 in
1279 1692 1485 1741 quantum
1508 1699 1585 1740 per
1606 1687 1730 1728 fidem
1753 1687 1878 1728 nobis
1899 1688 1965 1728 in-

231 1756 366 1797 fusam
383 1757 653 1799 inhaeremus
676 1759 755 1811 ipsi
778 1759 939 1811 primae
962 1760 1129 1801 veritati
1150 1764 1324 1812 propter
1346 1761 1573 1812 seipsam:“
1605 1764 1732 1812 atque
1754 1760 1814 1800 ita
1835 1759 1967 1800 innixi

232 1827 373 1868 divina
396 1829 634 1880 cognitione
658 1831 802 1870 omnia
825 1831 945 1883 quasi
967 1831 1092 1872 oculo
1107 1830 1183 1871 Dei
1204 1831 1429 1872 intuemur.
1454 1830 1511 1872 Cf.
1535 1830 1586 1871 de
1609 1831 1726 1871 verit.
1750 1844 1788 1883 q.
1808 1835 1862 1875 14
1876 1842 1912 1873 a.
1928 1834 1966 1875 8.

232 1898 336 1939 Hinc
359 1900 466 1940 sicut
488 1899 599 1941 Deus
621 1902 801 1953 primum
826 1903 1102 1954 semetipsum
1130 1902 1316 1943 intuetur
1346 1907 1392 1943 ut
1422 1903 1605 1955 primam
1635 1903 1857 1943 veritatem
1891 1901 1970 1942 ob-

226 1970 440 2022 jectivam,
463 1971 709 2024 originalem
732 1977 773 2012 et
795 1973 1038 2023 centralem,
1056 1977 1103 2014 ut
1127 1974 1317 2015 omnium
1335 1974 1370 2016 A
1389 1979 1430 2015 et
1446 1976 1498 2023 93
1521 1974 1579 2014 ita
1602 1978 1642 2014 et
1665 1972 1769 2013 fides
1783 1972 1967 2025 primum

232 2040 274 2080 in
304 2041 440 2093 ipsum
472 2042 616 2091 tendit,
647 2043 810 2096 reliqua
841 2044 884 2084 in
908 2056 986 2085 sua
1009 2045 1276 2086 connexione
1299 2057 1395 2086 cum
1419 2044 1508 2086 Deo
1531 2050 1752 2097 tamquam
1775 2043 1964 2085 omnium

233 2112 403 2163 origine,
435 2111 516 2153 fine
549 2118 590 2154 et
621 2119 767 2154 centro
801 2115 966 2166 attingit
998 2116 1226 2168 omniaque
1249 2115 1452 2168 dijudicat
1474 2115 1707 2156 secundum
1731 2127 1880 2156 eorum
1912 2113 1966 2155 ad

231 2181 376 2230 Deum,
391 2184 581 2224 omnium
595 2196 802 2234 normam,
818 2185 1078 2230 relationem.
1092 2186 1276 2239 Ideoque
1291 2187 1431 2228 estilla
1446 2187 1629 2239 cognitio
1646 2191 1691 2227 tr
1702 2198 1727 2227 a
1738 2199 1766 2227 n
1777 2199 1825 2227 ss
1837 2198 1860 2226 c
1871 2197 1894 2226 e
1906 2198 1964 2226 n-

233 2254 492 2302 dentalis,
525 2267 653 2308 quam
675 2256 916 2309 philosophi
939 2257 1103 2306 frustra,
1135 2257 1216 2299 fide
1242 2257 1534 2310 abjecta„sibi
1555 2257 1771 2297 vindicant
1790 2258 1833 2311 1).
1876 2256 1964 2297 Imo

350 2326 392 2368 4.
426 2325 527 2366 fides
560 2339 715 2368 aurora
747 2328 958 2380 quaedam
991 2334 1054 2370 est
1086 2333 1212 2382 atque
1245 2329 1491 2381 anticipatio
1523 2328 1699 2369 visionis
1721 2326 1965 2372 beatificae:

232 2408 331 2436 nam
354 2396 452 2436 haee
483 2403 538 2437 est
571 2398 651 2437 setta
674 2403 864 2439 aeterna.-
896 2405 939 2439 ηε
971 2404 1215 2453 σοφῑοεσαηέ
1247 2404 1285 2440 te
1316 2399 1445 2440 solum
1468 2399 1605 2440 Deum
1627 2413 1769 2440 verum
1791 2402 1828 2438 et
1849 2411 1966 2452 quem

232 2467 380 2506 misisti
401 2467 541 2507 ‚Iesum
567 2468 778 2510 Christum
800 2469 862 2511 Jo.
883 2474 945 2519 17,
970 2474 1007 2515 3.
1031 2471 1159 2512 modo
1185 2471 1381 2519 obscure,
1404 2471 1698 2522 aenigmatice,
1720 2481 1798 2522 per
1820 2468 1966 2510 fidem:

232 2538 275 2576 in
297 2537 431 2578 altera
452 2539 538 2578 vita
560 2550 635 2590 per
657 2542 854 2591 speciem,
876 2542 1067 2582 revelata
1088 2542 1207 2591 facie,
1231 2540 1338 2582 facie
1361 2541 1416 2582 ad
1438 2540 1602 2582 faciem.
1646 2540 1788 2592 Quare

353 2609 394 2652 5.
419 2608 521 2648 fides
545 2614 606 2650 est
629 2622 764 2651 novus
787 2612 946 2662 oculus,
969 2625 1083 2653 nova
1105 2616 1258 2657 διάνοια
1279 2624 1400 2653 mens
1426 2615 1461 2655 1.
1484 2611 1546 2653 J0.
1570 2615 1608 2661 5,
1632 2615 1699 2659 20,
1735 2623 1819 2664 qua
1841 2624 1967 2651 mun-

233 2677 310 2718 dus
333 2680 519 2730 aperitur
541 2681 789 2732 incognitus.
822 2684 921 2723 novi
952 2684 1195 2735 panduntur
1217 2683 1402 2732 ordines,
1435 2683 1587 2723 altiora
1613 2682 1753 2733 bona;
1787 2694 1871 2735 qua
1902 2694 1966 2732 ea,

233 2761 341 2802 quae
365 2750 510 2791 oculus
526 2751 763 2808 (naturalis)
788 2766 873 2794 non
895 2754 1007 2804 vidit,
1030 2766 1108 2796 nec
1132 2756 1248 2796 auris
1272 2754 1444 2803 audivit,
1468 2758 1511 2794 et
1533 2764 1642 2806 quae
1665 2755 1708 2794 in
1731 2765 1805 2794 cor
1826 2753 1966 2794 homi-

233 2945 422 2988 proposita
440 2945 748 2989 promulgataque
766 2946 823 2978 vel
841 2944 885 2979 de
902 2947 1155 2990 propositione
1174 2948 1363 2982 doctrinae
1393 2947 1585 2986 revelatae,
1609 2948 1791 2991 quatenus
1815 2956 1858 2979 ea
1881 2945 1967 2979 diri-

231 2997 332 3041 gitur
362 2997 523 3032 fidelium
554 3008 720 3032 assensus
746 2997 929 3045 internus.
965 2999 1082 3040 Quare
1114 3002 1204 3034 haec
1234 3000 1441 3045 disputatio
1478 3000 1743 3033 accuratiorem
1779 2998 1968 3033 exhibebit,

232 3051 434 3095 magisterii
453 3050 689 3085 ecclesiastici
704 3053 815 3095 atque
833 3052 944 3097 modi,
963 3063 1034 3096 quo
1053 3054 1150 3087 idem
1170 3055 1367 3095 exercetur,
1385 3054 1584 3087 notionem.

379 3105 402 3146 ¹)
422 3103 474 3139 Cf.
493 3103 740 3138 Scheeben
758 3105 780 3139 l.
801 3108 819 3139 1
840 3118 873 3139 n.
892 3106 980 3144 717;
1002 3106 1072 3140 KL.
1093 3111 1141 3148 δῖ’,
1163 3108 1251 3145 639;
1270 3107 1368 3140 infra
1387 3118 1423 3140 n.
1441 3108 1539 3143 495³.
