<?xml version="1.0" encoding="UTF-8"?>
<!DOCTYPE html PUBLIC "-//W3C//DTD XHTML 1.0 Transitional//EN"
    "http://www.w3.org/TR/xhtml1/DTD/xhtml1-transitional.dtd">
<html xmlns="http://www.w3.org/1999/xhtml" xml:lang="en" lang="en">
 <head>
  <title>
</title>
<meta http-equiv="Content-Type" content="text/html;charset=utf-8" />
  <meta name='ocr-system' content='tesseract 3.04.00' />
  <meta name='ocr-capabilities' content='ocr_page ocr_carea ocr_par ocr_line ocrx_word'/>
</head>
<body>
  <div class='ocr_page' id='page_1' title='image "./theologiaedogmat01hurt/theologiaedogmat01hurt_0473.png"; bbox 0 0 2175 3382; ppageno 0'>
   <div class='ocr_carea' id='block_1_1' title="bbox 750 127 1861 176">
    <p class='ocr_par' dir='ltr' id='par_1_1' title="bbox 750 127 1861 176">
     <span class='ocr_line' id='line_1_1' title="bbox 750 127 1861 176; baseline 0 -15"><span class='ocrx_word' id='word_1_1' title='bbox 750 127 1022 172; x_wconf 83' lang='lat' dir='ltr'>Disputationis</span> <span class='ocrx_word' id='word_1_2' title='bbox 1042 127 1237 161; x_wconf 81' lang='lat' dir='ltr'>conclusio.</span> <span class='ocrx_word' id='word_1_3' title='bbox 1775 133 1861 176; x_wconf 78' lang='lat'>463</span> 
     </span>
    </p>
   </div>
   <div class='ocr_carea' id='block_1_2' title="bbox 121 249 1867 1065">
    <p class='ocr_par' dir='ltr' id='par_1_2' title="bbox 121 249 1867 1065">
     <span class='ocr_line' id='line_1_2' title="bbox 121 249 1863 300; baseline 0.001 -12"><span class='ocrx_word' id='word_1_4' title='bbox 121 251 200 289; x_wconf 89' lang='lat' dir='ltr'>siae</span> <span class='ocrx_word' id='word_1_5' title='bbox 221 250 397 300; x_wconf 86' lang='lat' dir='ltr'>regimen</span> <span class='ocrx_word' id='word_1_6' title='bbox 419 250 731 298; x_wconf 75' lang='lat' dir='ltr'>christianaeque</span> <span class='ocrx_word' id='word_1_7' title='bbox 760 249 999 297; x_wconf 86' lang='lat' dir='ltr'>reipublicae</span> <span class='ocrx_word' id='word_1_8' title='bbox 1020 250 1165 286; x_wconf 83' lang='lat' dir='ltr'>rectam</span> <span class='ocrx_word' id='word_1_9' title='bbox 1188 249 1473 287; x_wconf 72' lang='lat' dir='ltr'>ordinationem</span> <span class='ocrx_word' id='word_1_10' title='bbox 1496 251 1697 288; x_wconf 88' lang='lat' dir='ltr'>conducat.</span> <span class='ocrx_word' id='word_1_11' title='bbox 1740 252 1863 300; x_wconf 85' lang='lat' dir='ltr'><strong>Atqui</strong></span> 
     </span>
     <span class='ocr_line' id='line_1_3' title="bbox 123 307 1862 356; baseline 0.001 -10"><span class='ocrx_word' id='word_1_12' title='bbox 123 310 224 347; x_wconf 89' lang='lat' dir='ltr'>utile</span> <span class='ocrx_word' id='word_1_13' title='bbox 256 310 394 347; x_wconf 89' lang='lat' dir='ltr'>saltem</span> <span class='ocrx_word' id='word_1_14' title='bbox 426 311 464 345; x_wconf 89' lang='lat' dir='ltr'>et</span> <span class='ocrx_word' id='word_1_15' title='bbox 495 309 660 346; x_wconf 82' lang='lat' dir='ltr'>maxime</span> <span class='ocrx_word' id='word_1_16' title='bbox 692 308 792 346; x_wconf 88' lang='lat' dir='ltr'>utile</span> <span class='ocrx_word' id='word_1_17' title='bbox 815 307 1010 346; x_wconf 81' lang='lat' dir='ltr'>Ecclesiae</span> <span class='ocrx_word' id='word_1_18' title='bbox 1044 309 1114 351; x_wconf 86' lang='lat' dir='ltr'>est,</span> <span class='ocrx_word' id='word_1_19' title='bbox 1147 309 1193 344; x_wconf 89' lang='lat' dir='ltr'>ut</span> <span class='ocrx_word' id='word_1_20' title='bbox 1214 320 1292 344; x_wconf 88' lang='lat' dir='ltr'>non</span> <span class='ocrx_word' id='word_1_21' title='bbox 1315 311 1538 346; x_wconf 76' lang='lat' dir='ltr'>exerceatur</span> <span class='ocrx_word' id='word_1_22' title='bbox 1560 309 1697 356; x_wconf 76' lang='lat' dir='ltr'>legalis</span> <span class='ocrx_word' id='word_1_23' title='bbox 1720 311 1778 347; x_wconf 87' lang='lat' dir='ltr'>vis</span> <span class='ocrx_word' id='word_1_24' title='bbox 1800 322 1862 348; x_wconf 93' lang='lat' dir='ltr'>co-</span> 
     </span>
     <span class='ocr_line' id='line_1_4' title="bbox 122 366 1864 417; baseline 0 -11"><span class='ocrx_word' id='word_1_25' title='bbox 122 368 250 406; x_wconf 85' lang='lat' dir='ltr'>activa</span> <span class='ocrx_word' id='word_1_26' title='bbox 279 368 321 405; x_wconf 90' lang='lat' dir='ltr'>in</span> <span class='ocrx_word' id='word_1_27' title='bbox 352 380 557 405; x_wconf 89' lang='lat' dir='ltr'>romanum</span> <span class='ocrx_word' id='word_1_28' title='bbox 582 367 828 417; x_wconf 89' lang='lat' dir='ltr'>pontificem;</span> <span class='ocrx_word' id='word_1_29' title='bbox 861 366 1007 404; x_wconf 90' lang='lat' dir='ltr'>etenim</span> <span class='ocrx_word' id='word_1_30' title='bbox 1028 366 1163 415; x_wconf 86' lang='lat' dir='ltr'>negari</span> <span class='ocrx_word' id='word_1_31' title='bbox 1186 367 1334 414; x_wconf 81' lang='lat' dir='ltr'>nequit,</span> <span class='ocrx_word' id='word_1_32' title='bbox 1367 380 1448 405; x_wconf 89' lang='lat' dir='ltr'>esse</span> <span class='ocrx_word' id='word_1_33' title='bbox 1472 368 1607 405; x_wconf 85' lang='lat' dir='ltr'>saltem</span> <span class='ocrx_word' id='word_1_34' title='bbox 1631 379 1672 408; x_wconf 80' lang='lat' dir='ltr'>a.</span> <span class='ocrx_word' id='word_1_35' title='bbox 1698 369 1864 406; x_wconf 81' lang='lat' dir='ltr'>maxime</span> 
     </span>
     <span class='ocr_line' id='line_1_5' title="bbox 126 425 1862 473; baseline 0.001 -9"><span class='ocrx_word' id='word_1_36' title='bbox 126 427 322 472; x_wconf 87' lang='lat' dir='ltr'>indecens,</span> <span class='ocrx_word' id='word_1_37' title='bbox 346 429 392 464; x_wconf 85' lang='lat' dir='ltr'>ut</span> <span class='ocrx_word' id='word_1_38' title='bbox 406 426 573 464; x_wconf 86' lang='lat' dir='ltr'>vicarius</span> <span class='ocrx_word' id='word_1_39' title='bbox 598 426 740 464; x_wconf 75' lang='lat' dir='ltr'>Christi</span> <span class='ocrx_word' id='word_1_40' title='bbox 762 427 967 473; x_wconf 88' lang='lat' dir='ltr'>totiusque</span> <span class='ocrx_word' id='word_1_41' title='bbox 990 425 1094 462; x_wconf 84' lang='lat' dir='ltr'>orbis</span> <span class='ocrx_word' id='word_1_42' title='bbox 1118 426 1296 462; x_wconf 80' lang='lat' dir='ltr'>catholici</span> <span class='ocrx_word' id='word_1_43' title='bbox 1321 428 1432 473; x_wconf 90' lang='lat' dir='ltr'>pater</span> <span class='ocrx_word' id='word_1_44' title='bbox 1455 427 1495 463; x_wconf 87' lang='lat' dir='ltr'>in</span> <span class='ocrx_word' id='word_1_45' title='bbox 1518 439 1707 464; x_wconf 83' lang='lat' dir='ltr'>carcerem</span> <span class='ocrx_word' id='word_1_46' title='bbox 1729 430 1862 465; x_wconf 88' lang='lat' dir='ltr'>aucto-</span> 
     </span>
     <span class='ocr_line' id='line_1_6' title="bbox 125 481 1863 534; baseline 0.001 -11"><span class='ocrx_word' id='word_1_47' title='bbox 125 486 245 523; x_wconf 90' lang='lat' dir='ltr'>ritate</span> <span class='ocrx_word' id='word_1_48' title='bbox 263 486 366 534; x_wconf 87' lang='lat' dir='ltr'>juris</span> <span class='ocrx_word' id='word_1_49' title='bbox 389 485 575 522; x_wconf 83' lang='lat' dir='ltr'>trudatur</span> <span class='ocrx_word' id='word_1_50' title='bbox 597 485 813 533; x_wconf 88' lang='lat' dir='ltr'>ceterisque</span> <span class='ocrx_word' id='word_1_51' title='bbox 834 484 969 533; x_wconf 90' lang='lat' dir='ltr'>poenis</span> <span class='ocrx_word' id='word_1_52' title='bbox 990 484 1206 528; x_wconf 88' lang='lat' dir='ltr'>multetur;</span> <span class='ocrx_word' id='word_1_53' title='bbox 1234 481 1281 524; x_wconf 83' lang='lat' dir='ltr'>b.</span> <span class='ocrx_word' id='word_1_54' title='bbox 1307 484 1347 520; x_wconf 88' lang='lat' dir='ltr'>id</span> <span class='ocrx_word' id='word_1_55' title='bbox 1368 485 1533 522; x_wconf 83' lang='lat' dir='ltr'>maxime</span> <span class='ocrx_word' id='word_1_56' title='bbox 1555 485 1706 523; x_wconf 88' lang='lat' dir='ltr'>officere</span> <span class='ocrx_word' id='word_1_57' title='bbox 1729 488 1863 524; x_wconf 73' lang='lat' dir='ltr'>existi-</span> 
     </span>
     <span class='ocr_line' id='line_1_7' title="bbox 125 543 1863 592; baseline 0.001 -10"><span class='ocrx_word' id='word_1_58' title='bbox 125 545 300 590; x_wconf 81' lang='lat' dir='ltr'>mationi,</span> <span class='ocrx_word' id='word_1_59' title='bbox 331 557 408 592; x_wconf 92' lang='lat' dir='ltr'>qua</span> <span class='ocrx_word' id='word_1_60' title='bbox 431 544 576 581; x_wconf 87' lang='lat' dir='ltr'>Christi</span> <span class='ocrx_word' id='word_1_61' title='bbox 596 545 766 581; x_wconf 88' lang='lat' dir='ltr'>vicarius</span> <span class='ocrx_word' id='word_1_62' title='bbox 788 556 907 592; x_wconf 82' lang='lat' dir='ltr'>penes</span> <span class='ocrx_word' id='word_1_63' title='bbox 931 555 1064 581; x_wconf 89' lang='lat' dir='ltr'>omnes</span> <span class='ocrx_word' id='word_1_64' title='bbox 1087 543 1258 592; x_wconf 83' lang='lat' dir='ltr'>gaudere</span> <span class='ocrx_word' id='word_1_65' title='bbox 1280 543 1416 587; x_wconf 87' lang='lat' dir='ltr'>dcbet;</span> <span class='ocrx_word' id='word_1_66' title='bbox 1450 546 1487 580; x_wconf 89' lang='lat' dir='ltr'>et</span> <span class='ocrx_word' id='word_1_67' title='bbox 1510 544 1652 582; x_wconf 87' lang='lat' dir='ltr'>idcirco</span> <span class='ocrx_word' id='word_1_68' title='bbox 1676 555 1712 585; x_wconf 76' lang='lat' dir='ltr'>e.</span> <span class='ocrx_word' id='word_1_69' title='bbox 1736 546 1775 582; x_wconf 89' lang='lat' dir='ltr'>id</span> <span class='ocrx_word' id='word_1_70' title='bbox 1799 559 1863 583; x_wconf 92' lang='lat' dir='ltr'>ve-</span> 
     </span>
     <span class='ocr_line' id='line_1_8' title="bbox 124 602 1863 652; baseline 0 -11"><span class='ocrx_word' id='word_1_71' title='bbox 124 604 326 641; x_wconf 83' lang='lat' dir='ltr'>hementer</span> <span class='ocrx_word' id='word_1_72' title='bbox 355 615 493 640; x_wconf 88' lang='lat' dir='ltr'>nocere</span> <span class='ocrx_word' id='word_1_73' title='bbox 523 605 627 640; x_wconf 89' lang='lat' dir='ltr'>recto</span> <span class='ocrx_word' id='word_1_74' title='bbox 660 615 702 640; x_wconf 90' lang='lat' dir='ltr'>ac</span> <span class='ocrx_word' id='word_1_75' title='bbox 734 602 951 651; x_wconf 87' lang='lat' dir='ltr'>tranquillo</span> <span class='ocrx_word' id='word_1_76' title='bbox 975 602 1156 652; x_wconf 83' lang='lat' dir='ltr'>regimini</span> <span class='ocrx_word' id='word_1_77' title='bbox 1177 602 1391 647; x_wconf 83' lang='lat' dir='ltr'>Ecclesiae3</span> <span class='ocrx_word' id='word_1_78' title='bbox 1424 606 1663 652; x_wconf 88' lang='lat' dir='ltr'>quapropter</span> <span class='ocrx_word' id='word_1_79' title='bbox 1684 604 1776 641; x_wconf 87' lang='lat' dir='ltr'>licet</span> <span class='ocrx_word' id='word_1_80' title='bbox 1795 617 1863 642; x_wconf 84' lang='lat' dir='ltr'>na-</span> 
     </span>
     <span class='ocr_line' id='line_1_9' title="bbox 124 661 1864 711; baseline 0 -11"><span class='ocrx_word' id='word_1_81' title='bbox 124 665 239 700; x_wconf 88' lang='lat' dir='ltr'>turae</span> <span class='ocrx_word' id='word_1_82' title='bbox 268 662 346 710; x_wconf 88' lang='lat' dir='ltr'>jus,</span> <span class='ocrx_word' id='word_1_83' title='bbox 381 662 585 710; x_wconf 86' lang='lat' dir='ltr'>supposita</span> <span class='ocrx_word' id='word_1_84' title='bbox 614 661 868 699; x_wconf 88' lang='lat' dir='ltr'>institutione</span> <span class='ocrx_word' id='word_1_85' title='bbox 900 662 1105 710; x_wconf 76' lang='lat' dir='ltr'>primatus,</span> <span class='ocrx_word' id='word_1_86' title='bbox 1140 661 1180 698; x_wconf 88' lang='lat' dir='ltr'>id</span> <span class='ocrx_word' id='word_1_87' title='bbox 1212 661 1391 698; x_wconf 91' lang='lat' dir='ltr'>absolute</span> <span class='ocrx_word' id='word_1_88' title='bbox 1422 674 1500 698; x_wconf 90' lang='lat' dir='ltr'>non</span> <span class='ocrx_word' id='word_1_89' title='bbox 1527 663 1633 699; x_wconf 88' lang='lat' dir='ltr'>vetet</span> <span class='ocrx_word' id='word_1_90' title='bbox 1663 663 1864 711; x_wconf 88' lang='lat' dir='ltr'>primitivo</span> 
     </span>
     <span class='ocr_line' id='line_1_10' title="bbox 125 720 1864 770; baseline 0.001 -12"><span class='ocrx_word' id='word_1_91' title='bbox 125 722 341 770; x_wconf 89' lang='lat' dir='ltr'>praecepto,</span> <span class='ocrx_word' id='word_1_92' title='bbox 370 723 410 758; x_wconf 88' lang='lat' dir='ltr'>at</span> <span class='ocrx_word' id='word_1_93' title='bbox 433 723 536 758; x_wconf 87' lang='lat' dir='ltr'>certe</span> <span class='ocrx_word' id='word_1_94' title='bbox 557 720 786 758; x_wconf 88' lang='lat' dir='ltr'>secundario</span> <span class='ocrx_word' id='word_1_95' title='bbox 807 722 1012 769; x_wconf 89' lang='lat' dir='ltr'>praecepto</span> <span class='ocrx_word' id='word_1_96' title='bbox 1036 720 1076 757; x_wconf 92' lang='lat' dir='ltr'>id</span> <span class='ocrx_word' id='word_1_97' title='bbox 1098 722 1144 756; x_wconf 90' lang='lat' dir='ltr'>ut</span> <span class='ocrx_word' id='word_1_98' title='bbox 1165 720 1340 769; x_wconf 86' lang='lat' dir='ltr'>graviter</span> <span class='ocrx_word' id='word_1_99' title='bbox 1362 721 1638 758; x_wconf 87' lang='lat' dir='ltr'>inconveniens</span> <span class='ocrx_word' id='word_1_100' title='bbox 1662 734 1755 767; x_wconf 90' lang='lat' dir='ltr'>esse,</span> <span class='ocrx_word' id='word_1_101' title='bbox 1779 734 1864 770; x_wconf 87' lang='lat' dir='ltr'>per-</span> 
     </span>
     <span class='ocr_line' id='line_1_11' title="bbox 127 778 1865 829; baseline 0.001 -12"><span class='ocrx_word' id='word_1_102' title='bbox 127 780 277 820; x_wconf 79' lang='lat' dir='ltr'>suadet.</span> <span class='ocrx_word' id='word_1_103' title='bbox 319 780 421 829; x_wconf 87' lang='lat' dir='ltr'>Ergo</span> <span class='ocrx_word' id='word_1_104' title='bbox 439 780 505 828; x_wconf 86' lang='lat' dir='ltr'>jus</span> <span class='ocrx_word' id='word_1_105' title='bbox 526 780 644 817; x_wconf 90' lang='lat' dir='ltr'>habet</span> <span class='ocrx_word' id='word_1_106' title='bbox 665 780 841 828; x_wconf 77' lang='lat' dir='ltr'>pontifex</span> <span class='ocrx_word' id='word_1_107' title='bbox 862 780 899 816; x_wconf 88' lang='lat' dir='ltr'>vi</span> <span class='ocrx_word' id='word_1_108' title='bbox 923 779 1172 817; x_wconf 81' lang='lat' dir='ltr'>auctoritatis</span> <span class='ocrx_word' id='word_1_109' title='bbox 1195 778 1423 827; x_wconf 82' lang='lat' dir='ltr'>superioris,</span> <span class='ocrx_word' id='word_1_110' title='bbox 1451 792 1551 827; x_wconf 90' lang='lat' dir='ltr'>quae</span> <span class='ocrx_word' id='word_1_111' title='bbox 1574 782 1632 817; x_wconf 86' lang='lat' dir='ltr'>est</span> <span class='ocrx_word' id='word_1_112' title='bbox 1654 782 1865 818; x_wconf 81' lang='lat' dir='ltr'>auctoritas</span> 
     </span>
     <span class='ocr_line' id='line_1_12' title="bbox 126 837 1865 888; baseline 0 -12"><span class='ocrx_word' id='word_1_113' title='bbox 126 839 332 888; x_wconf 81' lang='lat' dir='ltr'>primatus,</span> <span class='ocrx_word' id='word_1_114' title='bbox 356 838 596 887; x_wconf 78' lang='lat' dir='ltr'>impediendi</span> <span class='ocrx_word' id='word_1_115' title='bbox 618 851 892 887; x_wconf 86' lang='lat' dir='ltr'>quamcunque</span> <span class='ocrx_word' id='word_1_116' title='bbox 916 839 995 876; x_wconf 89' lang='lat' dir='ltr'>vim</span> <span class='ocrx_word' id='word_1_117' title='bbox 1017 839 1180 888; x_wconf 82' lang='lat' dir='ltr'>legalem</span> <span class='ocrx_word' id='word_1_118' title='bbox 1205 837 1416 876; x_wconf 86' lang='lat' dir='ltr'>coactivam</span> <span class='ocrx_word' id='word_1_119' title='bbox 1438 850 1531 887; x_wconf 85' lang='lat' dir='ltr'>erga</span> <span class='ocrx_word' id='word_1_120' title='bbox 1553 850 1593 876; x_wconf 91' lang='lat' dir='ltr'>se</span> <span class='ocrx_word' id='word_1_121' title='bbox 1614 839 1755 887; x_wconf 88' lang='lat' dir='ltr'>ipsum,</span> <span class='ocrx_word' id='word_1_122' title='bbox 1789 840 1865 877; x_wconf 83' lang='lat' dir='ltr'>sol-</span> 
     </span>
     <span class='ocr_line' id='line_1_13' title="bbox 127 897 1867 947; baseline 0 -11"><span class='ocrx_word' id='word_1_123' title='bbox 127 897 324 946; x_wconf 88' lang='lat' dir='ltr'>vendique</span> <span class='ocrx_word' id='word_1_124' title='bbox 356 910 641 946; x_wconf 86' lang='lat' dir='ltr'>quamcumque</span> <span class='ocrx_word' id='word_1_125' title='bbox 673 898 800 947; x_wconf 86' lang='lat' dir='ltr'>legem</span> <span class='ocrx_word' id='word_1_126' title='bbox 832 900 967 935; x_wconf 87' lang='lat' dir='ltr'>contra</span> <span class='ocrx_word' id='word_1_127' title='bbox 999 909 1039 935; x_wconf 91' lang='lat' dir='ltr'>se</span> <span class='ocrx_word' id='word_1_128' title='bbox 1076 897 1205 946; x_wconf 89' lang='lat' dir='ltr'>ipsum</span> <span class='ocrx_word' id='word_1_129' title='bbox 1229 897 1276 934; x_wconf 89' lang='lat' dir='ltr'>ab</span> <span class='ocrx_word' id='word_1_130' title='bbox 1299 897 1374 934; x_wconf 85' lang='lat' dir='ltr'>alio</span> <span class='ocrx_word' id='word_1_131' title='bbox 1397 897 1527 935; x_wconf 88' lang='lat' dir='ltr'>latam.</span> <span class='ocrx_word' id='word_1_132' title='bbox 1569 897 1673 947; x_wconf 85' lang='lat' dir='ltr'>Ergo</span> <span class='ocrx_word' id='word_1_133' title='bbox 1697 900 1867 947; x_wconf 88' lang='lat' dir='ltr'>potestas</span> 
     </span>
     <span class='ocr_line' id='line_1_14' title="bbox 126 955 1866 1006; baseline 0 -12"><span class='ocrx_word' id='word_1_134' title='bbox 126 969 309 1006; x_wconf 86' lang='lat' dir='ltr'>suprema</span> <span class='ocrx_word' id='word_1_135' title='bbox 339 956 561 1005; x_wconf 88' lang='lat' dir='ltr'>principum</span> <span class='ocrx_word' id='word_1_136' title='bbox 592 970 685 1006; x_wconf 85' lang='lat' dir='ltr'>erga</span> <span class='ocrx_word' id='word_1_137' title='bbox 706 957 836 1006; x_wconf 90' lang='lat' dir='ltr'>ipsum</span> <span class='ocrx_word' id='word_1_138' title='bbox 858 968 1062 994; x_wconf 89' lang='lat' dir='ltr'>romanum</span> <span class='ocrx_word' id='word_1_139' title='bbox 1084 955 1306 1005; x_wconf 87' lang='lat' dir='ltr'>pontificem</span> <span class='ocrx_word' id='word_1_140' title='bbox 1329 956 1468 1004; x_wconf 88' lang='lat' dir='ltr'>nequit</span> <span class='ocrx_word' id='word_1_141' title='bbox 1489 968 1569 994; x_wconf 90' lang='lat' dir='ltr'>esse</span> <span class='ocrx_word' id='word_1_142' title='bbox 1591 957 1763 994; x_wconf 87' lang='lat' dir='ltr'>coactiva</span> <span class='ocrx_word' id='word_1_143' title='bbox 1785 958 1818 994; x_wconf 89' lang='lat' dir='ltr'>h.</span> <span class='ocrx_word' id='word_1_144' title='bbox 1835 970 1866 994; x_wconf 85' lang='lat' dir='ltr'>e.</span> 
     </span>
     <span class='ocr_line' id='line_1_15' title="bbox 128 1016 692 1065; baseline 0.002 -12"><span class='ocrx_word' id='word_1_145' title='bbox 128 1016 285 1065; x_wconf 87' lang='lat' dir='ltr'>proprie</span> <span class='ocrx_word' id='word_1_146' title='bbox 308 1016 412 1053; x_wconf 86' lang='lat' dir='ltr'>dicta</span> <span class='ocrx_word' id='word_1_147' title='bbox 428 1016 664 1064; x_wconf 80' lang='lat' dir='ltr'>jurisdictio,</span> <span class='ocrx_word' id='word_1_148' title='bbox 675 1021 692 1039; x_wconf 84' lang='lat'>«</span> 
     </span>
    </p>
   </div>
   <div class='ocr_carea' id='block_1_3' title="bbox 126 1109 1869 2396">
    <p class='ocr_par' dir='ltr' id='par_1_3' title="bbox 126 1109 1869 2396">
     <span class='ocr_line' id='line_1_16' title="bbox 245 1109 1866 1158; baseline 0.002 -12"><span class='ocrx_word' id='word_1_149' title='bbox 245 1109 354 1146; x_wconf 88' lang='lat' dir='ltr'>Unde</span> <span class='ocrx_word' id='word_1_150' title='bbox 376 1110 497 1146; x_wconf 89' lang='lat' dir='ltr'>infert</span> <span class='ocrx_word' id='word_1_151' title='bbox 513 1110 528 1158; x_wconf 85' lang='lat' dir='ltr'>j</span> <span class='ocrx_word' id='word_1_152' title='bbox 542 1122 597 1147; x_wconf 91' lang='lat' dir='ltr'>us</span> <span class='ocrx_word' id='word_1_153' title='bbox 618 1109 882 1147; x_wconf 88' lang='lat' dir='ltr'>immunitatis</span> <span class='ocrx_word' id='word_1_154' title='bbox 903 1122 924 1145; x_wconf 90' lang='lat' dir='ltr'>a</span> <span class='ocrx_word' id='word_1_155' title='bbox 943 1109 1042 1146; x_wconf 88' lang='lat' dir='ltr'>laica</span> <span class='ocrx_word' id='word_1_156' title='bbox 1058 1110 1334 1158; x_wconf 84' lang='lat' dir='ltr'>jurisdictione</span> <span class='ocrx_word' id='word_1_157' title='bbox 1348 1122 1432 1147; x_wconf 91' lang='lat' dir='ltr'>esse</span> <span class='ocrx_word' id='word_1_158' title='bbox 1446 1111 1634 1158; x_wconf 87' lang='lat' dir='ltr'>primatui</span> <span class='ocrx_word' id='word_1_159' title='bbox 1649 1112 1866 1151; x_wconf 87' lang='lat' dir='ltr'>essentiale.</span> 
     </span>
     <span class='ocr_line' id='line_1_17' title="bbox 128 1168 1865 1217; baseline 0.002 -12"><span class='ocrx_word' id='word_1_160' title='bbox 128 1168 312 1206; x_wconf 87' lang='lat' dir='ltr'>Concedit</span> <span class='ocrx_word' id='word_1_161' title='bbox 332 1170 463 1205; x_wconf 88' lang='lat' dir='ltr'>tamen</span> <span class='ocrx_word' id='word_1_162' title='bbox 496 1169 807 1206; x_wconf 78' lang='lat' dir='ltr'>exercitium</span> <span class='ocrx_word' id='word_1_163' title='bbox 838 1168 956 1217; x_wconf 84' lang='lat' dir='ltr'>hujus</span> <span class='ocrx_word' id='word_1_164' title='bbox 972 1169 1075 1216; x_wconf 80' lang='lat' dir='ltr'>juris</span> <span class='ocrx_word' id='word_1_165' title='bbox 1106 1181 1183 1206; x_wconf 89' lang='lat' dir='ltr'>non</span> <span class='ocrx_word' id='word_1_166' title='bbox 1209 1181 1293 1206; x_wconf 87' lang='lat' dir='ltr'>esse</span> <span class='ocrx_word' id='word_1_167' title='bbox 1315 1169 1491 1206; x_wconf 88' lang='lat' dir='ltr'>absolute</span> <span class='ocrx_word' id='word_1_168' title='bbox 1514 1171 1773 1207; x_wconf 89' lang='lat' dir='ltr'>necessarium</span> <span class='ocrx_word' id='word_1_169' title='bbox 1794 1171 1865 1208; x_wconf 90' lang='lat' dir='ltr'>Ec-</span> 
     </span>
     <span class='ocr_line' id='line_1_18' title="bbox 126 1227 1866 1279; baseline 0.001 -14"><span class='ocrx_word' id='word_1_170' title='bbox 126 1228 277 1273; x_wconf 88' lang='lat' dir='ltr'>clesiae,</span> <span class='ocrx_word' id='word_1_171' title='bbox 309 1231 356 1264; x_wconf 90' lang='lat' dir='ltr'>ut</span> <span class='ocrx_word' id='word_1_172' title='bbox 378 1240 421 1264; x_wconf 91' lang='lat' dir='ltr'>ea</span> <span class='ocrx_word' id='word_1_173' title='bbox 444 1229 506 1270; x_wconf 90' lang='lat' dir='ltr'>sit,</span> <span class='ocrx_word' id='word_1_174' title='bbox 539 1231 585 1265; x_wconf 88' lang='lat' dir='ltr'>ut</span> <span class='ocrx_word' id='word_1_175' title='bbox 612 1230 722 1276; x_wconf 85' lang='lat' dir='ltr'>patet</span> <span class='ocrx_word' id='word_1_176' title='bbox 743 1241 785 1265; x_wconf 85' lang='lat' dir='ltr'>ex</span> <span class='ocrx_word' id='word_1_177' title='bbox 809 1227 922 1265; x_wconf 84' lang='lat' dir='ltr'>factO.</span> <span class='ocrx_word' id='word_1_178' title='bbox 965 1228 1136 1272; x_wconf 73' lang='lat' dir='ltr'>&gt;,Primis</span> <span class='ocrx_word' id='word_1_179' title='bbox 1168 1228 1274 1265; x_wconf 89' lang='lat' dir='ltr'>enim</span> <span class='ocrx_word' id='word_1_180' title='bbox 1295 1228 1488 1266; x_wconf 82' lang='lat' dir='ltr'>Ecclesiae</span> <span class='ocrx_word' id='word_1_181' title='bbox 1511 1229 1650 1266; x_wconf 90' lang='lat' dir='ltr'>seculis</span> <span class='ocrx_word' id='word_1_182' title='bbox 1671 1242 1748 1267; x_wconf 88' lang='lat' dir='ltr'>non</span> <span class='ocrx_word' id='word_1_183' title='bbox 1770 1243 1866 1279; x_wconf 84' lang='lat' dir='ltr'>gau-</span> 
     </span>
     <span class='ocr_line' id='line_1_19' title="bbox 128 1287 1867 1335; baseline 0.001 -11"><span class='ocrx_word' id='word_1_184' title='bbox 128 1287 245 1324; x_wconf 86' lang='lat' dir='ltr'>debat</span> <span class='ocrx_word' id='word_1_185' title='bbox 275 1287 458 1324; x_wconf 87' lang='lat' dir='ltr'>exercitio</span> <span class='ocrx_word' id='word_1_186' title='bbox 490 1287 609 1335; x_wconf 82' lang='lat' dir='ltr'>hujus</span> <span class='ocrx_word' id='word_1_187' title='bbox 638 1287 738 1335; x_wconf 88' lang='lat' dir='ltr'>juris</span> <span class='ocrx_word' id='word_1_188' title='bbox 768 1299 952 1324; x_wconf 86' lang='lat' dir='ltr'>romanus</span> <span class='ocrx_word' id='word_1_189' title='bbox 985 1287 1170 1335; x_wconf 81' lang='lat' dir='ltr'>pontifex,</span> <span class='ocrx_word' id='word_1_190' title='bbox 1205 1289 1243 1324; x_wconf 88' lang='lat' dir='ltr'>et</span> <span class='ocrx_word' id='word_1_191' title='bbox 1270 1290 1401 1324; x_wconf 86' lang='lat' dir='ltr'>tamen</span> <span class='ocrx_word' id='word_1_192' title='bbox 1424 1287 1595 1325; x_wconf 88' lang='lat' dir='ltr'>Ecclesia</span> <span class='ocrx_word' id='word_1_193' title='bbox 1617 1289 1756 1329; x_wconf 78' lang='lat' dir='ltr'>stabat,</span> <span class='ocrx_word' id='word_1_194' title='bbox 1798 1289 1867 1326; x_wconf 88' lang='lat' dir='ltr'>Est</span> 
     </span>
     <span class='ocr_line' id='line_1_20' title="bbox 126 1345 1866 1395; baseline 0.002 -13"><span class='ocrx_word' id='word_1_195' title='bbox 126 1349 269 1389; x_wconf 85' lang='lat' dir='ltr'>tamen,</span> <span class='ocrx_word' id='word_1_196' title='bbox 298 1346 553 1394; x_wconf 85' lang='lat' dir='ltr'>prosequitur</span> <span class='ocrx_word' id='word_1_197' title='bbox 574 1347 670 1394; x_wconf 85' lang='lat' dir='ltr'>ipse,</span> <span class='ocrx_word' id='word_1_198' title='bbox 703 1345 835 1394; x_wconf 88' lang='lat' dir='ltr'>aliqua</span> <span class='ocrx_word' id='word_1_199' title='bbox 861 1346 1070 1383; x_wconf 87' lang='lat' dir='ltr'>necessitas</span> <span class='ocrx_word' id='word_1_200' title='bbox 1093 1346 1271 1384; x_wconf 82' lang='lat' dir='ltr'>exercitii</span> <span class='ocrx_word' id='word_1_201' title='bbox 1294 1347 1477 1395; x_wconf 87' lang='lat' dir='ltr'>ejusdem.</span> <span class='ocrx_word' id='word_1_202' title='bbox 1520 1347 1714 1384; x_wconf 75' lang='lat' dir='ltr'>Nimirum</span> <span class='ocrx_word' id='word_1_203' title='bbox 1736 1348 1866 1385; x_wconf 91' lang='lat' dir='ltr'>Eccle-</span> 
     </span>
     <span class='ocr_line' id='line_1_21' title="bbox 127 1404 1867 1456; baseline 0.002 -15"><span class='ocrx_word' id='word_1_204' title='bbox 127 1405 184 1442; x_wconf 88' lang='lat' dir='ltr'>sia</span> <span class='ocrx_word' id='word_1_205' title='bbox 215 1417 292 1442; x_wconf 90' lang='lat' dir='ltr'>non</span> <span class='ocrx_word' id='word_1_206' title='bbox 323 1407 481 1442; x_wconf 82' lang='lat' dir='ltr'>tantum</span> <span class='ocrx_word' id='word_1_207' title='bbox 507 1405 574 1453; x_wconf 83' lang='lat' dir='ltr'>jus</span> <span class='ocrx_word' id='word_1_208' title='bbox 606 1405 723 1442; x_wconf 87' lang='lat' dir='ltr'>habet</span> <span class='ocrx_word' id='word_1_209' title='bbox 753 1406 799 1442; x_wconf 90' lang='lat' dir='ltr'>ut</span> <span class='ocrx_word' id='word_1_210' title='bbox 829 1404 892 1450; x_wconf 87' lang='lat' dir='ltr'>sit,</span> <span class='ocrx_word' id='word_1_211' title='bbox 926 1405 992 1442; x_wconf 89' lang='lat' dir='ltr'>sed</span> <span class='ocrx_word' id='word_1_212' title='bbox 1014 1405 1127 1442; x_wconf 87' lang='lat' dir='ltr'>etiam</span> <span class='ocrx_word' id='word_1_213' title='bbox 1148 1407 1195 1442; x_wconf 90' lang='lat' dir='ltr'>ut</span> <span class='ocrx_word' id='word_1_214' title='bbox 1223 1406 1350 1443; x_wconf 88' lang='lat' dir='ltr'>bene</span> <span class='ocrx_word' id='word_1_215' title='bbox 1374 1406 1437 1451; x_wconf 91' lang='lat' dir='ltr'>sit,</span> <span class='ocrx_word' id='word_1_216' title='bbox 1469 1408 1516 1443; x_wconf 88' lang='lat' dir='ltr'>ut</span> <span class='ocrx_word' id='word_1_217' title='bbox 1537 1419 1674 1455; x_wconf 89' lang='lat' dir='ltr'>nempe</span> <span class='ocrx_word' id='word_1_218' title='bbox 1697 1407 1867 1456; x_wconf 88' lang='lat' dir='ltr'>perfecto</span> 
     </span>
     <span class='ocr_line' id='line_1_22' title="bbox 128 1463 1868 1514; baseline 0.002 -14"><span class='ocrx_word' id='word_1_219' title='bbox 128 1463 243 1501; x_wconf 91' lang='lat' dir='ltr'>modo</span> <span class='ocrx_word' id='word_1_220' title='bbox 275 1464 523 1501; x_wconf 86' lang='lat' dir='ltr'>convenienti</span> <span class='ocrx_word' id='word_1_221' title='bbox 554 1476 644 1501; x_wconf 90' lang='lat' dir='ltr'>suae</span> <span class='ocrx_word' id='word_1_222' title='bbox 675 1466 838 1501; x_wconf 87' lang='lat' dir='ltr'>naturae</span> <span class='ocrx_word' id='word_1_223' title='bbox 871 1464 1034 1501; x_wconf 78' lang='lat' dir='ltr'>exsistat</span> <span class='ocrx_word' id='word_1_224' title='bbox 1061 1467 1101 1501; x_wconf 89' lang='lat' dir='ltr'>et</span> <span class='ocrx_word' id='word_1_225' title='bbox 1122 1466 1284 1514; x_wconf 86' lang='lat' dir='ltr'>regatur</span> <span class='ocrx_word' id='word_1_226' title='bbox 1306 1494 1314 1502; x_wconf 93' lang='lat'><strong>.</strong></span> <span class='ocrx_word' id='word_1_227' title='bbox 1338 1493 1345 1500; x_wconf 88' lang='lat'><strong>.</strong></span> <span class='ocrx_word' id='word_1_228' title='bbox 1370 1495 1376 1501; x_wconf 93' lang='lat'><em>.</em></span> <span class='ocrx_word' id='word_1_229' title='bbox 1409 1465 1498 1502; x_wconf 83' lang='lat' dir='ltr'>Jam</span> <span class='ocrx_word' id='word_1_230' title='bbox 1519 1478 1609 1502; x_wconf 85' lang='lat' dir='ltr'>vero</span> <span class='ocrx_word' id='word_1_231' title='bbox 1631 1468 1677 1503; x_wconf 91' lang='lat' dir='ltr'>ut</span> <span class='ocrx_word' id='word_1_232' title='bbox 1698 1466 1868 1503; x_wconf 88' lang='lat' dir='ltr'>Ecclesia</span> 
     </span>
     <span class='ocr_line' id='line_1_23' title="bbox 127 1522 1866 1574; baseline 0.002 -15"><span class='ocrx_word' id='word_1_233' title='bbox 127 1523 228 1560; x_wconf 89' lang='lat' dir='ltr'>bene</span> <span class='ocrx_word' id='word_1_234' title='bbox 250 1522 312 1568; x_wconf 85' lang='lat' dir='ltr'>sit,</span> <span class='ocrx_word' id='word_1_235' title='bbox 337 1523 496 1560; x_wconf 85' lang='lat' dir='ltr'>evidens</span> <span class='ocrx_word' id='word_1_236' title='bbox 519 1525 590 1566; x_wconf 85' lang='lat' dir='ltr'>est,</span> <span class='ocrx_word' id='word_1_237' title='bbox 624 1535 779 1560; x_wconf 88' lang='lat' dir='ltr'>necesse</span> <span class='ocrx_word' id='word_1_238' title='bbox 801 1535 896 1568; x_wconf 91' lang='lat' dir='ltr'>esse,</span> <span class='ocrx_word' id='word_1_239' title='bbox 919 1526 966 1560; x_wconf 91' lang='lat' dir='ltr'>ut</span> <span class='ocrx_word' id='word_1_240' title='bbox 988 1523 1119 1561; x_wconf 89' lang='lat' dir='ltr'>omnia</span> <span class='ocrx_word' id='word_1_241' title='bbox 1140 1525 1224 1572; x_wconf 80' lang='lat' dir='ltr'>ejus</span> <span class='ocrx_word' id='word_1_242' title='bbox 1242 1525 1344 1572; x_wconf 84' lang='lat' dir='ltr'>jura,</span> <span class='ocrx_word' id='word_1_243' title='bbox 1378 1524 1483 1561; x_wconf 86' lang='lat' dir='ltr'>inter</span> <span class='ocrx_word' id='word_1_244' title='bbox 1505 1537 1603 1572; x_wconf 88' lang='lat' dir='ltr'>quae</span> <span class='ocrx_word' id='word_1_245' title='bbox 1627 1527 1721 1562; x_wconf 91' lang='lat' dir='ltr'>sunt</span> <span class='ocrx_word' id='word_1_246' title='bbox 1741 1525 1866 1574; x_wconf 90' lang='lat' dir='ltr'>potis-</span> 
     </span>
     <span class='ocr_line' id='line_1_24' title="bbox 130 1582 1866 1632; baseline 0.002 -14"><span class='ocrx_word' id='word_1_247' title='bbox 130 1582 273 1619; x_wconf 79' lang='lat' dir='ltr'>simum</span> <span class='ocrx_word' id='word_1_248' title='bbox 297 1582 390 1630; x_wconf 80' lang='lat' dir='ltr'>jura</span> <span class='ocrx_word' id='word_1_249' title='bbox 420 1582 481 1619; x_wconf 90' lang='lat' dir='ltr'>sui</span> <span class='ocrx_word' id='word_1_250' title='bbox 503 1582 652 1630; x_wconf 87' lang='lat' dir='ltr'>capitis,</span> <span class='ocrx_word' id='word_1_251' title='bbox 686 1582 729 1619; x_wconf 85' lang='lat' dir='ltr'>in</span> <span class='ocrx_word' id='word_1_252' title='bbox 757 1586 885 1619; x_wconf 85' lang='lat' dir='ltr'>actum</span> <span class='ocrx_word' id='word_1_253' title='bbox 909 1582 1175 1620; x_wconf 86' lang='lat' dir='ltr'>deducantur:</span> <span class='ocrx_word' id='word_1_254' title='bbox 1209 1595 1288 1620; x_wconf 92' lang='lat' dir='ltr'>non</span> <span class='ocrx_word' id='word_1_255' title='bbox 1310 1583 1413 1620; x_wconf 89' lang='lat' dir='ltr'>enim</span> <span class='ocrx_word' id='word_1_256' title='bbox 1436 1584 1582 1620; x_wconf 79' lang='lat' dir='ltr'>frustra</span> <span class='ocrx_word' id='word_1_257' title='bbox 1603 1597 1646 1621; x_wconf 89' lang='lat' dir='ltr'>ea</span> <span class='ocrx_word' id='word_1_258' title='bbox 1662 1585 1755 1632; x_wconf 82' lang='lat' dir='ltr'>jura</span> <span class='ocrx_word' id='word_1_259' title='bbox 1777 1597 1866 1622; x_wconf 92' lang='lat' dir='ltr'>con-</span> 
     </span>
     <span class='ocr_line' id='line_1_25' title="bbox 128 1640 1868 1692; baseline 0.002 -15"><span class='ocrx_word' id='word_1_260' title='bbox 128 1640 225 1678; x_wconf 87' lang='lat' dir='ltr'>tulit</span> <span class='ocrx_word' id='word_1_261' title='bbox 245 1641 391 1677; x_wconf 63' lang='lat' dir='ltr'>Deus«</span> <span class='ocrx_word' id='word_1_262' title='bbox 435 1641 614 1678; x_wconf 87' lang='lat' dir='ltr'>Ostendit</span> <span class='ocrx_word' id='word_1_263' title='bbox 645 1641 784 1678; x_wconf 91' lang='lat' dir='ltr'>deinde</span> <span class='ocrx_word' id='word_1_264' title='bbox 814 1642 1022 1689; x_wconf 88' lang='lat' dir='ltr'>praeclare,</span> <span class='ocrx_word' id='word_1_265' title='bbox 1055 1643 1158 1690; x_wconf 84' lang='lat' dir='ltr'>quod</span> <span class='ocrx_word' id='word_1_266' title='bbox 1186 1640 1390 1690; x_wconf 78' lang='lat' dir='ltr'>explicatio</span> <span class='ocrx_word' id='word_1_267' title='bbox 1413 1642 1517 1679; x_wconf 90' lang='lat' dir='ltr'>vitae</span> <span class='ocrx_word' id='word_1_268' title='bbox 1539 1643 1701 1687; x_wconf 89' lang='lat' dir='ltr'>socialis,</span> <span class='ocrx_word' id='word_1_269' title='bbox 1734 1656 1806 1692; x_wconf 89' lang='lat' dir='ltr'>pax</span> <span class='ocrx_word' id='word_1_270' title='bbox 1828 1653 1868 1681; x_wconf 84' lang='lat' dir='ltr'>et</span> 
     </span>
     <span class='ocr_line' id='line_1_26' title="bbox 128 1699 1867 1750; baseline 0.002 -14"><span class='ocrx_word' id='word_1_271' title='bbox 128 1699 401 1748; x_wconf 87' lang='lat' dir='ltr'>tranquillitas</span> <span class='ocrx_word' id='word_1_272' title='bbox 422 1700 627 1746; x_wconf 80' lang='lat' dir='ltr'>Ecclesiae,</span> <span class='ocrx_word' id='word_1_273' title='bbox 654 1700 864 1737; x_wconf 87' lang='lat' dir='ltr'>auctoritas</span> <span class='ocrx_word' id='word_1_274' title='bbox 887 1701 971 1748; x_wconf 79' lang='lat' dir='ltr'>ejus</span> <span class='ocrx_word' id='word_1_275' title='bbox 988 1701 1230 1748; x_wconf 85' lang='lat' dir='ltr'>judiciorum</span> <span class='ocrx_word' id='word_1_276' title='bbox 1253 1704 1291 1738; x_wconf 91' lang='lat' dir='ltr'>et</span> <span class='ocrx_word' id='word_1_277' title='bbox 1314 1703 1621 1750; x_wconf 85' lang='lat' dir='ltr'>praeceptorum,</span> <span class='ocrx_word' id='word_1_278' title='bbox 1655 1715 1806 1740; x_wconf 86' lang='lat' dir='ltr'>necnon</span> <span class='ocrx_word' id='word_1_279' title='bbox 1828 1709 1867 1740; x_wconf 83' lang='lat' dir='ltr'>et</span> 
     </span>
     <span class='ocr_line' id='line_1_27' title="bbox 129 1758 1866 1809; baseline 0.002 -14"><span class='ocrx_word' id='word_1_280' title='bbox 129 1758 357 1805; x_wconf 73' lang='lat' dir='ltr'>reverentia,</span> <span class='ocrx_word' id='word_1_281' title='bbox 391 1771 489 1807; x_wconf 90' lang='lat' dir='ltr'>quae</span> <span class='ocrx_word' id='word_1_282' title='bbox 512 1759 547 1795; x_wconf 82' lang='lat' dir='ltr'>ei</span> <span class='ocrx_word' id='word_1_283' title='bbox 568 1762 614 1796; x_wconf 92' lang='lat' dir='ltr'>ut</span> <span class='ocrx_word' id='word_1_284' title='bbox 646 1758 764 1807; x_wconf 87' lang='lat' dir='ltr'>capiti</span> <span class='ocrx_word' id='word_1_285' title='bbox 786 1759 962 1805; x_wconf 87' lang='lat' dir='ltr'>debetur,</span> <span class='ocrx_word' id='word_1_286' title='bbox 996 1760 1153 1809; x_wconf 83' lang='lat' dir='ltr'>exigant</span> <span class='ocrx_word' id='word_1_287' title='bbox 1174 1761 1258 1804; x_wconf 77' lang='lat' dir='ltr'>eius</span> <span class='ocrx_word' id='word_1_288' title='bbox 1280 1760 1570 1797; x_wconf 85' lang='lat' dir='ltr'>immunitatem</span> <span class='ocrx_word' id='word_1_289' title='bbox 1592 1774 1613 1798; x_wconf 92' lang='lat' dir='ltr'>a</span> <span class='ocrx_word' id='word_1_290' title='bbox 1636 1773 1866 1809; x_wconf 85' lang='lat' dir='ltr'>quacunque</span> 
     </span>
     <span class='ocr_line' id='line_1_28' title="bbox 129 1817 1866 1866; baseline 0.002 -12"><span class='ocrx_word' id='word_1_291' title='bbox 129 1819 326 1866; x_wconf 85' lang='lat' dir='ltr'>potestate</span> <span class='ocrx_word' id='word_1_292' title='bbox 356 1817 453 1854; x_wconf 88' lang='lat' dir='ltr'>laica</span> <span class='ocrx_word' id='word_1_293' title='bbox 483 1821 523 1854; x_wconf 90' lang='lat' dir='ltr'>et</span> <span class='ocrx_word' id='word_1_294' title='bbox 544 1818 803 1855; x_wconf 86' lang='lat' dir='ltr'>omnimodam</span> <span class='ocrx_word' id='word_1_295' title='bbox 837 1818 1314 1866; x_wconf 78' lang='lat' dir='ltr'>independentiam.</span> <span class='ocrx_word' id='word_1_296' title='bbox 1357 1819 1486 1863; x_wconf 67' lang='lat' dir='ltr'>„Hinc</span> <span class='ocrx_word' id='word_1_297' title='bbox 1519 1820 1652 1857; x_wconf 91' lang='lat' dir='ltr'>statim</span> <span class='ocrx_word' id='word_1_298' title='bbox 1674 1833 1716 1857; x_wconf 91' lang='lat' dir='ltr'>ac</span> <span class='ocrx_word' id='word_1_299' title='bbox 1737 1821 1866 1858; x_wconf 88' lang='lat' dir='ltr'>Eccle-</span> 
     </span>
     <span class='ocr_line' id='line_1_29' title="bbox 131 1877 1868 1926; baseline 0.002 -13"><span class='ocrx_word' id='word_1_300' title='bbox 131 1877 208 1913; x_wconf 86' lang='lat' dir='ltr'>siae</span> <span class='ocrx_word' id='word_1_301' title='bbox 239 1889 312 1924; x_wconf 82' lang='lat' dir='ltr'>pax</span> <span class='ocrx_word' id='word_1_302' title='bbox 344 1889 365 1913; x_wconf 92' lang='lat' dir='ltr'>a</span> <span class='ocrx_word' id='word_1_303' title='bbox 387 1877 642 1913; x_wconf 77' lang='lat' dir='ltr'>Constantino</span> <span class='ocrx_word' id='word_1_304' title='bbox 675 1877 827 1914; x_wconf 82' lang='lat' dir='ltr'>reddita</span> <span class='ocrx_word' id='word_1_305' title='bbox 858 1881 928 1922; x_wconf 86' lang='lat' dir='ltr'>est,</span> <span class='ocrx_word' id='word_1_306' title='bbox 961 1888 1146 1915; x_wconf 88' lang='lat' dir='ltr'>romanus</span> <span class='ocrx_word' id='word_1_307' title='bbox 1167 1878 1344 1926; x_wconf 80' lang='lat' dir='ltr'>pontifex</span> <span class='ocrx_word' id='word_1_308' title='bbox 1365 1879 1654 1916; x_wconf 88' lang='lat' dir='ltr'>immunitatem</span> <span class='ocrx_word' id='word_1_309' title='bbox 1676 1881 1868 1918; x_wconf 78' lang='lat' dir='ltr'>actualem</span> 
     </span>
     <span class='ocr_line' id='line_1_30' title="bbox 128 1935 1867 1984; baseline 0.002 -12"><span class='ocrx_word' id='word_1_310' title='bbox 128 1937 268 1972; x_wconf 89' lang='lat' dir='ltr'>nactus</span> <span class='ocrx_word' id='word_1_311' title='bbox 289 1937 358 1979; x_wconf 89' lang='lat' dir='ltr'>est,</span> <span class='ocrx_word' id='word_1_312' title='bbox 383 1948 453 1972; x_wconf 88' lang='lat' dir='ltr'>nec</span> <span class='ocrx_word' id='word_1_313' title='bbox 475 1948 519 1972; x_wconf 89' lang='lat' dir='ltr'>ea</span> <span class='ocrx_word' id='word_1_314' title='bbox 540 1935 686 1973; x_wconf 89' lang='lat' dir='ltr'>violata</span> <span class='ocrx_word' id='word_1_315' title='bbox 706 1938 766 1973; x_wconf 86' lang='lat' dir='ltr'>est</span> <span class='ocrx_word' id='word_1_316' title='bbox 788 1936 997 1984; x_wconf 87' lang='lat' dir='ltr'>aliquando</span> <span class='ocrx_word' id='word_1_317' title='bbox 1026 1937 1100 1974; x_wconf 91' lang='lat' dir='ltr'>nisi</span> <span class='ocrx_word' id='word_1_318' title='bbox 1124 1950 1213 1974; x_wconf 90' lang='lat' dir='ltr'>cum</span> <span class='ocrx_word' id='word_1_319' title='bbox 1235 1938 1469 1975; x_wconf 82' lang='lat' dir='ltr'>detrimento</span> <span class='ocrx_word' id='word_1_320' title='bbox 1492 1938 1725 1975; x_wconf 58' lang='lat' dir='ltr'>Ecclesiae«</span> <span class='ocrx_word' id='word_1_321' title='bbox 1758 1939 1867 1976; x_wconf 88' lang='lat' dir='ltr'>Ulte-</span> 
     </span>
     <span class='ocr_line' id='line_1_31' title="bbox 129 1994 1865 2046; baseline 0.003 -16"><span class='ocrx_word' id='word_1_322' title='bbox 129 1994 213 2031; x_wconf 88' lang='lat' dir='ltr'>rius</span> <span class='ocrx_word' id='word_1_323' title='bbox 243 1994 496 2044; x_wconf 84' lang='lat' dir='ltr'>progrediens</span> <span class='ocrx_word' id='word_1_324' title='bbox 528 1995 717 2044; x_wconf 80' lang='lat' dir='ltr'>sagaciter</span> <span class='ocrx_word' id='word_1_325' title='bbox 747 1995 886 2043; x_wconf 80' lang='lat' dir='ltr'>probat</span> <span class='ocrx_word' id='word_1_326' title='bbox 918 1996 1063 2032; x_wconf 86' lang='lat' dir='ltr'>bonum</span> <span class='ocrx_word' id='word_1_327' title='bbox 1085 1996 1278 2033; x_wconf 88' lang='lat' dir='ltr'>Ecclesiae</span> <span class='ocrx_word' id='word_1_328' title='bbox 1300 2008 1378 2033; x_wconf 89' lang='lat' dir='ltr'>non</span> <span class='ocrx_word' id='word_1_329' title='bbox 1401 1997 1551 2046; x_wconf 84' lang='lat' dir='ltr'>exigere</span> <span class='ocrx_word' id='word_1_330' title='bbox 1575 1997 1701 2034; x_wconf 89' lang='lat' dir='ltr'>solum</span> <span class='ocrx_word' id='word_1_331' title='bbox 1724 1998 1865 2036; x_wconf 87' lang='lat' dir='ltr'>immu-</span> 
     </span>
     <span class='ocr_line' id='line_1_32' title="bbox 130 2053 1869 2103; baseline 0.003 -14"><span class='ocrx_word' id='word_1_332' title='bbox 130 2054 295 2090; x_wconf 78' lang='lat' dir='ltr'>nitatem</span> <span class='ocrx_word' id='word_1_333' title='bbox 328 2053 514 2102; x_wconf 86' lang='lat' dir='ltr'>ejusdem,</span> <span class='ocrx_word' id='word_1_334' title='bbox 548 2054 614 2090; x_wconf 89' lang='lat' dir='ltr'>sed</span> <span class='ocrx_word' id='word_1_335' title='bbox 638 2058 677 2090; x_wconf 89' lang='lat' dir='ltr'>et</span> <span class='ocrx_word' id='word_1_336' title='bbox 699 2054 892 2101; x_wconf 85' lang='lat' dir='ltr'>quendam</span> <span class='ocrx_word' id='word_1_337' title='bbox 919 2055 1294 2103; x_wconf 85' lang='lat' dir='ltr'>principatum,</span> <span class='ocrx_word' id='word_1_338' title='bbox 1328 2057 1374 2092; x_wconf 88' lang='lat' dir='ltr'>ut</span> <span class='ocrx_word' id='word_1_339' title='bbox 1397 2056 1477 2094; x_wconf 88' lang='lat' dir='ltr'>scil.</span> <span class='ocrx_word' id='word_1_340' title='bbox 1500 2056 1556 2092; x_wconf 87' lang='lat' dir='ltr'>ita</span> <span class='ocrx_word' id='word_1_341' title='bbox 1576 2056 1806 2094; x_wconf 87' lang='lat' dir='ltr'>immunitas</span> <span class='ocrx_word' id='word_1_342' title='bbox 1829 2059 1869 2095; x_wconf 87' lang='lat' dir='ltr'>et</span> 
     </span>
     <span class='ocr_line' id='line_1_33' title="bbox 129 2112 1868 2166; baseline 0.003 -18"><span class='ocrx_word' id='word_1_343' title='bbox 129 2112 433 2161; x_wconf 88' lang='lat' dir='ltr'>independentia</span> <span class='ocrx_word' id='word_1_344' title='bbox 464 2113 505 2148; x_wconf 91' lang='lat' dir='ltr'>in</span> <span class='ocrx_word' id='word_1_345' title='bbox 535 2112 710 2149; x_wconf 89' lang='lat' dir='ltr'>fidelium</span> <span class='ocrx_word' id='word_1_346' title='bbox 743 2113 890 2150; x_wconf 83' lang='lat' dir='ltr'>bonum</span> <span class='ocrx_word' id='word_1_347' title='bbox 912 2113 1043 2150; x_wconf 85' lang='lat' dir='ltr'>verius</span> <span class='ocrx_word' id='word_1_348' title='bbox 1077 2117 1115 2151; x_wconf 89' lang='lat' dir='ltr'>et</span> <span class='ocrx_word' id='word_1_349' title='bbox 1149 2117 1238 2151; x_wconf 89' lang='lat' dir='ltr'>actu</span> <span class='ocrx_word' id='word_1_350' title='bbox 1270 2114 1439 2152; x_wconf 90' lang='lat' dir='ltr'>secundo</span> <span class='ocrx_word' id='word_1_351' title='bbox 1471 2114 1696 2152; x_wconf 82' lang='lat' dir='ltr'>obtineatur</span> <span class='ocrx_word' id='word_1_352' title='bbox 1722 2116 1868 2166; x_wconf 86' lang='lat' dir='ltr'>magis-</span> 
     </span>
     <span class='ocr_line' id='line_1_34' title="bbox 131 2171 1869 2220; baseline 0.002 -12"><span class='ocrx_word' id='word_1_353' title='bbox 131 2183 207 2219; x_wconf 90' lang='lat' dir='ltr'>que</span> <span class='ocrx_word' id='word_1_354' title='bbox 238 2171 278 2208; x_wconf 87' lang='lat' dir='ltr'>in</span> <span class='ocrx_word' id='word_1_355' title='bbox 310 2171 483 2208; x_wconf 90' lang='lat' dir='ltr'>omnium</span> <span class='ocrx_word' id='word_1_356' title='bbox 517 2172 648 2209; x_wconf 88' lang='lat' dir='ltr'>oculos</span> <span class='ocrx_word' id='word_1_357' title='bbox 678 2172 864 2211; x_wconf 85' lang='lat' dir='ltr'>incurrat.</span> <span class='ocrx_word' id='word_1_358' title='bbox 909 2172 961 2211; x_wconf 81' lang='lat' dir='ltr'>Cf.</span> <span class='ocrx_word' id='word_1_359' title='bbox 986 2185 1104 2220; x_wconf 87' lang='lat' dir='ltr'>supra</span> <span class='ocrx_word' id='word_1_360' title='bbox 1135 2186 1172 2210; x_wconf 92' lang='lat' dir='ltr'>n.</span> <span class='ocrx_word' id='word_1_361' title='bbox 1197 2179 1277 2213; x_wconf 72' lang='lat'>⁴212</span> <span class='ocrx_word' id='word_1_362' title='bbox 1305 2176 1438 2210; x_wconf 90' lang='lat' dir='ltr'>annot.</span> <span class='ocrx_word' id='word_1_363' title='bbox 1463 2174 1669 2211; x_wconf 88' lang='lat' dir='ltr'>schematis</span> <span class='ocrx_word' id='word_1_364' title='bbox 1698 2176 1869 2212; x_wconf 90' lang='lat' dir='ltr'>vaticani</span> 
     </span>
     <span class='ocr_line' id='line_1_35' title="bbox 130 2230 1867 2284; baseline 0.001 -17"><span class='ocrx_word' id='word_1_365' title='bbox 130 2230 258 2267; x_wconf 88' lang='lat' dir='ltr'>verba.</span> <span class='ocrx_word' id='word_1_366' title='bbox 282 2230 525 2279; x_wconf 77' lang='lat' dir='ltr'>Quapropter</span> <span class='ocrx_word' id='word_1_367' title='bbox 547 2231 666 2267; x_wconf 85' lang='lat' dir='ltr'>etiam</span> <span class='ocrx_word' id='word_1_368' title='bbox 688 2231 809 2268; x_wconf 83' lang='lat' dir='ltr'>Pius</span> <span class='ocrx_word' id='word_1_369' title='bbox 832 2231 894 2268; x_wconf 82' lang='lat' dir='ltr'>IX.</span> <span class='ocrx_word' id='word_1_370' title='bbox 919 2231 1122 2268; x_wconf 86' lang='lat' dir='ltr'>damnavit</span> <span class='ocrx_word' id='word_1_371' title='bbox 1144 2245 1252 2281; x_wconf 85' lang='lat' dir='ltr'>prop.</span> <span class='ocrx_word' id='word_1_372' title='bbox 1270 2232 1419 2280; x_wconf 83' lang='lat' dir='ltr'>Syllabi</span> <span class='ocrx_word' id='word_1_373' title='bbox 1445 2239 1509 2272; x_wconf 82' lang='grc'>75.</span> <span class='ocrx_word' id='word_1_374' title='bbox 1529 2239 1601 2272; x_wconf 76' lang='grc' dir='ltr'>Τ6ε</span> <span class='ocrx_word' id='word_1_375' title='bbox 1628 2233 1867 2284; x_wconf 77' lang='lat' dir='ltr'>„Abrogatio</span> 
     </span>
     <span class='ocr_line' id='line_1_36' title="bbox 130 2288 1867 2338; baseline 0.003 -13"><span class='ocrx_word' id='word_1_376' title='bbox 130 2288 258 2326; x_wconf 89' lang='lat' dir='ltr'>civilis</span> <span class='ocrx_word' id='word_1_377' title='bbox 278 2288 446 2337; x_wconf 82' lang='lat' dir='ltr'>imperii,</span> <span class='ocrx_word' id='word_1_378' title='bbox 470 2302 546 2337; x_wconf 89' lang='lat' dir='ltr'>quo</span> <span class='ocrx_word' id='word_1_379' title='bbox 571 2290 783 2338; x_wconf 86' lang='lat' dir='ltr'>apostolica</span> <span class='ocrx_word' id='word_1_380' title='bbox 800 2290 908 2327; x_wconf 83' lang='lat' dir='ltr'>sedes</span> <span class='ocrx_word' id='word_1_381' title='bbox 923 2291 1086 2338; x_wconf 89' lang='lat' dir='ltr'>potitur,</span> <span class='ocrx_word' id='word_1_382' title='bbox 1112 2291 1158 2327; x_wconf 93' lang='lat' dir='ltr'>ad</span> <span class='ocrx_word' id='word_1_383' title='bbox 1174 2291 1367 2327; x_wconf 87' lang='lat' dir='ltr'>Ecclesiae</span> <span class='ocrx_word' id='word_1_384' title='bbox 1383 2291 1605 2328; x_wconf 89' lang='lat' dir='ltr'>libertatem</span> <span class='ocrx_word' id='word_1_385' title='bbox 1619 2292 1867 2330; x_wconf 81' lang='lat' dir='ltr'>felicitatem-</span> 
     </span>
     <span class='ocr_line' id='line_1_37' title="bbox 132 2348 1716 2396; baseline 0.002 -12"><span class='ocrx_word' id='word_1_386' title='bbox 132 2360 209 2396; x_wconf 90' lang='lat' dir='ltr'>que</span> <span class='ocrx_word' id='word_1_387' title='bbox 231 2348 293 2385; x_wconf 92' lang='lat' dir='ltr'>vel</span> <span class='ocrx_word' id='word_1_388' title='bbox 314 2348 481 2384; x_wconf 87' lang='lat' dir='ltr'>maxime</span> <span class='ocrx_word' id='word_1_389' title='bbox 504 2348 746 2385; x_wconf 88' lang='lat' dir='ltr'>conduceret.</span> <span class='ocrx_word' id='word_1_390' title='bbox 778 2354 794 2372; x_wconf 82' lang='lat'>«</span> <span class='ocrx_word' id='word_1_391' title='bbox 1713 2351 1716 2354; x_wconf 81' lang='grc'><strong><em>’</em></strong></span> 
     </span>
    </p>
   </div>
   <div class='ocr_carea' id='block_1_4' title="bbox 132 2438 1867 2990">
    <p class='ocr_par' dir='ltr' id='par_1_4' title="bbox 132 2438 1867 2990">
     <span class='ocr_line' id='line_1_38' title="bbox 251 2438 1866 2494; baseline 0.001 -11"><span class='ocrx_word' id='word_1_392' title='bbox 251 2443 350 2483; x_wconf 78' lang='lat'><strong>447.</strong></span> <span class='ocrx_word' id='word_1_393' title='bbox 374 2438 688 2480; x_wconf 87' lang='lat' dir='ltr'>Concludamus</span> <span class='ocrx_word' id='word_1_394' title='bbox 710 2438 929 2481; x_wconf 87' lang='lat' dir='ltr'>Nicolai</span> <span class='ocrx_word' id='word_1_395' title='bbox 951 2440 977 2482; x_wconf 89' lang='lat' dir='ltr'>I.</span> <span class='ocrx_word' id='word_1_396' title='bbox 1011 2441 1065 2480; x_wconf 89' lang='lat' dir='ltr'>ad</span> <span class='ocrx_word' id='word_1_397' title='bbox 1087 2440 1355 2481; x_wconf 85' lang='lat' dir='ltr'>Wenilonem</span> <span class='ocrx_word' id='word_1_398' title='bbox 1378 2441 1560 2494; x_wconf 82' lang='lat' dir='ltr'>archiep.</span> <span class='ocrx_word' id='word_1_399' title='bbox 1584 2453 1866 2484; x_wconf 85' lang='lat' dir='ltr'>senonensem</span> 
     </span>
     <span class='ocr_line' id='line_1_39' title="bbox 134 2510 1867 2567; baseline 0.002 -16"><span class='ocrx_word' id='word_1_400' title='bbox 134 2514 177 2551; x_wconf 86' lang='lat' dir='ltr'>et</span> <span class='ocrx_word' id='word_1_401' title='bbox 209 2510 299 2563; x_wconf 85' lang='lat' dir='ltr'>ejus</span> <span class='ocrx_word' id='word_1_402' title='bbox 331 2511 609 2563; x_wconf 88' lang='lat' dir='ltr'>coepiscopos</span> <span class='ocrx_word' id='word_1_403' title='bbox 640 2510 781 2551; x_wconf 87' lang='lat' dir='ltr'>verbis</span> <span class='ocrx_word' id='word_1_404' title='bbox 814 2511 1003 2565; x_wconf 79' lang='lat' dir='ltr'>(Migne</span> <span class='ocrx_word' id='word_1_405' title='bbox 1030 2515 1125 2560; x_wconf 77' lang='lat'>119,</span> <span class='ocrx_word' id='word_1_406' title='bbox 1159 2512 1272 2567; x_wconf 78' lang='lat'>769),</span> <span class='ocrx_word' id='word_1_407' title='bbox 1306 2523 1415 2564; x_wconf 86' lang='lat' dir='ltr'>quae</span> <span class='ocrx_word' id='word_1_408' title='bbox 1447 2512 1642 2554; x_wconf 87' lang='lat' dir='ltr'>omnibus</span> <span class='ocrx_word' id='word_1_409' title='bbox 1665 2513 1867 2563; x_wconf 82' lang='lat' dir='ltr'>fidelibus,</span> 
     </span>
     <span class='ocr_line' id='line_1_40' title="bbox 133 2581 1864 2637; baseline 0.002 -16"><span class='ocrx_word' id='word_1_410' title='bbox 133 2581 339 2634; x_wconf 84' lang='lat' dir='ltr'>theologis</span> <span class='ocrx_word' id='word_1_411' title='bbox 353 2582 616 2634; x_wconf 87' lang='lat' dir='ltr'>praesertim,</span> <span class='ocrx_word' id='word_1_412' title='bbox 640 2581 753 2621; x_wconf 87' lang='lat' dir='ltr'>dicta</span> <span class='ocrx_word' id='word_1_413' title='bbox 768 2586 884 2622; x_wconf 86' lang='lat' dir='ltr'>sunt:</span> <span class='ocrx_word' id='word_1_414' title='bbox 915 2581 1025 2632; x_wconf 86' lang='lat' dir='ltr'>„Vos</span> <span class='ocrx_word' id='word_1_415' title='bbox 1041 2587 1194 2631; x_wconf 83' lang='lat' dir='ltr'>autem,</span> <span class='ocrx_word' id='word_1_416' title='bbox 1217 2581 1366 2623; x_wconf 84' lang='lat' dir='ltr'>fratres</span> <span class='ocrx_word' id='word_1_417' title='bbox 1382 2583 1601 2634; x_wconf 80' lang='lat' dir='ltr'>carissimi,</span> <span class='ocrx_word' id='word_1_418' title='bbox 1624 2584 1694 2637; x_wconf 89' lang='lat' dir='ltr'>qui</span> <span class='ocrx_word' id='word_1_419' title='bbox 1716 2589 1864 2626; x_wconf 84' lang='lat' dir='ltr'>sancto</span> 
     </span>
     <span class='ocr_line' id='line_1_41' title="bbox 134 2650 1867 2707; baseline 0.003 -16"><span class='ocrx_word' id='word_1_420' title='bbox 134 2651 278 2704; x_wconf 87' lang='lat' dir='ltr'>utique</span> <span class='ocrx_word' id='word_1_421' title='bbox 311 2650 467 2704; x_wconf 77' lang='lat' dir='ltr'>Spiritu</span> <span class='ocrx_word' id='word_1_422' title='bbox 498 2651 725 2700; x_wconf 80' lang='lat' dir='ltr'>revelante,</span> <span class='ocrx_word' id='word_1_423' title='bbox 758 2652 1018 2703; x_wconf 78' lang='lat' dir='ltr'>apostolicae</span> <span class='ocrx_word' id='word_1_424' title='bbox 1045 2652 1156 2693; x_wconf 90' lang='lat' dir='ltr'>sedis</span> <span class='ocrx_word' id='word_1_425' title='bbox 1179 2653 1477 2694; x_wconf 88' lang='lat' dir='ltr'>auctoritatem</span> <span class='ocrx_word' id='word_1_426' title='bbox 1500 2666 1628 2695; x_wconf 87' lang='lat' dir='ltr'>sensu</span> <span class='ocrx_word' id='word_1_427' title='bbox 1651 2667 1803 2707; x_wconf 82' lang='lat' dir='ltr'>capere</span> <span class='ocrx_word' id='word_1_428' title='bbox 1826 2660 1867 2696; x_wconf 92' lang='lat' dir='ltr'>et</span> 
     </span>
     <span class='ocr_line' id='line_1_42' title="bbox 133 2721 1867 2775; baseline 0.002 -13"><span class='ocrx_word' id='word_1_429' title='bbox 133 2721 188 2762; x_wconf 88' lang='lat' dir='ltr'>ad</span> <span class='ocrx_word' id='word_1_430' title='bbox 211 2721 478 2774; x_wconf 85' lang='lat' dir='ltr'>splendorem</span> <span class='ocrx_word' id='word_1_431' title='bbox 502 2722 670 2763; x_wconf 86' lang='lat' dir='ltr'>luminis</span> <span class='ocrx_word' id='word_1_432' title='bbox 694 2723 782 2774; x_wconf 84' lang='lat' dir='ltr'>ejus</span> <span class='ocrx_word' id='word_1_433' title='bbox 801 2723 891 2774; x_wconf 78' lang='lat' dir='ltr'>J&#39;am</span> <span class='ocrx_word' id='word_1_434' title='bbox 913 2722 1109 2764; x_wconf 87' lang='lat' dir='ltr'>incedere</span> <span class='ocrx_word' id='word_1_435' title='bbox 1130 2723 1398 2764; x_wconf 85' lang='lat' dir='ltr'>laudabiliter</span> <span class='ocrx_word' id='word_1_436' title='bbox 1412 2724 1656 2775; x_wconf 81' lang='lat' dir='ltr'>inchoastis,</span> <span class='ocrx_word' id='word_1_437' title='bbox 1679 2737 1774 2765; x_wconf 90' lang='lat' dir='ltr'>cum</span> <span class='ocrx_word' id='word_1_438' title='bbox 1798 2725 1867 2766; x_wconf 83' lang='lat' dir='ltr'>illa</span> 
     </span>
     <span class='ocr_line' id='line_1_43' title="bbox 133 2792 1865 2846; baseline 0.002 -14"><span class='ocrx_word' id='word_1_439' title='bbox 133 2804 266 2844; x_wconf 87' lang='lat' dir='ltr'>usque</span> <span class='ocrx_word' id='word_1_440' title='bbox 288 2793 330 2832; x_wconf 89' lang='lat' dir='ltr'>in</span> <span class='ocrx_word' id='word_1_441' title='bbox 353 2792 478 2833; x_wconf 76' lang='lat' dir='ltr'>finem</span> <span class='ocrx_word' id='word_1_442' title='bbox 502 2805 665 2845; x_wconf 83' lang='lat' dir='ltr'>sapere,</span> <span class='ocrx_word' id='word_1_443' title='bbox 689 2805 786 2833; x_wconf 90' lang='lat' dir='ltr'>cum</span> <span class='ocrx_word' id='word_1_444' title='bbox 809 2793 878 2834; x_wconf 87' lang='grc'>1116</span> <span class='ocrx_word' id='word_1_445' title='bbox 901 2805 1070 2846; x_wconf 89' lang='lat' dir='ltr'>semper</span> <span class='ocrx_word' id='word_1_446' title='bbox 1084 2794 1304 2835; x_wconf 86' lang='lat' dir='ltr'>ambulare</span> <span class='ocrx_word' id='word_1_447' title='bbox 1327 2795 1503 2845; x_wconf 84' lang='lat' dir='ltr'>studete,</span> <span class='ocrx_word' id='word_1_448' title='bbox 1527 2795 1581 2836; x_wconf 86' lang='lat' dir='ltr'>ab</span> <span class='ocrx_word' id='word_1_449' title='bbox 1603 2796 1674 2836; x_wconf 87' lang='lat' dir='ltr'>illa</span> <span class='ocrx_word' id='word_1_450' title='bbox 1696 2796 1865 2836; x_wconf 88' lang='lat' dir='ltr'>deviare</span> 
     </span>
     <span class='ocr_line' id='line_1_44' title="bbox 132 2861 1865 2919; baseline 0.002 -16"><span class='ocrx_word' id='word_1_451' title='bbox 132 2861 252 2903; x_wconf 84' lang='lat' dir='ltr'>nefas</span> <span class='ocrx_word' id='word_1_452' title='bbox 269 2863 468 2914; x_wconf 82' lang='lat' dir='ltr'>judicate,</span> <span class='ocrx_word' id='word_1_453' title='bbox 492 2864 545 2905; x_wconf 86' lang='lat' dir='ltr'>ab</span> <span class='ocrx_word' id='word_1_454' title='bbox 569 2864 658 2916; x_wconf 82' lang='lat' dir='ltr'>ejus</span> <span class='ocrx_word' id='word_1_455' title='bbox 682 2864 924 2916; x_wconf 85' lang='lat' dir='ltr'>discrepare</span> <span class='ocrx_word' id='word_1_456' title='bbox 947 2876 1076 2905; x_wconf 88' lang='lat' dir='ltr'>sensu</span> <span class='ocrx_word' id='word_1_457' title='bbox 1098 2877 1151 2906; x_wconf 88' lang='lat' dir='ltr'>ne</span> <span class='ocrx_word' id='word_1_458' title='bbox 1174 2865 1227 2906; x_wconf 85' lang='lat' dir='ltr'>ad</span> <span class='ocrx_word' id='word_1_459' title='bbox 1251 2865 1464 2907; x_wconf 88' lang='lat' dir='ltr'>modicum</span> <span class='ocrx_word' id='word_1_460' title='bbox 1488 2867 1655 2919; x_wconf 87' lang='lat' dir='ltr'>quidem</span> <span class='ocrx_word' id='word_1_461' title='bbox 1670 2878 1865 2907; x_wconf 90' lang='lat' dir='ltr'>momen-</span> 
     </span>
     <span class='ocr_line' id='line_1_45' title="bbox 133 2934 1863 2990; baseline 0.002 -18"><span class='ocrx_word' id='word_1_462' title='bbox 133 2936 224 2973; x_wconf 79' lang='lat' dir='ltr'>tum</span> <span class='ocrx_word' id='word_1_463' title='bbox 247 2935 531 2976; x_wconf 81' lang='lat' dir='ltr'>consentiatis.</span> <span class='ocrx_word' id='word_1_464' title='bbox 575 2934 691 2985; x_wconf 77' lang='lat' dir='ltr'>Quos</span> <span class='ocrx_word' id='word_1_465' title='bbox 713 2935 783 2975; x_wconf 89' lang='grc'>1116</span> <span class='ocrx_word' id='word_1_466' title='bbox 806 2935 953 2987; x_wconf 86' lang='lat' dir='ltr'>recipit</span> <span class='ocrx_word' id='word_1_467' title='bbox 986 2941 1027 2976; x_wconf 86' lang='lat' dir='ltr'>et</span> <span class='ocrx_word' id='word_1_468' title='bbox 1058 2948 1134 2976; x_wconf 89' lang='lat' dir='ltr'>vos</span> <span class='ocrx_word' id='word_1_469' title='bbox 1165 2948 1333 2989; x_wconf 87' lang='lat' dir='ltr'>quoque</span> <span class='ocrx_word' id='word_1_470' title='bbox 1357 2938 1550 2990; x_wconf 88' lang='lat' dir='ltr'>recipite:</span> <span class='ocrx_word' id='word_1_471' title='bbox 1584 2943 1624 2978; x_wconf 88' lang='lat' dir='ltr'>et</span> <span class='ocrx_word' id='word_1_472' title='bbox 1656 2949 1762 2990; x_wconf 88' lang='lat' dir='ltr'>quos</span> <span class='ocrx_word' id='word_1_473' title='bbox 1794 2936 1863 2976; x_wconf 88' lang='lat' dir='ltr'>illa</span> 
     </span>
    </p>
   </div>
   <div class='ocr_carea' id='block_1_5' title="bbox 133 3004 1861 3132">
    <p class='ocr_par' dir='ltr' id='par_1_5' title="bbox 133 3004 1861 3132">
     <span class='ocr_line' id='line_1_46' title="bbox 133 3004 1861 3060; baseline 0.002 -17"><span class='ocrx_word' id='word_1_474' title='bbox 133 3004 305 3055; x_wconf 82' lang='lat' dir='ltr'>respuit,</span> <span class='ocrx_word' id='word_1_475' title='bbox 340 3004 509 3057; x_wconf 82' lang='lat' dir='ltr'>abigere</span> <span class='ocrx_word' id='word_1_476' title='bbox 541 3005 621 3057; x_wconf 90' lang='lat' dir='ltr'>ipsi</span> <span class='ocrx_word' id='word_1_477' title='bbox 654 3006 761 3046; x_wconf 84' lang='lat' dir='ltr'>sicut</span> <span class='ocrx_word' id='word_1_478' title='bbox 783 3006 874 3057; x_wconf 87' lang='lat' dir='ltr'>ipsa</span> <span class='ocrx_word' id='word_1_479' title='bbox 897 3010 1166 3051; x_wconf 81' lang='lat' dir='ltr'>mementote.</span> <span class='ocrx_word' id='word_1_480' title='bbox 1209 3006 1306 3048; x_wconf 92' lang='lat' dir='ltr'>Non</span> <span class='ocrx_word' id='word_1_481' title='bbox 1340 3008 1451 3048; x_wconf 90' lang='lat' dir='ltr'>enim</span> <span class='ocrx_word' id='word_1_482' title='bbox 1486 3008 1555 3048; x_wconf 90' lang='lat' dir='ltr'>illa</span> <span class='ocrx_word' id='word_1_483' title='bbox 1590 3008 1748 3060; x_wconf 81' lang='lat' dir='ltr'>respuit</span> <span class='ocrx_word' id='word_1_484' title='bbox 1781 3007 1861 3047; x_wconf 85' lang='lat' dir='ltr'>nisi</span> 
     </span>
     <span class='ocr_line' id='line_1_47' title="bbox 133 3074 1852 3132; baseline 0.001 -17"><span class='ocrx_word' id='word_1_485' title='bbox 133 3074 337 3125; x_wconf 82' lang='lat' dir='ltr'>membra,</span> <span class='ocrx_word' id='word_1_486' title='bbox 361 3087 468 3128; x_wconf 85' lang='lat' dir='ltr'>quae</span> <span class='ocrx_word' id='word_1_487' title='bbox 491 3076 570 3116; x_wconf 84' lang='lat' dir='ltr'>sibi</span> <span class='ocrx_word' id='word_1_488' title='bbox 592 3089 678 3117; x_wconf 89' lang='lat' dir='ltr'>non</span> <span class='ocrx_word' id='word_1_489' title='bbox 700 3077 888 3126; x_wconf 85' lang='lat' dir='ltr'>haerent,</span> <span class='ocrx_word' id='word_1_490' title='bbox 911 3088 989 3117; x_wconf 90' lang='lat' dir='ltr'>nec</span> <span class='ocrx_word' id='word_1_491' title='bbox 1012 3089 1038 3118; x_wconf 86' lang='lat' dir='ltr'>a</span> <span class='ocrx_word' id='word_1_492' title='bbox 1059 3090 1103 3118; x_wconf 92' lang='lat' dir='ltr'>se</span> <span class='ocrx_word' id='word_1_493' title='bbox 1126 3078 1285 3129; x_wconf 85' lang='lat' dir='ltr'>recidit,</span> <span class='ocrx_word' id='word_1_494' title='bbox 1308 3079 1387 3120; x_wconf 86' lang='lat' dir='ltr'>nisi</span> <span class='ocrx_word' id='word_1_495' title='bbox 1410 3092 1516 3132; x_wconf 80' lang='lat' dir='ltr'>quos</span> <span class='ocrx_word' id='word_1_496' title='bbox 1539 3081 1580 3119; x_wconf 87' lang='lat' dir='ltr'>in</span> <span class='ocrx_word' id='word_1_497' title='bbox 1602 3077 1852 3119; x_wconf 84' lang='lat' dir='ltr'>scandalum</span> 
     </span>
    </p>
   </div>
  </div>
 </body>
</html>
