2175 3382
237 192 320 233 5343
613 185 730 219 'ri-nei.
752 185 810 219 tv.
831 185 874 219 de
894 185 973 219 fide.
993 185 1046 218 De
1065 184 1416 229 congregationibus
1435 185 1605 218 romanis.

236 322 313 357 qua
328 309 474 357 singuli
491 309 747 356 profitentur:
773 306 1072 351 ,Decisionibus
1087 318 1115 343 s.
1132 306 1241 344 Sedis
1265 319 1323 355 ap.
1348 338 1354 345 .
1382 337 1388 343 .
1415 336 1422 343 .
1445 307 1571 354 plene,
1594 306 1763 355 perfecte
1777 307 1972 345 absolute-

237 380 312 415 que
335 380 394 404 uie
417 367 581 416 subjicio
605 370 644 403 et
666 379 708 403 ex
733 366 862 403 animo
885 366 1084 414 acquiesco
1107 367 1206 402 etc-‚³

353 445 459 487 Cum
483 451 627 486 autem
650 458 843 486 summus
866 445 1052 497 pontifex
1077 445 1235 485 nemini
1257 445 1392 497 possit
1410 445 1727 486 communicare
1748 444 1973 486 infallibili-

239 522 380 562 tatem,
403 528 541 569 neque
564 517 805 568 primatum,
837 516 904 556 cui
936 515 1006 556 illa
1036 520 1100 556 est
1123 515 1301 564 adnexa,
1328 515 1523 568 quamvis
1545 516 1678 567 possit
1698 515 1907 569 quosdam
1930 516 1973 557 in

237 592 398 640 partein
423 587 714 628 sollicitudinis
738 598 916 627 vocare:
947 587 1045 627 hinc
1077 586 1249 627 decreta
1280 587 1657 639 congregationum
1681 599 1767 628 non
1789 591 1888 628 sunt
1909 586 1974 627 in-

236 658 442 699 faliibilia:
466 658 633 698 divinae
657 661 801 698 tamen
823 657 1115 710 providentiae
1138 657 1416 710 dispositione
1439 657 1596 698 factum
1619 661 1696 705 est,
1727 661 1773 698 ut
1803 657 1872 698 vix
1894 669 1973 698 un-

236 742 363 782 quam
387 729 623 770 erraverint
645 728 688 768 in
710 728 890 769 solemni
913 728 1056 780 aliqua
1079 727 1370 769 declaratione
1392 728 1458 769 vel
1475 727 1648 779 judicio.
1683 726 1830 780 Neque
1851 727 1973 769 infal-

236 799 366 840 libilia
389 805 498 847 sunt,
531 800 698 840 etiamsi
725 799 889 840 illarum
914 799 1086 840 decreta
1108 798 1319 850 pontificis
1336 799 1513 839 nomine
1537 803 1579 839 et
1599 798 1855 839 auctoritate
1877 802 1975 839 sunt

236 872 363 919 edita,
385 872 471 913 imo
487 872 653 913 etiamsi
669 871 850 913 eduntur
873 871 985 912 facta
1007 871 1060 911 ad
1086 871 1221 923 ipsum
1245 871 1452 911 relatione
1474 871 1651 923 ipsoque
1673 869 1849 917 sciente,
1870 880 1974 909 con-

238 944 444 983 sentiente
468 946 509 983 et
533 942 615 983 hoc
638 942 766 983 modo
791 954 841 983 ea
865 941 1142 994 approbante.
1187 940 1240 983 Ut
1263 942 1427 982 censeri
1449 941 1616 994 possint
1637 939 1880 988 infallibilia,
1901 950 1974 980 ne-

236 1024 354 1054 cesse
386 1018 461 1061 est,
493 1017 539 1053 ut
568 1011 758 1064 pontifex
792 1024 845 1053 ea
866 1012 1039 1064 propria
1062 1012 1189 1052 faciat
1211 1011 1470 1064 proprioque
1491 1012 1664 1053 nomine
1687 1011 1786 1052 edat
1806 1023 1904 1052 cum
1925 1010 1974 1051 iis

237 1083 456 1136 adjunctis,
489 1095 599 1136 quae
632 1084 675 1124 in
698 1082 942 1124 definitione
966 1083 1164 1123 vaticana
1187 1082 1239 1123 de
1262 1082 1430 1123 romani
1452 1082 1662 1135 pontificis
1683 1081 1975 1123 infallibilitate

236 1153 495 1194 indicantur:
528 1165 612 1206 quo
645 1154 687 1194 in
719 1165 822 1194 casu
846 1154 1119 1205 congregatio
1142 1165 1188 1194 se
1210 1152 1342 1194 habet
1363 1157 1528 1194 tantum
1552 1152 1812 1194 consulentis
1834 1151 1974 1194 modo.

354 1227 438 1272 Qua
459 1227 506 1264 de
528 1239 568 1264 re
590 1228 645 1264 ita
668 1227 805 1264 scribit
839 1240 912 1264 em.
943 1227 1044 1264 card.
1066 1227 1343 1264 Franzelin
1374 1227 1420 1264 de
1452 1227 1524 1264 hoc
1555 1229 1787 1277 argumento
1819 1226 1976 1276 egregie

237 1286 430 1323 disserens
452 1286 499 1323 de
522 1287 598 1324 div.
620 1286 831 1324 traditione
853 1288 893 1324 et
915 1286 1120 1335 Scriptura
1142 1286 1199 1325 ed.
1226 1292 1246 1325 ‘2
1273 1286 1398 1326 Schol.
1420 1294 1432 1325 1
1462 1288 1549 1334 post
1568 1286 1668 1323 thes.
1682 1285 1754 1322 XlI
1768 1298 1856 1336 pag.
1878 1291 1974 1326 133:

237 1344 377 1389 „Quod
399 1345 634 1382 sententiam
657 1346 970 1395 congregationis
992 1347 1116 1382 ratam
1151 1345 1272 1382 habet
1303 1347 1342 1382 et
1374 1357 1444 1383 sua
1476 1357 1713 1394 suprema
1742 1344 1977 1382 auctoritate

236 1404 439 1441 confirmat
460 1417 635 1442 summus
657 1404 845 1453 pontifex,
879 1404 917 1441 id
940 1417 1020 1441 non
1043 1404 1162 1442 efficit
1183 1404 1450 1441 definitionem
1483 1417 1527 1442 ex
1560 1404 1753 1450 cathedra,
1785 1403 1864 1441 nisi
1892 1403 1977 1452 ipse

236 1475 352 1500 suum
375 1463 491 1500 faciat-
512 1467 630 1511 atque
664 1476 709 1500 ex
731 1476 814 1500 sese
836 1464 927 1501 edat
957 1463 1169 1507 decretum,
1205 1475 1293 1500 cum
1325 1463 1555 1501 necessariis
1588 1462 1714 1513 signis
1744 1462 1975 1500 intentionis

235 1521 446 1559 definiendi
468 1522 688 1559 doctrinam
710 1522 757 1559 ab
779 1522 963 1560 universa
987 1522 1156 1559 Ecclesia
1177 1522 1400 1564 tenendam,
1432 1522 1489 1560 ita
1509 1523 1556 1559 ut
1578 1522 1774 1560 sententia
1793 1534 1873 1559 non
1893 1534 1976 1559 am-

233 1581 339 1629 plius
363 1581 415 1617 sit
437 1581 754 1630 congregationis
775 1583 978 1629 tamquam
1004 1581 1236 1629 judicantis,
1271 1580 1339 1618 sed
1370 1594 1439 1629 per
1460 1581 1620 1619 modum
1650 1581 1855 1618 dumtaxat
1885 1592 1975 1618 con-

236 1640 415 1679 sulentis,
458 1640 541 1677 Hoc
564 1641 691 1677 solum
714 1652 833 1677 sensu
855 1641 1085 1688 praesertim
1108 1645 1198 1688 post
1219 1639 1522 1678 declarationem
1545 1640 1702 1678 concilii
1723 1639 1895 1677 vaticani
1908 1639 1975 1676 ad-

234 1699 340 1736 mitti
364 1701 496 1746 potest
517 1711 560 1736 ac
582 1699 697 1736 debet
720 1699 896 1736 doctrina
919 1711 1054 1736 eorum
1076 1699 1362 1748 theologorum,
1399 1699 1470 1748 qui
1490 1702 1537 1736 ut
1559 1698 1813 1736 Cardenas
1834 1701 1875 1735 et.
1895 1698 1975 1736 La-

235 1757 378 1795 croix
401 1758 521 1795 etiam
542 1771 564 1795 a
586 1758 610 1795 Z
624 1770 739 1795 acca
753 1759 829 1795 ria
852 1758 1039 1795 historice
1062 1758 1171 1795 citati
1195 1755 1316 1810 (della
1337 1758 1576 1807 proibizione
1599 1758 1656 1795 de'
1670 1757 1774 1803 libri,
1809 1757 1976 1807 append.

236 1814 256 1858 ἓ
283 1823 303 1856 2
328 1829 365 1854 n.
391 1814 432 1868 6)
455 1817 654 1863 dixerunt,
677 1817 833 1854 decreta
847 1817 1081 1854 doctrinalia
1095 1829 1145 1854 ss.
1161 1817 1523 1866 congregationum,
1547 1817 1579 1854 si
1596 1817 1820 1865 specialiter
1833 1829 1975 1865 appro-

234 1875 326 1912 bata
346 1876 495 1913 fuerint
517 1889 538 1913 a
559 1876 755 1924 pontifice,
780 1888 866 1914 esse
889 1876 1138 1914 definitiones
1161 1889 1205 1914 ex
1229 1877 1421 1913 cathedra.
1465 1876 1524 1914 Ne
1558 1888 1650 1913 vero
1672 1875 1884 1913 insistatur
1913 1875 1975 1912 illi

235 1935 486 1982 expressioni,
523 1935 760 1972 sententiam
782 1935 1097 1985 congregationis
1130 1947 1215 1973 esse
1237 1935 1506 1972 confirmatam
1538 1947 1775 1983 suprema
1805 1934 1975 1972 auctori-

234 1995 316 2030 tate
339 1994 546 2042 pontificis,
583 1994 810 2031 advertatur
832 2007 1054 2043 supremam
1076 2006 1191 2043 posse
1224 1994 1301 2032 dici
1332 1994 1607 2032 auctoritatem
1639 1994 1721 2031 sive
1752 1993 1976 2031 intensione

235 2053 424 2097 exercitii,
449 2053 531 2090 sive
554 2053 595 2090 in
618 2065 688 2090 sua
712 2054 956 2098 substanti33
979 2054 1052 2090 hoc
1073 2054 1196 2091 altero
1218 2053 1333 2091 modo
1355 2053 1531 2102 pontifex
1553 2065 1584 2092 e.
1599 2066 1636 2102 g.
1651 2052 1830 2090 concedit
1842 2052 1975 2090 indul-

235 2113 400 2160 gentias,
425 2112 644 2161 privilegia,
669 2112 992 2160 dispensationes,
1017 2112 1193 2150 decernit
1216 2125 1420 2150 servorum
1436 2112 1506 2149 Dei
1529 2111 1839 2149 beatificationes
1862 2109 1975 2164 (citra

235 2170 420 2207 ultimum
444 2170 690 2208 definitivum
710 2168 923 2224 judicium)
948 2183 1130 2220 suprema
1151 2173 1358 2220 potestate,
1396 2171 1494 2220 quin
1524 2171 1611 2208 ideo
1642 2183 1794 2220 semper
1823 2170 1877 2208 sit
1907 2182 1975 2207 su-

235 2241 369 2276 prema
390 2230 563 2267 intensio
586 2231 627 2266 in
649 2230 833 2268 exercitio
856 2230 975 2278 hujus
997 2231 1220 2279 potestatis.
1262 2231 1323 2267 Ita
1356 2243 1448 2280 ergo
1470 2230 1586 2267 etiam
1618 2242 1697 2267 non
1728 2232 1862 2279 potest
1890 2240 1975 2267 esse

235 2288 436 2336 pontificia
457 2288 698 2326 confirmatio
722 2288 869 2326 decreti
891 2289 1130 2334 doctrinalis,
1153 2289 1252 2338 quin
1274 2289 1328 2326 sit
1349 2302 1393 2327 ex
1410 2302 1593 2337 suprema
1605 2288 1852 2332 auctoritate,
1875 2299 1976 2337 quae

236 2346 422 2383 nimirum
445 2350 506 2384 est
527 2348 746 2396 pontificia;
778 2348 845 2386 sed
867 2350 1000 2397 potest
1023 2360 1108 2386 esse
1131 2348 1216 2386 sine
1238 2360 1419 2397 suprema
1450 2347 1671 2385 intensione
1693 2347 1812 2397 hujus
1840 2348 1975 2384 aucto-

236 2405 364 2442 ritatis
388 2418 430 2442 ac
451 2407 680 2456 magisterii,
723 2420 822 2455 quae
843 2407 1039 2456 reperitur
1060 2407 1102 2444 in
1123 2407 1215 2445 solis
1248 2406 1543 2445 definitionibus
1573 2419 1618 2444 ex
1650 2406 1872 2445 cathedra.‘
1914 2405 1976 2443 Ita

237 2466 277 2500 et
299 2464 427 2501 Gran
441 2464 625 2502 derath
648 2466 689 2503 in
711 2466 823 2503 docta
846 2466 935 2504 diss.
958 2467 999 2503 in
1021 2466 1206 2504 Zeitschr.
1228 2466 1292 2503 fiir
1302 2466 1340 2503 k.
1354 2466 1563 2515 Theologie
1583 2472 1688 2506 1895
1707 2478 1744 2514 p.
1761 2471 1974 2506 623—50.

236 2523 412 2560 Alterius
436 2524 654 2561 sententiae
677 2527 738 2562 est
758 2525 931 2571 Bouix,
956 2525 1264 2563 Vermeulen
1286 2528 1325 2562 et
1347 2525 1606 2563 Scheeben
1627 2522 1649 2567 ἓ
1666 2531 1733 2571 34,
1757 2523 1976 2562 seeundum

236 2594 352 2629 quem
375 2583 722 2631 congregationum
744 2584 910 2629 decreta,
945 2597 1044 2632 quae
1065 2584 1242 2633 pontifex
1278 2597 1378 2629 ,sua
1405 2596 1588 2632 suprema
1618 2583 1853 2620 auctoritate
1884 2595 1974 2620 eon-

235 2640 407 2677 firmavit
428 2644 468 2678 et
488 2642 730 2691 promulgari
752 2643 992 2687 mandavit,«
1015 2643 1072 2680 ita
1095 2644 1359 2692 peremptoria
1381 2644 1487 2688 sunt,
1521 2644 1567 2680 ut
1597 2642 1679 2680 sint
1709 2642 1828 2679 etiam
1857 2640 1974 2678 infal-

235 2698 373 2736 libilia.
415 2700 462 2736 In
481 2700 591 2748 praxi
613 2701 854 2748 quaestionis
877 2701 1020 2739 decisio
1044 2702 1234 2750 pendebit
1254 2716 1275 2739 a
1297 2701 1482 2752 diligenti
1503 2701 1780 2750 adjunctorum
1798 2699 1974 2739 conside-

235 2757 400 2803 ratione,
435 2766 572 2796 utrum
594 2759 677 2797 scil.
701 2760 901 2797 decretum
924 2762 1072 2798 censeri
1103 2761 1243 2798 debeat
1271 2760 1520 2810 pontificium
1551 2760 1717 2808 ideoque
1747 2759 1924 2797 definitio
1954 2771 1975 2795 e

237 2817 430 2862 cathedra,
454 2829 504 2854 an
525 2820 683 2855 tantum
705 2819 1022 2868 congregationis
1046 2820 1243 2857 sententia
1255 2822 1451 2869 potestate
1466 2818 1542 2856 sibi
1557 2819 1843 2856 communicata
1856 2817 1973 2862 edita,

237 2875 314 2912 etsi
334 2875 538 2924 pontificia
559 2876 792 2914 auctoritate
814 2878 1050 2915 confirmata.
1094 2879 1274 2916 Ceterum
1308 2878 1357 2916 de
1378 2879 1451 2915 hoc
1471 2879 1704 2927 argumento
1725 2877 1852 2926 deque
1882 2888 1972 2914 con·

236 2935 512 2984 gregationum
533 2947 628 2972 rom.
651 2936 884 2974 auctoritate
906 2941 977 2974 ete.
1000 2937 1098 2975 bene
1113 2950 1270 2986 quoque
1284 2937 1440 2975 disserit
1462 2936 1640 2973 Grisar
1661 2935 1973 2981 Galileistudien,
2152 2968 2164 2995 ,Ι

236 2993 494 3043 Regensburg
522 2999 627 3035 1882
652 2994 777 3043 partis
799 2995 918 3033 theol.
942 2998 1032 3034 sect.
1061 3003 1107 3036 15
1134 3008 1184 3033 ss.
2153 3000 2166 3026 ί

355 3065 453 3106 516.
480 3062 542 3103 De
565 3074 736 3103 assensu
757 3064 992 3116 wiaqisterio
1015 3063 1248 3104 authentico
1269 3063 1502 3104 eaehihendo.
1526 3087 1582 3093 —
1604 3062 1687 3106 IV.
1710 3060 1834 3113 Quod
1854 3061 1973 3102 deni·
2151 3113 2175 3125 Π

238 3143 319 3183 que
335 3143 560 3173 assensum
577 3131 739 3185 judicio
753 3132 987 3183 magisterii
1002 3133 1233 3174 authentici
1247 3132 1532 3175 exhibendum
1547 3133 1708 3183 attinet,
1729 3132 1974 3173 statuimus:
2152 3124 2175 3382 ἡ

2167 3364 2170 3382 1
