2175 3382
755 158 809 191 est
826 156 1042 190 immediata
1059 156 1095 189 et
1111 155 1233 199 plena.
1775 159 1858 200 417

252 279 296 322 b.
318 277 566 318 Immediata
598 281 661 317 est
685 275 826 329 quoad
849 274 1197 321 exercitium,
1229 278 1438 326 quatenus
1460 274 1647 326 pontifex
1669 278 1857 327 potesta-

133 353 219 390 tem
241 360 363 389 suam
385 360 471 389 non
494 347 631 388 solum
652 358 729 399 per
751 346 986 398 episcopos,
1012 344 1088 386 sed
1109 356 1184 397 per
1206 356 1301 385 sese
1323 356 1508 397 suosque
1530 345 1691 397 legatos
1713 356 1860 386 excer-

134 431 231 461 cere
253 431 433 472 cumque
455 418 646 460 fidelibus
669 423 715 459 ut
736 418 822 459 suis
845 417 995 458 ovibus
1015 416 1147 457 libere
1170 416 1488 457 communicare
1510 420 1660 468 potest.

253 503 294 534 c.
318 489 448 531 Multo
464 489 597 542 magis
613 493 676 530 est
689 488 947 537 immediata,
970 491 1179 540 quatenus
1195 490 1258 527 est
1271 486 1560 538 independens
1582 487 1623 526 in
1646 499 1723 527 suo
1739 498 1860 528 exer-

134 562 232 603 citio
256 573 282 602 a
302 565 512 614 potestate
536 559 655 601 civili.
697 559 820 610 Quod
850 559 909 599 ita
942 559 1140 599 enunciat
1162 558 1184 598 l.
1208 570 1241 599 0.
1273 557 1500 598 concilium
1522 558 1858 598 vaticanum:

136 664 151 681 „
164 631 296 673 Porro
319 643 371 672 ex
392 642 592 683 suprema
613 630 683 671 illa
703 630 872 671 romani
893 628 1102 682 pontificis
1117 632 1328 681 potestate
1342 627 1605 680 gubernandi
1619 628 1863 668 universam

134 703 367 745 Ecclesiam
395 703 464 755 jus
498 701 634 742 eidem
667 713 760 742 esse
792 701 1075 753 consequitur,
1110 700 1153 740 in
1186 699 1310 751 hujus
1345 699 1409 740 sui
1443 699 1631 739 muneris
1665 699 1865 740 exercitio

133 773 264 815 libere
280 772 622 814 communicandi
636 784 731 813 cum
746 770 988 825 pastoribus
1012 776 1053 812 et
1074 770 1268 823 gregibus
1282 770 1410 811 totius
1424 769 1649 819 Ecclesiae,
1672 773 1718 810 ut
1738 769 1865 810 iidem

136 843 190 885 ab
212 844 303 896 ipso
326 844 369 884 in
390 843 459 884 via
480 843 627 884 salutis
650 843 793 884 doceri
815 855 866 884 ac
888 843 976 894 regi
997 842 1171 895 possint.
1204 840 1344 892 Quare
1367 841 1622 881 damnamus
1645 852 1695 880 ac
1717 851 1866 892 repro-

134 913 287 955 bamus
308 914 476 954 illorum
503 915 746 964 sententias,
779 915 850 968 qui
879 915 992 955 hanc
1023 914 1210 966 supremi
1240 913 1390 965 capitis
1424 924 1521 952 cum
1552 910 1795 964 pastoribus
1827 915 1868 952 et

135 984 330 1037 gregibus
345 985 774 1026 communicationem
795 985 907 1026 licite
928 984 1123 1037 impediri
1144 995 1270 1036 posse
1292 983 1447 1032 dicunt,
1471 987 1545 1023 aut
1567 982 1748 1023 eandem
1770 981 1867 1022 red-

137 1055 240 1096 dunt
261 1055 442 1096 seculari
462 1057 663 1108 potestati
685 1056 926 1105 obnoxiam,
959 1057 1017 1097 ita
1047 1059 1094 1097 ut
1115 1054 1386 1104 contendant,
1417 1065 1527 1107 quae
1551 1053 1604 1094 ab
1627 1053 1863 1106 apostolica

137 1126 236 1168 sede
258 1126 324 1167 vel
346 1127 437 1179 ejus
462 1127 713 1169 auctoritate
737 1128 790 1168 ad
812 1128 1000 1180 regimen
1022 1127 1235 1168 Ecclesiae
1258 1126 1580 1173 constituuntur,
1610 1125 1694 1165 vim
1718 1136 1768 1164 ac
1790 1136 1868 1164 va-

136 1196 270 1238 lorem
292 1209 380 1238 non
400 1197 572 1247 habere,
595 1198 675 1239 nisi
697 1199 918 1251 potestatis
941 1198 1144 1239 secularis
1166 1197 1376 1250 placito
1400 1195 1737 1237 confirmentur.“

255 1283 280 1320 J
283 1296 352 1320 ure
374 1296 464 1333 ergo
486 1284 686 1321 damnavit
706 1284 827 1322 Pius
848 1285 912 1323 IX.
936 1284 1079 1333 syllabi
1101 1296 1209 1332 prop.
1228 1289 1300 1323 28:
1327 1281 1554 1330 »Episcopis
1579 1281 1662 1317 sine
1684 1280 1868 1329 guber-nii

137 1342 250 1379 venia
271 1342 329 1379 fas
350 1354 429 1379 non
450 1345 511 1380 est
532 1343 594 1381 vel
614 1343 716 1392 ipsas
738 1344 969 1392 apostolicas
989 1343 1122 1381 literas
1137 1342 1386 1391 promulgare
1399 1355 1406 1386 3
1419 1346 1437 1364 «
1457 1347 1521 1380 29.
1539 1347 1587 1380 41
1609 1338 1671 1392 (cf.
1690 1352 1727 1376 n.
1749 1336 1869 1391 217);

140 1407 215 1441 49:
248 1401 411 1445 ‚Civilis
433 1402 642 1439 auctoritas
664 1404 796 1451 potest
817 1402 1018 1453 impedire,
1043 1402 1254 1451 quominus
1276 1412 1473 1438 sacrorum
1494 1399 1694 1436 antistites
1717 1400 1757 1435 et
1777 1398 1871 1435 fide-

138 1460 194 1497 les
225 1461 362 1509 populi
392 1473 479 1498 cum
511 1474 668 1499 romano
698 1462 881 1510 pontifice
912 1462 1034 1499 libere
1066 1474 1107 1498 ac
1139 1462 1278 1498 mutuo
1299 1459 1627 1497 communicent<
1670 1456 1873 1506 Ejusmodi

139 1519 242 1556 enim
276 1522 424 1557 asserta
454 1521 713 1558 adversantur
741 1521 878 1569 primis
910 1521 1137 1558 notionibus
1166 1519 1357 1556 Ecclesiae
1389 1518 1580 1555 divinitus
1602 1517 1812 1554 institutae
1834 1518 1874 1553 et

139 1578 335 1616 societatis
357 1579 549 1628 perfectae
572 1582 611 1616 et
633 1592 836 1629 supremae
870 1577 924 1633 (n.
949 1586 1043 1620 216.
1070 1576 1182 1631 259),
1216 1579 1300 1627 ejus
1323 1577 1503 1614 missioni
1535 1579 1574 1614 8⁴0
1608 1575 1762 1613 muneri
1783 1587 1871 1624 1)Υο-

139 1637 342 1687 mulgandi
371 1639 518 1687 ubique
550 1651 804 1687 quaecunque
836 1639 968 1677 docuit
990 1639 1179 1682 Christus,
1211 1636 1540 1685 amplissimisque
1564 1635 1709 1673 Christi
1730 1634 1872 1679 verbis,

140 1696 285 1745 quibus
307 1698 390 1746 ejus
407 1698 499 1746 jura
520 1701 557 1734 et
580 1700 817 1746 potestatem
839 1698 1025 1735 enunciat
1057 1695 1110 1750 (n.
1137 1694 1249 1748 354),
1282 1696 1441 1744 subjicit
1462 1695 1675 1732 Ecclesiam
1709 1694 1873 1742 ejusque

140 1755 305 1793 docendi
324 1757 595 1794 auctoritatem
617 1757 862 1806 principibus
885 1770 964 1794 non
986 1758 1113 1794 solum
1143 1755 1263 1798 laicis,
1297 1755 1364 1792 sed
1395 1757 1434 1792 et
1463 1753 1681 1798 haereticis,
1705 1752 1873 1789 infideli-

141 1814 226 1860 bus,
248 1815 575 1864 persecutoribus,
600 1829 676 1864 quo
698 1817 796 1853 nihil
828 1816 1049 1854 absurdius.
1092 1815 1231 1852 Merito
1267 1826 1421 1862 quoque
1454 1813 1614 1850 illorum
1645 1811 1876 1849 detestanda

144 1875 203 1911 est
223 1874 434 1920 temeritas,
458 1875 527 1923 qui
548 1875 700 1912 romani
723 1876 917 1924 pontificis
940 1875 1212 1912 auctoritatem
1234 1873 1276 1910 in
1290 1873 1423 1910 fideles
1437 1871 1645 1921 potestatis
1668 1873 1875 1908 exterae

142 1933 262 1970 titulo
284 1933 484 1971 infamant.
529 1934 654 1978 Quare
677 1935 926 1983 „Propositio
948 1947 1118 1971 summos
1139 1933 1353 1982 pontifices,
1385 1944 1474 1969 cum
1505 1942 1594 1968 suas
1625 1928 1875 1967 constitutio-

145 2004 213 2029 nes
234 1992 276 2029 in
298 2005 342 2030 ea
363 1993 447 2030 loca
467 1993 647 2038 mittunt,
671 2006 770 2042 quae
784 1994 990 2043 temporali
1002 1994 1168 2031 aliorum
1182 1991 1405 2040 principum
1419 1990 1561 2027 ditioni
1581 1990 1756 2038 subjecta
1769 1990 1874 2033 sunt,

146 2052 190 2089 in
210 2052 409 2089 territorio
443 2052 569 2089 alieno
601 2054 728 2102 legem
759 2053 870 2099 ferre,
901 2052 1146 2090 schismatica
1176 2053 1215 2088 et
1236 2050 1430 2088 haeretica
1451 2050 1698 2086 declaratur«
1722 2048 1876 2085 decreto

149 2124 279 2161 congr.
293 2124 320 2148 s.
335 2111 406 2148 Off.
427 2118 535 2152 1644
552 2112 764 2161 approbato
780 2113 828 2150 ab
850 2113 905 2150 In
919 2126 941 2150 n
954 2125 974 2150 o
986 2124 1071 2150 cen
1083 2111 1156 2148 tio
1177 2111 1222 2148 X.
1245 2112 1284 2147 et
1306 2109 1386 2147 Cle
1399 2123 1435 2146 m
1447 2110 1561 2146 ente
1583 2107 1646 2147 XI.
1668 2109 1708 2145 et
1721 2106 1877 2145 constit.

148 2171 404 2220 ‚Accepimus‘
432 2178 494 2211 11.
516 2171 608 2209 Jun.
638 2177 758 2212 1715.
801 2172 853 2210 Cf.
880 2173 975 2221 Aug.
1006 2171 1196 2208 Miiller
1228 2170 1269 2207 in
1299 2169 1387 2206 diss.
1418 2166 1809 2205 historico-canonica
1829 2166 1877 2203 de

146 2231 303 2267 Placeto
324 2230 442 2279 regio,
465 2230 626 2268 Lovanii
651 2237 781 2276 1877;
805 2230 1052 2268 Palmieri
1074 2231 1130 2267 th.
1155 2235 1229 2273 23;
1253 2229 1282 2265 T
1296 2241 1346 2265 ar
1360 2226 1510 2275 quini
1531 2227 1577 2263 In
1600 2225 1691 2263 diss.
1707 2226 1753 2262 de
1768 2225 1876 2274 regio

145 2290 274 2338 placet
295 2289 441 2326 adnexa
462 2291 545 2338 ejus
567 2290 739 2331 institut.
757 2291 859 2340 juris
881 2290 970 2328 eccl.
991 2289 1099 2338 publ.

268 2372 363 2413 397.
386 2371 428 2414 6.
451 2369 697 2410 Tenendum
721 2374 784 2410 est
806 2381 858 2410 ex
879 2369 1141 2421 praescripto
1165 2367 1330 2408 concilii
1352 2364 1644 2406 florentini
1667 2367 1708 2404 et
1729 2363 1842 2404 vati
1857 2387 1876 2393 -

149 2441 271 2481 cani
301 2441 409 2482 hanc
424 2445 664 2495 potestatem
686 2455 767 2482 esse
780 2441 966 2496 plenam,
998 2446 1039 2482 et
1070 2439 1240 2493 quidem
1269 2438 1440 2490 plenam
1462 2448 1549 2477 non
1573 2435 1876 2484 exclusive,

150 2512 271 2564 quasi
293 2516 412 2553 extra
434 2513 663 2564 primatum
684 2513 799 2553 nulla
821 2513 874 2553 sit
895 2516 1084 2565 potestas
1106 2512 1149 2552 in
1162 2509 1350 2551 Ecclesia
1365 2509 1520 2564 (neque
1534 2507 1645 2548 enim
1661 2505 1878 2547 definitum

151 2586 225 2631 est,
260 2582 432 2623 solum
463 2596 688 2625 romanum
720 2582 962 2636 pontificem
993 2582 1152 2623 habere
1183 2584 1438 2634 potestatem
1469 2579 1512 2619 in
1542 2577 1767 2633 Ecclesia);
1800 2575 1874 2616 sed

152 2654 436 2695 extensive
458 2659 504 2696 ut
527 2655 565 2696 ei
587 2667 712 2696 nemo
736 2667 782 2696 se
805 2654 1055 2695 subtrahere
1077 2653 1222 2706 possit,
1253 2658 1299 2693 ut
1319 2663 1448 2704 supra
1469 2649 1650 2690 vidimus
1673 2650 1728 2704 (n.
1751 2647 1880 2702 392);

152 2727 194 2764 et
214 2724 382 2776 plenam
405 2726 705 2776 intensive,
727 2738 813 2766 non
836 2725 1076 2766 absolutam
1090 2723 1211 2777 quasi
1232 2722 1333 2763 nulli
1353 2721 1434 2774 legi
1448 2720 1689 2768 obnoxiam,
1712 2717 1786 2759 sed
1809 2717 1876 2757 cui

152 2794 209 2835 nil
230 2794 338 2835 desit
358 2797 579 2848 potestatis
601 2797 829 2850 requisitae
852 2796 906 2837 ad
929 2794 1200 2848 pascendam,
1230 2793 1459 2845 regendam
1482 2803 1532 2832 ac
1555 2787 1875 2842 gubernandam

152 2865 435 2907 universalem
448 2867 691 2916 Ecclesiam,
712 2872 758 2909 ut
779 2870 895 2919 patet
910 2867 1093 2906 maxime
1116 2877 1168 2906 ex
1189 2863 1329 2905 verbis
1344 2862 1632 2915 amplissimis:
1661 2859 1750 2901 Tibi
1772 2857 1876 2898 dabo

153 3013 326 3056 propriae
346 3014 450 3055 sedis,
470 3026 562 3058 quae
580 3016 619 3049 in
636 3015 744 3049 beato
763 3015 869 3048 Petro
889 3014 1057 3057 suscepta
1075 3012 1252 3046 divinitus
1280 3012 1335 3046 est
1350 3011 1390 3044 in
1407 3010 1597 3044 ecclesiam
1615 3017 1802 3041 romanam
1822 3004 1879 3037 de-

153 3067 272 3102 rivata
290 3068 506 3103 universalis
525 3069 685 3103 celebrat
703 3070 738 3103 et
756 3069 950 3102 veneratur
967 3065 1141 3106 Ecclesia,
1159 3064 1254 3099 sicut
1267 3064 1526 3109 praediximus,
1541 3071 1606 3095 nos
1621 3058 1824 3094 accendunt
1842 3058 1879 3090 et

155 3120 261 3155 silere
279 3133 322 3156 ac
341 3122 484 3156 desides
502 3133 577 3156 esse
595 3132 827 3166 nequaquam
843 3120 1095 3165 permittunt.‘

297 3182 319 3207 Η
330 3190 347 3207 u
358 3189 370 3206 r
381 3184 391 3207 t
402 3189 416 3207 e
426 3190 449 3212 r,
471 3181 617 3213 Compend.
636 3181 789 3214 theologiae
810 3182 832 3211 1,
853 3180 894 3205 10.
914 3179 955 3204 ed.
1625 3175 1666 3206 27
