2175 3382
748 150 857 183 Sedes
877 159 1029 182 romana
1047 149 1210 192 undique
1228 150 1407 183 consulta.
1861 154 1946 196 389

205 270 400 321 juvarem
423 267 655 308 Damasum
678 279 885 308 romanae
906 266 1022 307 urbis
1050 267 1311 319 episcopum,
1343 272 1384 308 et
1416 266 1599 308 Orientis
1624 267 1948 322 Occidentisque

210 338 422 392 synodicis
444 338 828 380 consultationibus
850 337 1156 389 responderem
1178 342 1278 381 ete.“

327 436 510 485 Expende
531 436 594 474 hic
617 438 807 484 quatuor:
840 446 882 476 a.
907 435 1205 473 consultationis
1235 436 1446 479 factum;
1481 433 1522 475 b.
1545 436 1629 483 ejus
1660 436 1788 483 quoad
1818 437 1947 474 locum

210 495 635 544 amplitudinem:
667 495 925 532 consulebant·
956 495 1059 531 enim
1085 495 1292 531 Damasum
1322 506 1402 531 non
1425 494 1551 531 solum
1574 494 1724 531 romani
1755 495 1817 532 vel
1848 495 1946 539 itali,

212 555 277 592 sed
299 554 516 592 universim
548 554 816 597 occidentales,
852 554 930 590 imo
965 555 1004 590 et
1038 553 1347 598 orientales3
1383 562 1421 593 (3.
1455 553 1747 590 consulentium
1778 556 1944 592 aucto-

210 613 435 657 ritatem,
469 613 730 650 consulebant
752 613 856 650 enim
878 625 956 650 non
980 613 1108 650 solum
1131 612 1280 649 indocti
1302 611 1349 649 de
1370 612 1496 660 plebe,
1527 612 1590 649 vel
1612 612 1786 660 episcopi
1809 612 1946 662 singu-

210 673 324 717 lares,
356 672 422 709 sed
452 664 495 710 et
526 672 684 721 synodi3
717 669 762 711 d.
799 672 1098 709 consultationis
1132 671 1492 719 frequentiam,
1525 671 1573 707 de
1604 671 1714 708 brevi
1745 671 1849 708 enim
1879 672 1948 709 illo

210 736 386 780 tempore
408 727 689 783 (affl—384),
713 743 790 778 quo
812 731 955 768 Romae
977 730 1082 779 apud
1105 731 1312 767 Damasum
1335 730 1575 775 versabatur,
1589 729 1769 778 loquitur
1791 732 1949 768 sanctus

210 790 486 839 Hieronymus.
531 789 583 827 Cf.
606 789 783 834 ejusdem
806 801 835 827 s.
859 789 1025 827 doctoris
1047 802 1105 838 ep.
1135 795 1197 829 15.
1228 796 1277 829 16
1302 789 1349 826 ad
1372 789 1539 826 eundem
1564 789 1772 826 Damasum
1798 792 1948 837 (opusc.

210 849 261 885 Xl
284 861 342 898 ep.
369 855 405 894 2,
431 846 485 901 3),
509 849 578 886 ubi
599 849 714 896 plane
735 849 984 886 luculentum
1009 848 1340 886 consultationum
1372 848 1566 896 specimen
1596 850 1636 885 et
1657 848 1699 884 in
1721 848 1948 896 quaestione

210 908 300 945 fidei
330 910 369 945 et
400 907 443 945 in
474 908 631 957 negotio
663 907 947 945 communionis
978 907 1260 945 ecclesiasticae
1290 907 1474 955 reperies.
1516 907 1634 955 Cujus
1664 907 1863 944 occasione
1893 907 1949 944 ita

213 966 349 1004 sciibit
370 969 507 1004 auctor
528 967 618 1003 libr.
642 967 910 1004 Carolinorum
932 967 961 1011 Ι,
987 974 1030 1007 6:
1065 966 1190 1011 „Mira
1210 978 1271 1003 res
1307 968 1346 1003 et
1368 966 1520 1015 magnis
1551 965 1807 1014 praedicanda
1836 979 1948 1014 prae-

211 1025 346 1063 coniis.
387 1027 614 1075 interrogat
637 1023 735 1077 (scil.
758 1023 1040 1077 Hieronymus)
1063 1038 1164 1067 eum,
1188 1038 1210 1062 a
1231 1037 1308 1073 quo
1332 1022 1530 1077 (Damaso)
1554 1025 1833 1074 interrogatur,
1858 1037 1949 1062 con-

212 1085 305 1122 sulit
326 1098 349 1122 a
368 1097 447 1133 quo
469 1085 712 1130 consulitur;
747 1085 816 1133 qui
839 1085 1070 1133 magistrum
1103 1096 1143 1121 se
1165 1084 1206 1121 in
1228 1084 1535 1132 interpretandis
1567 1083 1713 1121 divinis
1737 1083 1949 1132 Scripturis

212 1143 347 1189 sentit,
379 1144 422 1181 in
443 1144 571 1181 causis
594 1143 684 1181 fidei
706 1144 918 1181 venerandi
941 1143 1134 1192 pontificis
1157 1155 1197 1180 se
1219 1143 1461 1191 discipulum
1482 1143 1642 1180 minime
1664 1143 1878 1188 erubescit:
1911 1145 1950 1180 et

213 1203 278 1250 qui
302 1214 428 1240 sacrae
451 1203 550 1252 legis
573 1203 851 1251 quaestionum
885 1215 1007 1240 nexus
1029 1203 1183 1246 enodat,
1219 1206 1354 1239 utrum
1387 1202 1610 1251 hypostasis
1643 1202 1767 1239 dicere
1798 1201 1949 1247 debeat,

212 1262 403 1310 quibusve
426 1262 467 1299 in
489 1262 648 1299 Oriente
671 1262 958 1299 communicare
981 1261 1182 1311 efflagitat.
1225 1261 1336 1298 Unde
1371 1261 1487 1298 datur
1508 1260 1693 1310 intelligi,
1727 1264 1880 1298 sanctos
1911 1263 1951 1298 et

212 1321 387 1358 eruditos
408 1321 513 1358 viros
537 1333 608 1369 per
630 1321 802 1358 diversas
824 1321 963 1357 mundi
986 1326 1117 1369 partes
1151 1320 1452 1369 praedicationis
1488 1322 1527 1357 et
1558 1320 1740 1357 scientiae
1774 1320 1950 1368 lampade

212 1382 457 1417 coruscantes
488 1392 567 1418 non
602 1380 729 1417 solum
761 1393 783 1417 a
814 1382 947 1417 sancta
980 1392 1140 1417 romana
1162 1379 1337 1417 Ecclesia
1369 1390 1449 1417 non
1482 1379 1695 1425 recessisse,
1731 1379 1799 1416 sed
1831 1379 1950 1417 etiam

210 1442 385 1487 tempore
418 1438 665 1476 necessitatis
697 1439 746 1476 ob
777 1439 868 1476 fidei
899 1439 1252 1476 corroborationem
1283 1439 1331 1475 ab
1363 1451 1406 1475 ea
1436 1438 1677 1487 adjutorium
1708 1438 1948 1486 implorasse.

215 1497 322 1541 Quod
344 1498 590 1547 regulariter,
622 1500 669 1536 ut
689 1498 855 1546 praefati
877 1510 1014 1535 sumus
1037 1501 1077 1535 et
1107 1497 1294 1546 exemplis
1325 1497 1542 1542 docuimus,
1574 1509 1706 1534 omnes
1736 1497 1947 1535 catholicae

215 1557 360 1594 debent
381 1557 587 1595 observare
610 1557 804 1601 ecclesiae,
827 1559 873 1594 ut
895 1557 943 1594 ab
966 1569 1010 1594 ea
1032 1559 1122 1605 post
1144 1556 1338 1593 Christum
1364 1556 1411 1594 ad
1433 1556 1685 1594 muniendam
1708 1556 1822 1594 fidem
1837 1556 1950 1605 adju-

212 1615 360 1653 torium
381 1618 529 1665 petant,
553 1629 653 1664 quae
674 1629 753 1654 non
771 1616 917 1653 habens
940 1616 1134 1653 maculam
1155 1627 1226 1653 nec
1248 1629 1398 1665 rugam,
1415 1618 1455 1653 et
1475 1617 1732 1664 portentuosa
1746 1616 1953 1652 haeresum

214 1675 339 1723 capita
360 1676 493 1720 calcat,
517 1677 557 1712 et
579 1675 754 1713 fidelium
777 1678 927 1713 mentes
949 1675 991 1711 in
1012 1675 1086 1711 fide
1108 1675 1340 1712 corroborat.
1352 1680 1369 1697 «

332 1770 387 1807 De
410 1770 549 1808 Rufino
571 1771 823 1808 Anastasium
846 1771 874 1807 Ι.
900 1768 939 1821 (†
963 1766 1065 1822 401)
1088 1770 1289 1808 consuluit
1310 1770 1538 1807 Joannes
1560 1769 1952 1818 hierosolymitanus;

216 1829 264 1865 ad
286 1829 487 1877 episcopos
508 1829 688 1878 Illyricos
720 1829 854 1867 scribit
876 1829 1209 1866 Coelestinus
1232 1829 1278 1879 (c.
1301 1842 1332 1865 a.
1357 1826 1459 1880 425)
1483 1841 1541 1877 ep.
1567 1835 1611 1869 3:
1645 1829 1783 1872 „Inter
1804 1830 1952 1866 ceteras

214 1900 325 1924 curas
347 1890 388 1925 et
409 1888 566 1925 diversa
586 1888 755 1938 negotia,
780 1901 880 1937 quae
901 1888 950 1925 ad
972 1900 1042 1925 nos
1063 1901 1108 1925 ex
1132 1888 1334 1926 cunctis
1355 1888 1523 1925 veniunt
1544 1900 1740 1936 semper
1770 1887 1952 1932 ecclesiis,

214 1947 506 1995 propensiorem
534 1959 604 1985 nos
636 1947 752 1984 etiam
775 1947 898 1985 vestri
920 1947 1226 1984 sollicitudinem
1247 1959 1380 1996 gerere
1402 1978 1410 1986 .
1435 1977 1442 1983 .
1466 1975 1474 1982 .
1495 1946 1678 1996 poteritis
1710 1946 1952 1984 advertere«.

215 2005 321 2043 Facti
343 2017 434 2043 vero
456 2007 650 2043 rationem
672 2019 759 2044 mox
780 2006 933 2043 reddit:
967 2007 1074 2051 ,Nos
1096 2007 1305 2054 praecipua
1336 2006 1436 2043 circa
1467 2017 1600 2043 omnes
1632 2005 1952 2055 constringimur,

214 2064 359 2113 quibus
381 2066 654 2103 necessitatem
677 2065 725 2102 de
759 2065 941 2102 omnibus
971 2065 1168 2102 tractandi
1191 2065 1371 2102 Christus
1403 2065 1445 2102 in
1476 2077 1505 2102 s.
1528 2065 1645 2101 Petro
1668 2077 1740 2113 ap„
1772 2076 1862 2102 cum
1892 2064 1954 2101 1111

214 2124 338 2161 claves
360 2124 562 2172 aperiendi
585 2124 872 2173 claudendique
896 2125 1017 2169 daret,
1039 2124 1251 2162 indulsit«
1274 2146 1332 2151 —
1354 2124 1455 2168 Quid
1478 2123 1722 2161 luculentius
1735 2123 1831 2169 illis,
1854 2135 1953 2171 quae

214 2182 381 2232 legimus
402 2183 444 2219 in
465 2183 593 2220 literis
615 2183 753 2232 synodi
776 2183 1103 2221 sardicensis
1127 2180 1177 2235 (a.
1203 2182 1422 2231 343—44)
1457 2183 1502 2220 ad
1526 2182 1680 2220 Julium
1702 2195 1739 2219 n.
1769 2190 1783 2222 1
1802 2196 1810 2219 :
1844 2182 1954 2226 „Hoc

215 2241 320 2279 enim
341 2242 535 2291 optimum
557 2245 598 2280 et
618 2242 731 2279 valde
753 2243 1158 2292 congruentissimum
1181 2254 1266 2280 esse
1286 2242 1500 2287 videbitur,
1534 2242 1565 2278 si
1596 2241 1644 2278 ad
1667 2243 1786 2289 caput
1806 2241 1830 2279 i.
1852 2253 1883 2281 8.
1905 2241 1953 2278 ad

214 2300 322 2337 Petri
343 2300 512 2349 apostoli
535 2301 666 2339 sedem
689 2302 734 2338 de
757 2301 926 2351 singulis
949 2302 1174 2350 quibusque
1196 2300 1412 2350 provinciis
1434 2300 1593 2337 Domini
1625 2300 1798 2338 referant
1827 2312 1953 2337 sacer-

214 2359 380 2397 dotes?«
424 2359 569 2404 Quanti
590 2372 680 2397 vero
704 2361 878 2409 synodus
901 2360 1039 2398 fecerit
1060 2372 1242 2398 romanae
1266 2360 1368 2397 sedis
1389 2359 1615 2408 primatum,
1638 2359 1768 2408 liquet
1781 2372 1826 2397 ex
1840 2371 1954 2397 cano-

215 2417 334 2455 nibus
359 2424 395 2458 2.
420 2425 456 2459 4.
481 2425 502 2459 5
528 2419 577 2455 al.
604 2425 624 2458 7
658 2419 706 2456 ab
729 2431 773 2456 ea
803 2419 930 2458 editis
972 2419 1146 2456 Eandem
1179 2418 1375 2456 rationem
1405 2418 1537 2455 reddit
1558 2419 1842 2463 Possessor,
1873 2418 1954 2466 epi-

215 2489 354 2526 scopus
376 2477 468 2522 afer,
492 2477 540 2514 de
562 2478 697 2515 Fausti
718 2478 884 2526 rejensis
908 2478 1020 2515 libris
1044 2478 1093 2515 ad
1107 2477 1356 2514 Hormisdam
1371 2489 1576 2515 recurrens
1592 2475 1641 2529 (a.
1661 2474 1783 2530 5⁶20):
1808 2503 1825 2521 »
1837 2478 1955 2514 Decet

215 2538 254 2573 et
275 2536 443 2585 expedit,
467 2536 602 2584 inquit
622 2537 700 2582 ille,
734 2537 781 2574 ad
803 2537 942 2585 capitis
964 2549 1164 2574 recurrere
1186 2536 1527 2582 medicamentum,
1558 2536 1713 2584 quoties
1744 2536 1877 2585 agitur
1906 2535 1954 2573 de

217 2595 383 2632 sanitate
404 2595 681 2635 membrorum.
724 2595 820 2640 Quis
843 2596 948 2632 enim
970 2596 1157 2644 majorem
1180 2595 1280 2632 circa
1302 2594 1500 2644 subjectos
1516 2595 1826 2633 sollicitudinem
1839 2595 1953 2644 gerit,

214 2656 284 2691 aut
304 2666 327 2690 a
348 2666 425 2702 quo
447 2655 572 2704 magis
593 2654 775 2692 nutantis
798 2654 889 2692 fidei
910 2654 1106 2691 stabilitas
1128 2653 1357 2703 expetenda,
1392 2667 1510 2703 quam
1533 2655 1580 2691 ab
1602 2655 1686 2703 ejus
1708 2654 1812 2691 sedis
1842 2666 1953 2702 prae-

216 2712 306 2755 side,
330 2713 444 2762 eujus
464 2713 617 2762 primus
640 2727 661 2750 a
676 2713 828 2751 Christo
849 2715 978 2750 rector
1000 2713 1173 2750 audivit:
1201 2713 1258 2750 Tu
1281 2725 1318 2750 es
1340 2713 1475 2750 Petrus
1496 2718 1528 2749 et
1549 2726 1667 2761 super
1687 2714 1784 2750 hanc
1803 2718 1954 2761 petram

217 2771 421 2817 aedificabo
443 2772 653 2810 Ecclesiam
675 2785 797 2809 meam
821 2769 973 2824 (Matth.
1003 2779 1064 2816 16,
1095 2768 1218 2824 18)?«

338 2871 432 2905 373.
456 2865 682 2914 Exceptioni
703 2867 930 2905 occurritur.
975 2866 1127 2903 Scimus
1150 2866 1330 2914 equidem
1366 2869 1406 2904 et
1427 2866 1522 2904 alios
1544 2867 1743 2915 episcopos
1766 2866 1827 2903 vel
1849 2865 1954 2902 viros

218 2923 383 2961 scientia
403 2925 443 2960 et
464 2924 675 2962 sanctitate
696 2926 915 2962 eminentes
937 2924 1061 2962 fuisse
1082 2924 1223 2973 passim
1253 2925 1429 2974 undique
1459 2925 1658 2962 consultos
1689 2924 1729 2961 in
1761 2923 1955 2972 quaestio-

216 2982 333 3019 nibus
367 2982 459 3019 fidei
491 2984 531 3020 et
563 2983 804 3033 disciplinae,
840 2996 897 3021 ex.
931 2996 989 3033 gr.
1011 2984 1373 3033 Augustinum,
1408 2983 1674 3029 Basilium,
1709 2983 1954 3031 Hierony-

218 3053 345 3078 mum
367 3041 561 3089 aliosque;
597 3042 665 3079 sed
687 3055 766 3080 non
787 3044 992 3091 propterea
1014 3042 1132 3090 hujus
1154 3042 1245 3080 facti
1266 3043 1325 3081 vis
1356 3042 1404 3080 ad
1425 3042 1733 3080 confirmandum
1763 3040 1956 3090 pontificis

219 3099 434 3147 primatum
455 3100 629 3145 eliditur,
652 3101 729 3138 imo
751 3101 885 3150 potius
907 3100 1134 3138 illustratur
1165 3104 1284 3150 atque
1306 3101 1524 3139 roboratur.
1566 3101 1642 3138 Eae
1672 3100 1775 3137 enim
1798 3100 1956 3137 consul-
