2175 3382
194 138 281 176 2443
524 131 644 165 'li-act.
667 131 726 165 llI.
745 131 798 166 De
821 130 993 166 Ecclesia.
1012 131 1140 165 'rhesis
1161 131 1267 166 XLll,
1293 132 1402 165 Extra
1424 130 1621 166 Ecclesiam

191 254 251 291 vel
283 253 472 302 culpabili
504 253 745 302 negligentia
776 251 905 305 (cujus
939 253 1045 291 solus
1070 254 1173 290 Deus
1200 253 1319 300 judex
1352 252 1428 304 est)
1453 265 1530 290 non
1553 256 1695 290 curant
1716 266 1847 291 veram
1871 254 1930 291 in-

191 312 323 349 venire
344 312 554 350 Ecclesiam
576 324 737 360 eamque
761 312 939 362 ingredi,
975 312 1044 360 qui
1068 315 1276 361 propterea
1297 325 1374 349 non
1397 312 1511 353 bona.
1544 312 1610 349 sed
1633 313 1731 349 mal
1747 326 1768 349 a
1790 312 1864 350 fide
1886 317 1930 350 ut

192 375 236 408 ut
258 371 332 408 dici
356 371 456 409 solet
480 373 576 408 sunt
597 374 706 408 extra
727 371 951 409 Ecclesiam.

310 465 406 506 220.
429 462 808 506 Demonstratio.
856 463 897 505 l.
931 461 1093 514 Dogma
1125 462 1206 502 hoc
1237 462 1427 515 sequitur
1449 473 1524 514 per
1547 460 1722 502 modum
1744 461 1932 503 corol-

190 532 318 574 larii
350 545 400 574 ex
433 532 554 574 dictis
577 533 628 574 de
650 532 838 574 Ecclesia
861 543 1042 585 corpore
1065 532 1219 573 Christi
1241 545 1280 573 n.
1304 536 1387 576 207
1411 545 1464 573 55.
1507 530 1616 572 Nam
1639 543 1766 573 nemo
1788 531 1930 573 salva-

193 607 271 652 tur,
303 603 382 644 nisi
414 604 484 656 qui
516 609 580 645 est
606 602 780 644 Christi:
814 615 940 644 nemo
963 604 1075 644 enim
1098 604 1213 644 venit
1236 606 1290 644 ad
1313 602 1485 644 Patrem
1507 603 1587 643 nisi
1609 613 1684 655 per
1706 601 1931 652 Christum,

191 685 287 714 cum
310 674 399 727 ipse
421 675 473 715 sit
494 675 576 726 ria,
598 675 750 715 veritas
771 679 807 714 et
829 675 913 715 vita
935 673 1002 717 Jo.
1023 677 1086 724 14,
1104 677 1152 723 6;
1178 686 1304 715 nemo
1320 674 1520 723 salvatur,
1543 674 1623 714 nisi
1645 674 1700 714 sit
1722 673 1829 714 filius
1843 673 1931 721 Dei,

191 756 291 785 nam
323 745 359 784 si
388 744 482 798 filii,
513 749 549 785 et
579 745 742 785 heredes
764 744 885 787 Rom.
910 749 948 794 S,
976 748 1040 788 17.
1083 745 1210 798 Atqui
1242 746 1277 785 si
1309 746 1399 799 quis
1434 745 1640 799 Spiritum
1664 743 1818 785 Christi
1849 757 1928 785 nou

191 817 322 865 habet,
354 817 417 858 hic
450 830 528 857 non
563 821 619 858 est
650 817 760 870 ejus,-
791 828 929 869 neque
952 816 1059 857 filius
1091 820 1156 857 est
1177 815 1264 865 Dei,
1296 828 1397 857 nam
1419 817 1652 871 quicunque
1673 816 1828 870 spiritu
1852 815 1932 856 Dei

192 894 389 942 (aguntur,
415 889 444 928 ἰὶ
467 892 562 928 sunt
581 887 661 939 filii
685 887 763 927 Dei
785 887 837 928 ib.
863 891 900 937 8,
918 890 954 931 9.
974 891 1039 932 14.
1071 886 1178 939 Ergo
1194 887 1265 940 qui
1279 885 1481 939 Spiritum
1505 886 1660 927 Christi
1682 898 1768 928 non
1790 885 1932 935 habet,

191 958 335 1012 nequit
356 958 521 999 salvari.
555 957 683 1010 Atqui
697 956 898 1010 Spiritum
913 956 1073 999 Christi
1087 957 1247 999 nullum
1262 957 1502 998 membrum
1527 969 1553 998 a
1576 969 1757 1010 corpore
1779 961 1930 1010 sponte

191 1041 269 1070 sua
291 1029 530 1082 praecisum
563 1034 604 1070 et
635 1041 659 1070 a
692 1040 871 1082 corpore
902 1040 948 1069 se
979 1028 1235 1069 subtrahens
1259 1027 1409 1075 habet;
1440 1026 1629 1069 Ecclesia
1650 1039 1753 1069 vero
1776 1039 1932 1081 corpus

191 1105 254 1141 est
276 1098 440 1143 Christi.
482 1099 675 1141 Membra
706 1111 806 1152 ergo
839 1099 893 1140 ab
916 1099 1106 1140 Ecclesia
1136 1099 1331 1152 praecisa
1363 1109 1557 1151 quaeque
1588 1109 1634 1139 se
1667 1098 1721 1139 ab
1743 1097 1932 1141 Ecclesia

191 1170 456 1219 subtrahunt,
482 1169 639 1224 Spiritu
663 1170 816 1211 Christi
837 1170 1020 1223 ideoque
1043 1174 1085 1211 et
1107 1181 1181 1222 spe
1205 1169 1354 1210 salutis
1376 1173 1536 1210 carent.
1563 1167 1655 1219 Quo
1680 1174 1930 1221 argumento

190 1241 369 1283 libenter
390 1242 523 1283 utitur
545 1242 884 1294 Augustinus
908 1242 964 1297 (n.
988 1244 1072 1286 211
1091 1243 1136 1291 ²).

308 1325 352 1367 2.
376 1322 576 1378 Sequitur
599 1337 650 1365 ex
673 1324 796 1365 dictis
829 1323 880 1365 de
912 1323 929 1364 f
935 1324 1021 1365 ine
1044 1323 1257 1364 Ecclesiae
1280 1336 1318 1364 n.
1343 1327 1440 1368 204.
1483 1323 1580 1365 Ideo
1604 1323 1717 1364 enim
1740 1322 1932 1364 Christus

191 1395 423 1437 Ecclesiam
446 1396 636 1445 instituit,
666 1400 712 1437 ut
744 1396 786 1436 in
818 1407 869 1437 ea
892 1399 933 1437 et
954 1407 1030 1448 per
1051 1407 1148 1436 eam
1171 1407 1294 1436 suam
1317 1395 1590 1435 continuaret
1612 1394 1931 1435 oeconomiam:

190 1468 296 1508 sicut
318 1469 431 1508 enim
453 1468 568 1507 misit
589 1480 652 1507 me
674 1467 816 1521 Pater,
849 1471 886 1507 et
917 1479 987 1520 eqo
1014 1467 1130 1507 mitto
1152 1479 1220 1507 vos
1243 1464 1304 1507 Jo.
1328 1469 1395 1514 20,
1419 1469 1486 1509 21.
1530 1463 1647 1506 Sicut
1668 1476 1767 1517 ergo
1785 1463 1932 1518 judaei

192 1537 406 1580 Christum
440 1538 632 1580 nolentes
667 1539 875 1591 excipere,
910 1538 1070 1587 audire,
1110 1537 1241 1590 sequi,
1287 1537 1421 1578 salute
1456 1536 1725 1578 exciderunt:
1769 1535 1827 1576 ita
1862 1536 1932 1588 qui

192 1608 403 1651 Christum
426 1610 469 1650 in
490 1610 678 1651 Ecclesia
702 1614 743 1651 et
764 1621 840 1662 per
861 1608 1094 1650 Ecclesiam
1117 1608 1342 1649 docentem
1365 1620 1451 1649 non
1475 1606 1605 1656 audit,
1627 1610 1805 1659 peccata
1825 1617 1930 1646 con-

191 1680 423 1723 donantem
445 1686 688 1723 reverenter
711 1693 799 1723 non
821 1681 987 1733 excipit,
1011 1680 1342 1733 praecipientem
1365 1678 1545 1730 negligit,
1584 1677 1765 1718 salutem
1786 1677 1932 1730 nequit

192 1764 385 1804 sperare:
416 1753 515 1794 hinc
541 1752 674 1794 verba
696 1751 850 1794 Christi
872 1751 1124 1804 gravissima
1145 1750 1290 1791 Matth.
1317 1753 1383 1799 18,
1409 1752 1484 1793 17:
1516 1750 1562 1790 Si
1592 1747 1816 1789 Ecclesiam
1849 1760 1930 1787 non

193 1824 387 1878 audierit,
409 1824 463 1864 sit
489 1823 563 1864 tibi
584 1824 688 1864 sicut
710 1823 894 1864 ethnicus
916 1829 952 1864 et
972 1821 1231 1876 publicana-5.

191 1987 295 2021 nulla
313 1988 593 2033 obstringantur
618 1988 769 2032 hujusce
796 1988 851 2022 rei
878 1988 986 2032 culpa
1005 1988 1094 2020 ante
1114 1987 1238 2020 oculos
1258 1985 1416 2025 Domini,
1437 1985 1501 2029 qui
1520 1985 1600 2018 vult
1619 1992 1745 2017 omnes
1765 1982 1933 2016 homines

191 2041 308 2075 salvos
326 2041 405 2075 fieri
422 2046 456 2076 et
477 2042 522 2075 ad
541 2041 772 2086 agnitionem
789 2041 958 2075 veritatis
982 2039 1119 2080 venire,
1149 2039 1287 2083 quique
1315 2038 1478 2080 facienti,
1507 2036 1606 2082 quod
1633 2036 1671 2070 in
1699 2046 1735 2070 se
1763 2035 1830 2076 est,
1857 2044 1932 2068 non

191 2094 351 2140 denegat
368 2095 540 2139 gratiam,
557 2096 600 2128 ut
625 2093 933 2140 justificationem
960 2095 997 2128 et
1023 2093 1138 2128 vitam
1166 2094 1355 2127 aeternam
1383 2091 1558 2135 consequi
1585 2090 1721 2135 possit-3
1750 2088 1812 2123 sed
1839 2087 1932 2122 hanc

191 2147 316 2182 nullus
334 2147 581 2192 consequitur,
600 2148 663 2192 qui
681 2158 702 2181 a
720 2147 805 2182 fidei
823 2148 969 2181 unitate
986 2147 1045 2181 vel
1065 2146 1111 2180 ab
1130 2145 1313 2180 Ecclesiae
1341 2145 1600 2179 communione
1628 2141 1865 2187 culpabiliter
1882 2151 1933 2174 se-

185 2202 339 2246 junctus
358 2213 400 2237 ex
418 2203 486 2236 hac
506 2202 583 2237 vita
602 2202 757 2236 decedit.
791 2200 829 2235 Si
849 2201 931 2245 quis
948 2201 989 2234 in
1001 2201 1071 2234 hac
1086 2210 1171 2233 arca
1183 2211 1256 2234 non
1271 2199 1394 2239 fuerit,
1410 2198 1547 2243 peribit
1561 2199 1740 2242 regnante
1753 2195 1930 2231 diluvi0.‘

192 2256 346 2290 Gemina
357 2255 514 2300 legimus
531 2256 571 2289 in
587 2255 706 2290 literis
720 2253 917 2298 encyclicis
934 2253 962 2287 P
973 2253 1009 2287 ii
1027 2253 1088 2287 IX.
1109 2252 1275 2294 ²>Quanto
1294 2251 1556 2286 conficiamur‘
1573 2253 1627 2285 19.
1645 2250 1804 2295 August-i
1822 2250 1931 2284 1863:

193 2308 353 2347 ,Notum
377 2310 443 2349 est,
462 2318 530 2349 eos,
551 2309 615 2352 qui
633 2307 842 2342 invincibili
862 2306 958 2341 circa
985 2305 1256 2340 sanctissimam
1282 2306 1446 2340 nostram
1472 2304 1690 2349 religionem
1715 2302 1933 2348 ignorantia

190 2362 361 2396 laborant
378 2361 515 2406 quique
532 2362 741 2396 naturalem
760 2360 879 2406 legem
899 2359 1050 2405 ejusque
1067 2359 1266 2404 praecepta
1292 2358 1331 2392 in
1359 2358 1525 2392 omnium
1555 2356 1727 2391 cordibus
1746 2367 1767 2389 a
1784 2355 1860 2390 Deo
1878 2355 1933 2389 in·

190 2416 335 2460 sculpta
353 2415 480 2450 sedulo
498 2416 683 2449 servantes
701 2425 742 2448 ac
762 2414 836 2448 Deo
856 2413 1008 2448 obedire
1039 2413 1162 2458 parati
1188 2412 1383 2445 honestam
1410 2412 1623 2454 rectamque
1655 2410 1769 2444 vitam
1796 2411 1931 2454 agunt:

188 2479 294 2513 posse
313 2469 458 2503 divinae
476 2469 568 2503 lucis
588 2470 625 2503 et
642 2468 786 2513 gratiae
805 2468 983 2511 operante
1000 2467 1149 2507 virtute,
1169 2467 1358 2500 aeternam
1376 2465 1555 2508 consequi
1573 2465 1700 2504 vitam,
1722 2475 1805 2497 cum
1823 2463 1931 2502 Deus,

190 2521 253 2564 qui
271 2521 434 2555 omnium
466 2522 619 2561 mentes,
646 2521 798 2560 animas,
825 2519 1070 2564 cogitationes
1097 2517 1319 2565 habitusque
1347 2518 1456 2562 plane
1483 2517 1659 2557 intuetur,
1693 2516 1878 2549 scrutatur
1897 2516 1932 2548 et

190 2568 319 2610 noscit.
337 2584 403 2618 pro
422 2584 490 2607 sua
507 2574 677 2608 bonitate
695 2576 731 2607 et
748 2573 943 2607 clementia
959 2572 1111 2606 minime
1127 2571 1294 2616 patiatur
1312 2571 1522 2615 quempiam
1535 2569 1693 2604 aeternis
1707 2568 1831 2613 puniri
1845 2579 1932 2612 sup-

190 2626 321 2671 pliciis,
339 2627 403 2671 qui
421 2627 650 2661 voluntariae
669 2627 799 2671 culpae
816 2628 959 2660 reatum
977 2635 1051 2659 non
1068 2624 1214 2659 habeat.
1235 2624 1305 2659 Sed
1323 2624 1558 2658 notissimum
1572 2633 1719 2667 quoque
1732 2624 1789 2656 est
1803 2621 1931 2656 cat-ho-

189 2680 301 2714 licum
318 2680 464 2725 dogma,
482 2681 668 2714 neminem
686 2679 828 2714 scilicet
854 2680 957 2713 extra
984 2678 1206 2712 catholicam
1226 2677 1426 2711 Ecclesiam
1443 2687 1549 2721 posse
1568 2676 1736 2712 salvari.‘
1771 2675 1828 2709 Ne
1845 2685 1929 2709 vero

190 2733 272 2777 quis
289 2733 396 2777 putet
412 2733 480 2767 hac
499 2733 729 2768 concessione
747 2732 865 2766 minui
882 2732 1000 2765 zelum
1019 2732 1235 2771 animarum,
1253 2731 1463 2775 inferatque
1480 2729 1566 2764 inde
1590 2728 1719 2762 melius
1733 2727 1821 2762 fore.
1840 2727 1872 2761 si
1889 2727 1928 2768 ii,

190 2786 254 2830 qui
272 2787 374 2820 extra
390 2785 591 2820 Ecclesiam
610 2787 705 2827 sunt,
723 2786 763 2819 in
781 2786 879 2820 bona
895 2784 1158 2828 relinquantur
1187 2783 1279 2818 fide:
1307 2784 1457 2824 notetur
1476 2783 1512 2817 1.
1531 2782 1609 2822 hos,
1638 2782 1808 2826 quamvis
1826 2781 1929 2815 abso-

190 2840 267 2874 lute
285 2839 428 2884 possint
443 2839 584 2880 salvari,
604 2839 713 2883 longe
730 2841 857 2872 tamen
881 2837 1072 2871 difficilius
1091 2837 1248 2871 salutem
1268 2836 1453 2880 consequi,
1483 2846 1525 2869 eo
1553 2835 1653 2879 quod
1675 2834 1930 2868 destituuntur

189 2894 247 2926 tot
265 2891 394 2925 salutis
414 2891 555 2931 mediis,
573 2902 667 2935 quae
685 2891 724 2925 in
742 2891 821 2925 sola
837 2901 923 2925 vera
949 2890 1135 2924 habentur
1152 2889 1324 2929 Ecclesia,
1352 2891 1394 2923 ut
1419 2891 1649 2922 sacramento
1675 2885 1929 2932 poenitentiae

190 2947 278 2984 etc.;
296 2945 333 2981 2.
350 2955 426 2979 non
442 2947 517 2978 tam
537 2944 645 2978 facile
662 2944 821 2989 supponi
839 2944 972 2978 debere
989 2944 1124 2977 bonam
1144 2943 1265 2984 fidem,
1283 2953 1364 2976 cum
1384 2941 1536 2976 humani
1563 2940 1683 2975 cordis
1710 2939 1855 2974 malitia
1882 2939 1929 2973 sit

190 2998 455 3037 inscrutabilis,
473 3007 566 3041 quae
585 2997 729 3042 saepius
747 2998 892 3043 gratiae
909 2997 1058 3031 vocanti
1086 2997 1236 3036 resistit,
1263 3006 1374 3039 quam
1400 2994 1564 3040 putetur.
1597 2993 1737 3028 Deinde
1753 2993 1791 3028 3.
1810 2991 1928 3026 Eccle-

190 3053 283 3085 siam
299 3051 417 3085 teneri
441 3050 605 3084 omnium
623 3061 820 3095 procurare
839 3050 996 3084 salutem
1024 3052 1177 3094 propter
1201 3049 1441 3093 praeceptum
1467 3047 1633 3081 Domini:
1663 3047 1788 3080 Docete
1815 3056 1929 3079 omnes

190 3105 319 3138 Matth.
341 3107 396 3144 28,
418 3105 478 3141 19:
499 3105 704 3138 Praedicate
721 3104 949 3147 Evanyelium
969 3103 1066 3137 omni
1082 3107 1267 3136 creaturae
1285 3101 1396 3137 Marc,
1418 3102 1473 3141 16,
1494 3103 1548 3135 15.
