2175 3382
236 159 292 194 (Μ
668 149 786 182 'si-act.
809 147 866 182 lV.
886 148 929 181 ‹le
948 149 1030 181 tide.
1050 147 1242 181 Revelatio
1262 147 1464 181 christiana

206 282 313 323 quae
337 269 509 322 quilibet
532 269 660 308 homo
684 267 854 319 sapiens
877 278 952 319 per
973 278 1018 307 se
1042 266 1176 318 possit
1198 266 1387 318 assequi;
1410 266 1444 306 si
1467 266 1788 307 consideremus
1812 268 1857 310 b.
1881 267 1946 308 in-

205 341 465 381 carnationis
489 340 706 386 motivum,
740 337 852 390 quod
886 338 959 378 suit
990 335 1211 377 inell'abilis
1235 336 1308 377 Dei
1341 336 1584 377 humanitas
1607 341 1649 378 et
1670 338 1838 387 caritas,
1862 350 1948 392 qua

205 424 282 451 nos
306 410 435 451 voluit
458 422 544 451 non
569 414 612 450 ut
634 420 784 450 servos
799 408 970 456 habere,
986 407 1059 448 sed
1075 409 1116 447 in
1132 407 1296 448 amicos
1319 412 1361 448 et
1386 407 1492 448 tilios
1516 408 1772 458 carissimos,
1795 409 1947 462 quibus

205 486 370 522 secreta
393 485 571 533 paterna
595 480 901 521 communicari
925 479 1064 520 solent
1087 478 1166 534 (JO.
1196 481 1258 527 15,
1286 478 1368 534 14),
1393 479 1602 530 recipere;
1634 479 1669 519 si
1693 491 1731 523 c.
1755 479 1951 521 conside-

204 563 346 592 remus
370 551 641 592 revelationis
666 551 804 599 tinem,
827 551 897 603 qui
921 554 984 591 est
1007 549 1131 602 plane
1154 549 1501 601 supernaturalis,
1525 554 1566 590 et
1588 551 1633 593 d.
1658 549 1832 592 modum
1865 563 1950 604 quo

205 622 395 663 Christus
419 627 460 663 et
483 622 664 675 apostoli
687 622 993 662 revelationem
1018 620 1292 661 reddiderunt
1314 619 1579 661 credibilem:
1614 632 1751 674 neque
1774 622 1887 662 enirn
1908 622 1952 662 in

204 693 554 746 persuasibilibus
578 693 793 733 humanae
816 692 1052 744 sapientiae
1075 691 1227 739 verbiS,
1251 691 1326 732 sed
1350 692 1595 732 ostensione
1618 692 1789 744 spiritus
1808 696 1841 736 l.
1857 692 1952 734 Cor.

205 769 242 809 2,
275 769 314 813 4,
347 764 649 805 miraculorum
684 764 769 804 scil.
803 767 1012 815 apparatu
1045 762 1267 815 stupendo,
1302 763 1345 803 in
1377 763 1664 815 captivitatem
1699 763 1954 816 redegerunt

206 848 376 876 omnem
402 834 661 875 intellectum
686 835 727 874 in
751 833 1002 886 obsequium
1026 833 1121 874 fidei
1144 840 1181 878 2.
1205 833 1300 874 Cor.
1326 837 1392 882 10,
1414 838 1452 878 5.
1488 832 1791 876 Consideretur
1812 848 1853 879 e.
1877 836 1951 876 tri-

206 906 299 958 plex
323 906 419 946 fidei
443 905 693 958 proprietas,
725 905 811 946 scil.
835 917 1004 946 summa
1035 905 1125 957 ejus
1157 917 1233 957 pro
1266 904 1464 946 omnibus
1498 905 1833 955 necessitas,
1865 905 1952 948 ob-

206 978 469 1024 scuritas,
505 981 568 1017 est
600 977 710 1016 enim
744 988 830 1017 non
853 976 1149 1028 apparentium
1172 975 1295 1020 Hebr.
1325 981 1387 1024 11,
1412 980 1448 1020 6.
1476 978 1511 1024 1,
1534 980 1576 1017 et
1607 977 1878 1018 meritum:
1911 981 1955 1018 et

205 1047 362 1100 liquido
387 1046 620 1099 apparebit,
644 1046 752 1087 illius
776 1046 989 1099 objectum
1013 1058 1107 1088 esse
1130 1048 1345 1099 mysteria.
1387 1046 1546 1087 Eadem
1568 1048 1725 1088 veritas

323 1121 366 1163 2.
391 1119 599 1171 colligitur
621 1131 672 1160 ex
696 1119 847 1159 divinis
870 1119 1012 1159 literis.
1035 1118 1126 1159 Huc
1149 1122 1314 1170 spectat
1340 1122 1373 1161 1.
1398 1117 1492 1161 Cor.
1516 1122 1554 1168 2,
1577 1118 1649 1159 ubi
1665 1118 1820 1160 Paulus
1843 1119 1954 1161 inter

207 1191 289 1232 alia
312 1191 475 1232 scribit:
513 1191 745 1245 Loqnimur
769 1190 847 1231 Dei
881 1191 1132 1244 sapientiam
1169 1191 1211 1230 in
1248 1191 1451 1245 mysterio,
1485 1204 1590 1245 quae
1621 1189 1864 1232 abscondita
1895 1194 1954 1231 est

208 1295 215 1302 .
241 1295 247 1301 .
274 1295 281 1302 .
307 1276 430 1317 qnam
455 1275 569 1301 nemo
587 1263 828 1316 principum
853 1261 977 1315 lenius
999 1262 1123 1302 seculi
1146 1263 1330 1315 coqnovit
1353 1295 1360 1302 .
1385 1294 1392 1302 .
1417 1293 1424 1301 .
1448 1261 1577 1302 Nobis
1600 1266 1734 1302 autem
1760 1262 1953 1303 revelavit

206 1332 320 1374 Deus
337 1347 414 1387 per
437 1333 643 1386 Spiritum
667 1344 815 1381 seciam·
839 1332 1024 1385 Spiritus
1046 1332 1153 1372 enim
1177 1333 1314 1372 omnia
1337 1335 1565 1383 scrutatur,
1589 1333 1708 1372 etiam
1728 1332 1954 1386 profunda

206 1403 286 1444 Dei
311 1439 317 1446 .
344 1440 351 1447 .
375 1436 382 1444 .
406 1403 493 1443 Nos
527 1409 662 1443 antem
694 1416 777 1442 non
809 1403 1001 1456 spiritum
1032 1401 1154 1454 Iiztjns
1186 1402 1331 1442 mnndi
1362 1403 1608 1456 accepimns,
1639 1403 1710 1443 sed
1733 1402 1953 1458 Spiritum,

205 1476 276 1530 qni
299 1490 347 1516 ex
369 1475 457 1515 Deo
481 1479 552 1528 est,
584 1479 628 1514 ut
659 1475 852 1527 sciamus,
885 1488 989 1529 qnae
1012 1489 1037 1514 a
1059 1473 1148 1514 Deo
1180 1475 1339 1515 donata
1370 1478 1465 1515 sunt
1501 1474 1617 1514 nobis
1638 1506 1646 1513 .
1676 1507 1683 1514 .
1707 1506 1715 1514 .
1741 1474 1953 1515 Animalis

206 1551 340 1588 antem
365 1546 482 1587 homo
505 1559 587 1587 non
603 1547 781 1599 percipit
803 1559 862 1594 ea,
885 1559 991 1600 quae
1014 1550 1109 1586 sunt
1133 1544 1318 1599 Spiritus
1344 1545 1446 1594 Deip·
1468 1546 1645 1586 stultitia
1668 1545 1774 1585 enim
1798 1548 1853 1586 est
1874 1544 1952 1599 illi,

205 1623 240 1658 et
263 1631 340 1658 non
358 1621 492 1672 potest
517 1616 765 1670 inteffliyeroe
793 1620 856 1661 13,
882 1620 907 1659 9
930 1629 1004 1664 ss,
1027 1615 1148 1657 Joan.
1171 1621 1203 1665 1,
1223 1618 1294 1661 18:
1320 1615 1456 1656 Deum
1480 1629 1596 1656 nemo
1616 1616 1719 1656 vidit
1740 1629 1954 1671 unquanw

205 1689 440 1743 uniyenitus
464 1688 613 1741 Filius,
645 1688 716 1742 qni
749 1692 805 1728 est
837 1688 878 1728 'in
912 1689 1008 1728 sinn
1029 1687 1188 1740 Patris,
1223 1688 1306 1742 ipse
1338 1687 1578 1734 enai·racit‚·
1611 1686 1757 1731 Matih.
1784 1689 1849 1735 11,
1874 1690 1952 1731 27:

207 1758 335 1799 Nemo
358 1760 467 1798 novit
490 1757 531 1798 F
530 1759 645 1799 ilium
669 1760 750 1799 nisi
772 1758 928 1809 Pater;
952 1772 1076 1814 neqne
1099 1758 1267 1800 Patrem
1291 1760 1384 1813 qais
1406 1759 1532 1812 novit,
1555 1759 1638 1798 nisi
1654 1757 1803 1812 Filius,
1826 1763 1862 1799 et
1883 1758 1953 1799 cni

206 1828 340 1870 Filius
362 1831 531 1870 reinerii
555 1830 760 1881 rerelare;
788 1829 909 1873 Rom.
939 1834 1002 1879 11,
1028 1833 1104 1877 333
1141 1830 1174 1871 O
1196 1829 1373 1870 altitudo
1396 1830 1640 1870 divitiarum
1662 1830 1893 1883 sapientiae
1915 1833 1954 1870 et

204 1903 396 1942 scientiae
418 1901 512 1953 Dei,
536 1915 658 1956 qnam
697 1901 1125 1956 incomprehensibilia
1155 1905 1252 1941 saint
1276 1901 1440 1955 judicia
1473 1901 1560 1953 ejus
1591 1905 1626 1941 et
1648 1900 1952 1955 investiqabiles

207 1973 294 2012 riae
316 1973 431 2025 ejus,·
454 1971 542 2012 Col.
570 1977 604 2021 1,
629 1975 708 2022 26;
731 1972 824 2012 Bar.
850 1975 887 2022 3,
912 1975 1086 2017 31—38
1110 1977 1199 2021 etc„
1224 1984 1276 2014 ex
1293 1972 1447 2026 quibus
1462 1972 1736 2025 consequitur
1749 1986 1792 2016 a.
1808 1973 1953 2025 plures

205 2054 298 2084 esse
320 2043 592 2084 revelationis
625 2043 884 2084 christianae
914 2044 1127 2092 veritates,
1160 2056 1266 2096 quas
1297 2043 1511 2096 principes
1543 2043 1668 2096 hujus
1700 2044 1833 2085 seculi
1863 2056 1952 2085 non

205 2118 516 2166 cognoverunt3
548 2115 854 2166 experientiam
886 2116 998 2155 enim
1032 2116 1078 2158 b.
1113 2127 1190 2156 eae
1212 2115 1509 2168 rationemque
1531 2115 1640 2156 adeo
1663 2115 1885 2165 excedunt,
1906 2118 1955 2156 ut

206 2185 400 2226 animalis
415 2185 557 2235 homo,
571 2186 701 2228 homo
717 2187 921 2228 naturalis
937 2187 1028 2228 solo
1044 2187 1222 2227 rationis
1237 2186 1394 2227 lumine
1410 2198 1484 2227 eas
1502 2198 1735 2238 agnoscere
1755 2190 1953 2239 nequeat,

206 2257 279 2297 sed
303 2269 343 2300 c.
369 2257 597 2309 spiritualis
621 2262 798 2308 tantum,
823 2259 893 2312 qui
908 2257 1110 2311 Spiritum
1126 2257 1280 2300 Christi
1302 2258 1432 2300 habet
1456 2263 1497 2300 et
1520 2258 1670 2300 fruitur
1691 2258 1952 2299 revelatione

206 2327 366 2375 divina,
399 2328 556 2369 idcirco
581 2334 724 2370 autem
749 2331 795 2373 d.
818 2330 1080 2371 revelatione
1103 2334 1268 2371 tantum
1298 2342 1435 2383 eaque
1457 2342 1632 2382 prorsus
1654 2330 1839 2383 gratuita
1859 2329 1952 2370 illas

205 2400 406 2449 cognosci
429 2412 566 2451 posse,
591 2401 705 2454 quod
729 2413 877 2442 earum
900 2402 1084 2454 cognitio
1109 2407 1173 2443 est
1194 2402 1494 2455 praerogativa
1517 2402 1841 2455 propria‘atque
1863 2401 1950 2442 sin-

205 2469 360 2521 gularis
385 2470 487 2519 Filii,
511 2472 582 2523 qui
604 2476 668 2512 est
689 2473 732 2513 in
754 2473 850 2514 sinu
872 2472 1022 2522 Patris,
1045 2477 1087 2514 et
1109 2472 1289 2526 Spiritus
1320 2474 1468 2522 sancti,
1502 2473 1573 2526 qui
1606 2477 1820 2514 scrutatur
1849 2484 1949 2525 pro-

205 2539 335 2581 funda
348 2539 444 2589 Dei,
468 2555 509 2585 e.
534 2543 792 2584 revelatione
818 2543 929 2585 sacta
945 2556 1018 2585 eas
1033 2555 1208 2585 manere
1222 2543 1685 2596 incomprehensibiles.
1709 2542 1766 2586 Cf.
1789 2543 1950 2584 Fran-

205 2610 349 2652 zelin
371 2611 422 2652 de
446 2625 499 2655 ss
522 2612 633 2654 Trin.
656 2614 713 2656 th.
742 2618 814 2663 173
838 2613 1126 2656 Scheeben
1148 2615 1172 2658 l.
1199 2620 1217 2660 1
1243 2616 1265 2670 ξ
1288 2618 1336 2664 4;
1361 2615 1633 2670 Mysterien§
1660 2618 1694 2659 1.

323 2695 366 2739 3.
390 2698 498 2735 Idem
522 2700 727 2737 unanimes
749 2702 914 2738 tradunt
936 2714 983 2741 ss.
1006 2704 1147 2750 patres,
1184 2701 1253 2750 qui
1275 2703 1338 2740 vel
1360 2712 1402 2742 a.
1438 2702 1481 2738 in
1510 2713 1653 2751 genere
1685 2713 1774 2738 cum
1798 2700 1948 2750 Chry-

206 2758 431 2794 sostomo
454 2757 496 2794 in
525 2766 557 2797 1.
582 2759 661 2796 Cor.
686 2760 786 2797 hom.
814 2767 833 2800 7
858 2773 896 2798 n.
923 2768 943 2801 5
969 2761 1129 2798 docent:
1168 2761 1289 2805 „Fide
1321 2761 1502 2811 indigent
1524 2773 1581 2806 ea,
1615 2772 1714 2809 quae
1746 2760 1946 2805 dicuntur,

203 2828 332 2865 neque
353 2816 575 2854 rationibus
599 2819 875 2867 comprehendi
897 2822 1084 2868 possunt:
1117 2831 1252 2857 eorum
1284 2820 1430 2869 quippe
1452 2820 1682 2869 magnitudo
1703 2820 1847 2857 mentis
1877 2831 1948 2856 no-

204 2878 308 2913 strae
331 2875 524 2913 vilitatem
546 2877 664 2924 longo
687 2878 811 2926 spatio
835 2881 1043 2927 supe1·ant;
1077 2880 1140 2916 vel
1162 2877 1206 2920 l).
1240 2880 1286 2916 de
1309 2879 1579 2929 singularibus
1612 2880 1773 2928 agentes
1804 2878 1948 2916 verita-

203 2935 312 2972 tibus
335 2935 517 2973 revelatis
539 2936 643 2973 idem
666 2938 860 2974 statuunt.
905 2938 964 2974 [ta
985 2938 1289 2976 Ambrosius
1312 2938 1360 2975 de
1381 2938 1456 2975 fide
1478 2939 1496 2975 Ι
1518 2950 1548 2975 c.
1576 2945 1625 2979 10
1650 2951 1688 2978 n.
1713 2944 1789 2977 64:
1824 2937 1950 2982 ,Mihi

204 2994 365 3043 quidem
385 2994 629 3043 impossibile
660 2997 719 3032 est
741 2997 1002 3045 generationis
1025 2994 1149 3050 (Filii)
1184 2997 1283 3035 scire
1315 2999 1526 3041 secretum3
1561 3009 1669 3034 mens
1701 2996 1843 3042 deficit,
1873 3009 1946 3034 vox

205 3053 306 3098 silet,
340 3066 419 3091 non
441 3066 527 3091 mea
547 3056 717 3100 tantum,
754 3055 822 3092 sed
854 3058 893 3092 et
923 3056 1165 3104 angelorum,
1209 3056 1334 3105 Supra
1362 3058 1593 3105 potestates,
1627 3069 1744 3105 supra
1775 3056 1944 3105 angelos,

205 3124 322 3161 supra
344 3113 559 3160 cherubim,
592 3126 712 3162 supra
734 3114 944 3162 seraphim,
979 3127 1096 3163 supra
1119 3128 1274 3152 omnem
1305 3128 1461 3153 sensum
1493 3118 1582 3153 est<
1614 3117 1685 3153 etc.
1729 3114 1801 3153 Vel
1824 3124 1863 3155 (3.
1886 3114 1947 3151 di-
