2175 3382
822 900 1178 979 Theologia
1221 901 1566 980 generalis,

931 1010 1354 1081 Tractatus
1404 1009 1449 1079 Ι.

595 1131 1017 1182 Revelationis
1058 1130 1432 1182 christianae
1470 1130 1787 1194 Apologia.

446 1275 480 1314 1.
516 1270 827 1325 Disputationes
859 1271 1045 1324 partitio
1082 1295 1137 1300 -
1178 1268 1399 1310 Sut'ficeret
1433 1269 1487 1310 ad
1522 1269 1775 1310 refellendos
1809 1268 2060 1318 incredulos,

323 1345 475 1382 contra
498 1353 604 1394 quos
626 1342 668 1382 in
691 1342 836 1393 primis
859 1342 1091 1382 instituitur
1112 1342 1220 1382 haec
1235 1341 1477 1394 disputatio,
1501 1341 1830 1390 demonstrasse,
1852 1352 1928 1393 per
1941 1338 2061 1381 Chri-

324 1417 436 1453 stum
459 1412 613 1453 factam
637 1424 731 1453 esse
754 1412 877 1453 nobis
899 1412 1203 1453 revelationem
1235 1424 1334 1453 vere
1366 1412 1564 1453 divinam.
1607 1411 1696 1453 Hoc
1728 1412 1840 1453 enim
1863 1423 2060 1464 compro-

325 1482 425 1523 bato
441 1487 591 1535 sponte
607 1495 684 1523 sua
699 1483 983 1536 consequitur,
1007 1482 1312 1524 revelationem
1335 1487 1377 1523 et
1398 1482 1641 1535 possibilem
1665 1487 1706 1523 et
1728 1481 1872 1523 utilem
1895 1486 1937 1523 et
1958 1494 2061 1523 con-

323 1553 565 1594 venientem
597 1565 703 1595 esse.
746 1553 841 1594 Non
872 1566 958 1595 una
989 1558 1135 1595 tamen
1167 1553 1219 1594 de
1250 1566 1382 1594 causa
1413 1553 1464 1594 de
1496 1553 1561 1594 his
1593 1553 1769 1606 aliisque
1791 1552 2062 1594 revelationis

323 1623 494 1665 dotibus
509 1624 609 1665 data
624 1636 757 1677 opera
771 1625 1020 1666 disseruisse
1035 1624 1150 1665 haud
1172 1625 1251 1665 erit
1273 1624 1429 1667 inutile.
1451 1623 1565 1665 Duas
1588 1623 1765 1676 proinde
1786 1624 1830 1664 in
1851 1624 2061 1665 sectiones

323 1695 654 1747 disputationem
678 1695 984 1748 distinguimus.
1020 1695 1065 1736 In
1087 1695 1219 1748 priori
1242 1707 1416 1747 agemus
1439 1695 1490 1736 de
1513 1695 1767 1748 quibusdam
1789 1695 2062 1736 revelationis

321 1765 347 1805 d
362 1777 385 1806 o
399 1765 566 1815 tibus,
589 1767 633 1806 in
655 1766 789 1807 altera
813 1766 864 1807 de
886 1766 978 1818 ipso
1001 1765 1275 1807 revelationis
1298 1764 1314 1805 f
1322 1769 1457 1806 acto.

1047 1896 1252 1949 Sectio
1291 1899 1330 1948 Ι.

556 1996 621 2030 De
654 1996 891 2030 nonnullis
923 1995 1212 2031 revelationis
1246 1996 1422 2031 divinae
1454 1995 1823 2038 proprietatibus.

444 2121 482 2161 2.
506 2118 697 2170 Quatuor
719 2120 770 2161 de
794 2120 1055 2161 revelatione
1078 2119 1223 2160 divina
1246 2120 1393 2172 quaeri
1414 2123 1605 2172 possunt,
1637 2131 1746 2172 quae
1769 2120 1897 2160 etiam
1919 2120 1962 2160 in
1984 2119 2062 2160 du-

324 2190 442 2232 bium
463 2191 609 2231 vocari
631 2190 770 2232 solent
792 2191 846 2232 ab
870 2190 1096 2232 incredulis
1117 2190 1159 2246 1),
1192 2190 1279 2234 scil.
1302 2203 1404 2231 num
1427 2202 1478 2231 ea
1499 2190 1552 2231 sit
1573 2190 1888 2243 possibilis3
1920 2195 2062 2232 utrum

325 2262 651 2303 necessaria
674 2274 729 2302 an
752 2262 903 2303 saltem
925 2262 1103 2310 utilis;
1127 2261 1153 2302 d
1170 2261 1459 2314 ignoscine
1480 2261 1634 2314 possit;
1665 2273 1797 2314 quare
1819 2262 1966 2314 paucis
1988 2261 2062 2303 de-

325 2332 604 2373 monstranda
626 2332 750 2374 nobis
774 2337 838 2373 est
859 2332 1133 2374 revelationis
1156 2332 1426 2385 possibilitas,
1448 2332 1691 2382 necessitas,
1712 2332 1872 2374 utilitas
1895 2337 1935 2373 et
1960 2344 2061 2386 cog-

325 2402 600 2446 noscibilitas

1085 2488 1255 2544 Caput
1287 2488 1311 2532 Ι.

485 2569 555 2610 De
588 2570 959 2612 revelationis
991 2570 1379 2624 possibilitate
1413 2574 1463 2612 et
1494 2570 1898 2612 convenientia.

445 2655 481 2695 3-
505 2652 673 2695 ThOSiS
696 2653 736 2696 I·
793 2669 992 2702 Praeter
1018 2669 1249 2710 veritates,
1263 2677 1381 2710 quas
1398 2668 1533 2701 homo
1550 2667 1645 2701 solo
1659 2667 1860 2700 rationis
1885 2666 2062 2700 lumine

326 2733 597 2767 coynoscere
620 2728 784 2767 potest,
802 2726 925 2760 aliae
951 2728 1139 2761 admitti
1169 2728 1345 2769 debent,
1362 2736 1482 2770 quae
1499 2727 1700 2760 rationis
1719 2727 1908 2766 captum
1933 2733 2063 2758 eaece-

326 2785 446 2819 (lunt
471 2793 680 2826 quaeque
706 2786 932 2826 mysteria
958 2786 1050 2820 dici
1075 2786 1236 2820 solent.

446 2852 735 2895 Declarafio.
783 2856 951 2905 lesteriz·
981 2858 1083 2894 notio
1105 2862 1137 2894 et
1153 2858 1393 2905 partitiones.
1416 2878 1470 2883 »—
1494 2855 1727 2904 Mysterium
1761 2854 1801 2890 in
1822 2865 1965 2903 genere
1987 2853 2064 2890 dici

328 2916 461 2962 potest
482 2914 625 2951 veritas
648 2914 847 2962 quaelibet
870 2928 1018 2962 arcana,
1056 2920 1212 2962 secreta,
1247 2928 1345 2964 quae
1366 2927 1438 2952 nos
1461 2914 1558 2951 latet
1588 2916 1627 2951 et
1658 2913 1769 2962 cujus
1800 2912 2063 2962 cognitionem

479 3028 502 3073 ¹)
523 3026 573 3061 Cf.
592 3027 724 3060 horum
745 3037 883 3061 erroies
903 3029 1003 3073 apud
1021 3029 1077 3063 De
1089 3041 1113 3062 n
1125 3029 1200 3075 ziJn
1211 3039 1294 3073 ger
1311 3032 1333 3063 4
1351 3028 1491 3062 Biicher
1504 3039 1575 3062 von
1591 3026 1654 3061 der
1667 3027 1865 3071 religiosen
1884 3026 2061 3061 Erkennt-

328 3085 415 3125 niss,
434 3086 470 3119 et
488 3085 586 3130 apud
604 3084 649 3117 W
662 3085 674 3118 i
687 3095 704 3119 e
717 3087 760 3119 st
778 3085 1042 3121 demonstratio
1062 3087 1166 3132 relig.
1187 3087 1311 3120 christ.
1329 3088 1346 3125 ἓ
1365 3091 1383 3121 5
1404 3097 1447 3121 ss.
