2175 3382
272 168 325 205 54
621 159 738 191 'frui-i.
763 158 784 191 [.
804 157 984 202 Apologia
1008 156 1110 201 relig.
1130 157 1254 191 christ.
1274 157 1400 190 'l'liosis
1421 156 1514 191 xvi.
1533 156 1664 190 Judaoi

272 279 446 320 Israelis.
492 278 561 330 qui
596 289 640 318 se
672 277 719 317 V.
752 276 795 317 T.
829 276 1131 329 abrogaturum
1168 288 1411 328 novumque
1449 275 1735 316 instituturum
1771 276 1824 316 ad
1860 288 2010 317 omnes

271 355 415 402 gentes
448 348 771 401 propagandum
804 347 1061 400 praedixerit
1093 351 1219 399 atque
1251 347 1513 398 promiserit:
1546 346 1639 398 ipso
1671 347 1753 386 hoc
1786 347 2010 388 manifesto

272 425 426 461 eventu
450 418 755 471 comprobatur
776 418 809 459 J.
833 416 1024 458 Christus
1047 417 1209 468 legatus
1232 417 1430 457 divinitus
1453 417 1606 457 missus
1641 421 1768 469 atque
1801 417 2010 469 propheta

273 490 338 531 ille
372 502 421 530 ex
455 494 579 542 gente
607 489 779 541 judaica
810 487 1079 529 suscitandus
1105 487 1226 539 juxta
1250 486 1405 540 Moysis
1427 487 1673 528 vaticinium
1696 487 1814 528 Deut.
1842 490 1906 531 18.
1935 490 2007 532 15:

273 561 523 615 Propheta-m
545 561 594 601 (le
611 565 727 613 flente
750 564 822 600 tua
854 564 890 598 et
922 559 970 598 cle
991 557 1199 612 fratribus
1222 558 1303 598 tuis
1325 559 1428 597 sicat
1452 571 1513 598 me
1534 558 1749 598 suscitabit
1773 558 1845 599 tibi
1868 557 2010 599 Domi-

275 646 352 672 nus
374 632 487 672 Deus
510 636 627 672 tuas.-
654 632 787 685 ipsum
811 630 958 670 (audies
983 662 990 670 .
1017 662 1025 669 .
1052 662 1059 669 .
1094 628 1175 678 Qui
1197 633 1334 669 autem
1357 628 1480 669 verba
1503 628 1601 682 ejus,
1633 642 1737 684 (lacae
1759 628 1945 684 loquetur
1967 629 2008 669 in

276 704 441 743 nomine
463 716 560 752 meo,
586 702 732 743 audire
755 700 941 751 noluerit,
965 714 1033 754 eqo
1055 700 1163 741 ultor
1185 701 1390 744 eat-sistam,

392 790 584 838 Exegetae
608 789 885 836 protestantes,
909 787 986 824 imo
1008 786 1113 823 haud
1134 787 1249 835 pauci
1271 786 1452 823 catholici
1475 786 1545 823 hoc
1560 786 1791 823 vaticinium
1813 786 2014 824 collective

273 862 341 886 seu
373 849 419 885 de
449 848 730 897 prophetarum.
762 846 892 883 serie
923 848 1013 895 post
1034 846 1196 894 Moysen
1217 845 1463 895 intelligunt.
1506 845 1762 884 praeferenda
1793 847 1924 883 tamen
1956 848 2017 883 est

273 908 478 952 sententia,
511 919 609 955 quae
632 906 750 943 verba
772 906 863 942 haec
894 905 1033 954 accipit
1055 905 1102 941 de
1124 905 1313 953 propheta
1335 905 1466 953 aliquo
1490 904 1770 954 singulari,
1804 904 1852 941 de
1874 904 2017 942 Messia

274 969 430 1004 auctore
454 966 545 1002 novi
567 965 732 1003 foederis
754 965 920 1013 aMoyse
941 965 1099 1001 auctore
1122 963 1265 1001 veteris
1287 963 1454 1001 foederis
1468 963 1741 1013 praefigurato.
1775 964 1890 1001 Hunc
1911 963 2016 1002 enim

275 1038 434 1063 sensum
457 1025 579 1074 exigit
601 1034 644 1064 a.
668 1036 763 1061 usus
787 1023 998 1073 singularis
1019 1023 1121 1060 nabi'
1146 1023 1348 1072 propheta,
1370 1036 1462 1059 nam
1486 1022 1684 1060 sufficiens
1706 1023 1808 1060 ratio
1823 1023 1933 1060 reddi
1947 1036 2016 1060 ne-

274 1085 372 1133 quit,
397 1096 516 1133 quare
538 1084 692 1133 Moyses
714 1096 794 1121 non
815 1083 1039 1120 adhibuerit
1060 1082 1221 1119 formam
1249 1082 1454 1130 pluralem,
1497 1094 1596 1130 quae
1629 1082 1805 1130 alioquin
1835 1084 1916 1119 tam
1940 1082 2015 1119 fre-

274 1156 398 1192 quens
419 1145 497 1180 est:
520 1142 752 1192 praesertim
776 1155 864 1179 cum
886 1142 933 1179 de
957 1141 1235 1186 sacerdotibus,
1260 1141 1329 1189 qui
1351 1142 1467 1191 longe
1490 1140 1644 1178 facilius
1658 1141 1778 1190 accipi
1793 1141 2016 1190 potuissent

274 1203 488 1247 collective,
511 1202 552 1239 in
575 1204 760 1239 contextu
781 1201 1005 1238 immediate
1029 1200 1275 1238 antecedenti
1298 1200 1514 1245 disserens,
1548 1201 1688 1237 utatur
1715 1202 1835 1237 forma
1857 1200 2016 1249 plurali.

273 1262 407 1312 Exigit
428 1260 474 1302 l).
496 1261 735 1310 comparatio
759 1272 848 1298 cum
868 1261 1003 1310 Moyse
1025 1259 1140 1306 (sicut
1161 1262 1245 1309 me),
1271 1259 1340 1307 qui
1362 1259 1440 1296 fuit
1461 1271 1627 1308 persona
1642 1259 1855 1309 singularis
1877 1262 1917 1297 et
1938 1259 2017 1296 exi-

274 1321 374 1359 miae
396 1321 694 1370 praecellentiae
715 1332 793 1357 non
817 1320 1033 1357 communis
1055 1319 1221 1367 reliquis
1243 1318 1465 1368 prophetis:
1488 1318 1793 1356 familiarissime
1807 1319 1912 1356 enim
1926 1331 2016 1356 con-

275 1384 452 1418 versatus
475 1382 535 1417 est
557 1392 645 1417 cum
668 1380 746 1417 Deo
770 1380 884 1416 Num.
914 1385 975 1423 12,
1003 1384 1137 1423 6—83
1160 1378 1236 1415 fuit
1259 1378 1378 1415 simul
1394 1378 1529 1426 populi
1551 1377 1640 1424 dux,
1664 1377 1876 1427 legislator,
1895 1378 2017 1427 judex

275 1440 446 1477 salvator
469 1436 505 1491 (e
520 1436 777 1489 captivitate),
802 1438 992 1475 mediator
1013 1437 1264 1481 Testamenti,
1289 1437 1477 1481 sacerdos,
1502 1437 1570 1485 qui
1591 1437 1772 1474 instituit
1793 1439 1833 1474 et
1847 1437 2017 1474 celebra-

278 1499 334 1535 vit
355 1498 589 1536 sacrificium
611 1498 804 1546 paschale,
829 1498 936 1534 dedit
957 1509 1099 1534 manna
1120 1499 1162 1533 in
1196 1497 1359 1541 deserto,
1396 1496 1533 1533 elicuit
1559 1496 1605 1533 de
1626 1498 1738 1545 petra
1760 1509 1924 1544 aquam:
1950 1509 2017 1545 pe-

278 1563 341 1595 tra
362 1562 489 1595 autem
512 1562 595 1594 erat
620 1557 797 1594 Christus
824 1564 839 1596 1
868 1556 948 1594 Cor.
976 1563 1039 1602 10,
1065 1562 1111 1601 43
1135 1569 1181 1593 ex
1203 1556 1345 1593 altavit
1366 1557 1586 1604 serpentem
1608 1556 1650 1592 in
1672 1555 1825 1593 deserto
1847 1556 1888 1593 in
1912 1555 2017 1593 salu-

277 1620 356 1654 tem
378 1616 527 1666 populi,
552 1616 620 1664 qui
643 1616 761 1653 verbo
784 1615 1012 1664 splendidus
1034 1617 1118 1652 erat
1140 1615 1171 1652 si
1194 1615 1280 1663 quis
1302 1627 1476 1663 unquam
1491 1614 1633 1652 Christi
1654 1617 1822 1664 typus.
1843 1615 2019 1664 Exigunt

277 1685 316 1717 C.
338 1676 457 1713 verba
479 1676 594 1712 Deut.
620 1682 685 1721 34,
714 1682 785 1715 10:
818 1675 869 1712 Et
900 1685 978 1712 non
999 1676 1169 1712 surrexit
1200 1675 1306 1711 ultra
1322 1674 1512 1722 propheta
1534 1675 1574 1710 in
1596 1673 1721 1711 Israel
1742 1675 1838 1711 sicut
1859 1674 2016 1723 Moyses.

275 1735 407 1785 Exigit
429 1733 474 1775 d.
498 1734 659 1772 traditio
682 1734 953 1772 vetustissima
975 1735 1014 1770 et
1036 1733 1232 1770 solemnis.
1275 1734 1362 1770 Huc
1392 1732 1494 1769 refer
1515 1733 1633 1770 verba
1654 1733 1832 1770 mulieris
1855 1732 2018 1770 samari-

274 1797 387 1831 tanae
410 1794 519 1831 Joan.
546 1800 582 1839 4,
601 1800 673 1840 253
695 1794 816 1831 verba
836 1793 1057 1842 legatorum
1080 1792 1244 1830 Joannis
1258 1792 1458 1841 Baptistae
1480 1791 1527 1829 ad
1542 1791 1751 1836 Christum,
1767 1792 1819 1829 ib.
1842 1800 1873 1838 1,
1902 1799 1952 1832 20
1969 1804 2016 1838 s.;

275 1853 394 1891 verba
415 1853 589 1902 Philippi
611 1853 661 1890 ib.
691 1861 723 1898 1,
749 1859 824 1893 45:
849 1853 966 1900 Quem
985 1853 1141 1900 scripsit
1166 1852 1310 1901 Moyses
1332 1854 1372 1888 in
1387 1853 1460 1901 leye
1475 1880 1482 1887 .
1499 1881 1505 1888 .
1521 1879 1529 1888 .
1552 1853 1761 1888 inveninms
1776 1852 1908 1889 ‚Iesum
1922 1857 2016 1891 etc.:

276 1913 394 1950 verba
415 1912 554 1949 turbae
576 1912 627 1948 ib.
653 1919 689 1957 6,
719 1918 789 1956 14;
817 1919 851 1956 7,
878 1918 953 1956 403
977 1911 1096 1948 verba
1118 1911 1263 1948 Christi
1285 1911 1333 1948 ad
1354 1910 1576 1959 pharisaeos
1601 1917 1636 1957 5,
1655 1917 1729 1950 46:
1754 1911 1797 1948 Sa·
1818 1911 2018 1948 crederetis

276 1972 412 2021 slsoysi,
437 1969 640 2008 crederetis
662 1968 829 2019 forsitan
852 1975 884 2007 et
906 1967 1026 2007 milti:
1047 1971 1091 2007 de
1113 1983 1170 2007 me
1192 1972 1290 2007 enim
1312 1971 1373 2006 ille
1393 1971 1548 2018 scripsit
1557 1983 1576 2016 ;
1609 1969 1727 2008 verba
1749 1970 1856 2007 Petri
1877 1970 1926 2007 ad
1947 1982 2016 2019 po-

274 2031 414 2080 pulum
438 2032 521 2068 Act.
547 2037 583 2076 3,
602 2036 653 2069 22
679 2042 707 2067 S.
731 2032 771 2067 et
792 2043 819 2067 s.
844 2030 1029 2079 Stephani
1054 2029 1105 2066 ib.
1131 2036 1166 2074 7,
1185 2036 1250 2069 37.
1273 2029 1352 2066 Nec
1373 2029 1636 2077 praetermitti
1658 2029 1776 2066 debet
1795 2029 2018 2078 praeclarus

276 2090 564 2138 parallelis-mus
586 2090 690 2127 inter
711 2090 830 2127 verba
851 2089 998 2138 Moysis
1022 2089 1068 2126 de
1089 2089 1161 2125 hoc
1182 2089 1371 2137 propheta
1393 2089 1507 2125 Deut.
1536 2094 1598 2133 18,
1620 2094 1690 2128 15:
1714 2088 1849 2136 Ipsum
1871 2089 2017 2133 audies,

276 2156 316 2186 et
337 2149 454 2186 verba
474 2148 604 2186 Patris
628 2149 674 2185 de
697 2148 847 2186 Christo
870 2148 1008 2185 Matth.
1037 2155 1099 2193 17,
1126 2155 1170 2188 5:
1193 2147 1328 2195 Ipsum
1350 2148 1478 2184 audite
1496 2144 1540 2200 1).
1584 2146 1694 2191 Quod
1718 2148 1751 2184 si
1772 2149 1903 2184 tamen
1927 2147 2016 2195 quis

277 2208 411 2245 mallet
433 2208 526 2245 haec
547 2208 666 2245 verba
686 2207 909 2257 intelligere
932 2207 978 2245 de
999 2207 1278 2256 prophetarum
1303 2206 1412 2253 serie,
1437 2206 1477 2243 id
1502 2207 1640 2243 saltem
1654 2206 1788 2256 negari
1801 2207 1951 2254 nequit,
1975 2206 2022 2244 ea·

275 2267 318 2304 in
339 2267 547 2316 hypothesi
568 2267 732 2304 Messiae
754 2266 893 2313 futuri,
916 2266 1142 2316 plenissime
1164 2266 1211 2303 ad
1234 2265 1365 2314 ipsum
1388 2268 1562 2314 spectare
1585 2267 1624 2302 et
1645 2265 1688 2302 in
1708 2266 1794 2315 ipso
1817 2277 1900 2303 esse
1915 2278 2017 2304 com·

278 2327 429 2374 plentia.

398 2418 847 2462 73.])emonst1·ati0
879 2432 923 2473 p.
956 2419 1049 2461 111.
1093 2417 1396 2458 Tristissimam
1428 2428 1522 2458 esse
1549 2417 1638 2469 jam
1674 2428 1700 2456 a
1731 2416 2017 2468 duodeviginti

278 2488 430 2528 seculis
465 2501 708 2541 synagogae
742 2489 970 2542 populique
999 2489 1159 2541 Judaici
1193 2488 1501 2537 conditionem,
1541 2487 1721 2528 historia
1754 2487 1846 2540 ipsa
1880 2487 2017 2528 docet.

277 2557 508 2610 Loquimur
539 2564 683 2600 autem
716 2572 803 2601 non
839 2560 890 2601 de
924 2559 1098 2612 singulis
1123 2560 1248 2612 hujus
1269 2559 1415 2612 populi
1436 2557 1639 2599 membris
1673 2569 1749 2599 seu
1779 2557 2016 2603 individuis,

280 2628 354 2669 sed
377 2629 428 2669 de
451 2642 669 2682 synagoga
699 2635 741 2671 et
771 2631 927 2683 populo
947 2631 1118 2683 judaico
1143 2630 1386 2680 formaliter,
1409 2633 1618 2682 quatenus
1641 2629 1858 2670 constituit
1880 2640 2017 2681 popu-

277 2699 366 2740 lum
388 2700 452 2740 sui
470 2700 589 2752 juris,
612 2701 778 2742 ratione
800 2701 947 2742 habita
968 2701 1222 2742 conditionis
1237 2701 1460 2752 religiosae
1484 2705 1525 2741 et
1547 2699 1744 2752 politicae
1767 2711 1870 2751 prae
1891 2703 2017 2749 statu,

279 2781 404 2822 quem
428 2770 615 2811 habebat
636 2772 679 2812 in
692 2771 740 2814 V.
755 2772 811 2821 T„
833 2774 876 2812 in
899 2785 982 2826 quo
1005 2771 1222 2819 fruebatur
1242 2776 1356 2812 terra
1370 2771 1580 2824 promissa
1603 2771 1687 2811 mel
1709 2775 1750 2811 et
1771 2771 1838 2812 lac
1859 2769 2017 2811 fluente

278 2840 451 2892 speciali
487 2843 752 2893 protectione
784 2843 869 2892 Dei,
906 2843 1292 2884 communicatione
1328 2854 1424 2883 cum
1460 2842 1623 2891 eodem,
1657 2842 1698 2882 vi
1734 2842 1852 2894 qu'us
1887 2843 2015 2882 inter-

426 3012 450 3057 ¹)
472 3010 523 3045 Cf.
542 3011 674 3045 Patri
689 3012 750 3046 tii
778 3013 821 3047 de
839 3013 1030 3057 interpret.
1050 3013 1181 3058 Script.
1209 3024 1392 3047 sacrarum
1412 3013 1434 3046 l.
1455 3016 1474 3046 2
1494 3024 1525 3056 q.
1546 3016 1585 3048 8:
1616 3012 1736 3046 Kurt
1749 3024 1767 3045 z
1797 3011 2017 3046 Gesehichte

280 3063 342 3098 des
361 3064 462 3098 alten
480 3063 628 3099 Bundes
646 3065 673 3100 t.
693 3069 712 3099 ‘2
731 3070 747 3107 ξ
766 3066 811 3100 97
829 3078 863 3100 n.
883 3069 923 3105 3;
952 3066 1045 3100 Wil
1059 3079 1093 3100 m
1106 3077 1180 3100 ers
1208 3067 1252 3100 de
1269 3065 1377 3110 relig.
1395 3066 1560 3100 revelata
1577 3067 1603 3100 t.
1627 3070 1641 3100 l
1661 3065 1686 3099 l.
1705 3068 1726 3100 2
1754 3075 1858 3110 prop.
1877 3067 1933 3106 67,
1952 3065 2016 3108 qui

279 3119 315 3150 et
333 3118 480 3161 patrum
498 3118 713 3152 testimonia
730 3129 797 3163 pro
814 3119 884 3153 hac
902 3119 1085 3153 sententia
1103 3120 1265 3154 adducit.
