2175 3382
230 157 313 195 520
632 146 752 178 'Fi-act.
773 143 832 177 IV.
851 143 894 176 (19
913 142 992 176 fide.
1013 141 1065 175 Dc
1084 141 1231 185 objecto
1250 138 1432 173 materiati
1452 138 1547 172 fidei.

229 286 334 311 amor
365 274 403 308 et
435 269 611 307 studium
645 280 727 305 esse
759 266 875 304 debet
905 264 1129 313 sapientiae,
1162 265 1274 312 cujus
1298 263 1494 310 objectum
1517 264 1575 299 est
1596 261 1752 307 veritas,
1785 273 1883 310 quae
1905 261 1967 298 in-

228 332 353 370 tendit
378 328 609 379 profundam
625 326 804 364 veritatis
828 324 1112 374 cognitionem:
1137 323 1168 359 si
1191 323 1340 360 nullam
1364 321 1554 358 rationem
1577 321 1718 358 habeat
1730 320 1853 369 ipsius
1866 319 1967 358 veri-

229 392 321 428 tatis
346 391 536 426 1119-199119
559 400 597 423 sc
620 387 678 435 ips
671 399 742 423 an]
766 384 947 422 manifest
954 383 1057 420 antis
1080 394 1197 430 seque
1219 380 1363 418 rationi
1386 380 1653 429 proponentis,
1680 379 1911 428 praesertim
1934 379 1967 416 si

231 451 312 499 ipse
335 462 362 485 1·-
356 447 500 486 11101115
533 458 627 483 115115
649 445 696 482 ad
719 444 981 493 cognitionem
1006 442 1124 489 hujus
1146 439 1473 478 manifestationis
1495 441 1535 476 et
1556 438 1835 488 propositionis
1857 438 1969 476 velut

228 507 477 545 manuduci‘t.
467 511 483 529 ²
517 532 533 549 >
547 504 791 553 Quapropter
812 505 969 540 tantum
992 501 1081 537 abes
1076 503 1111 543 1,
1136 499 1404 537 concludimus
1429 510 1517 536 cum
1540 498 1704 535 concilio
1726 497 1968 535 vaticano

229 580 287 605 ses
272 580 319 604 5.
346 574 367 607 3
393 578 473 614 cap.
498 572 521 603 4
546 564 592 600 (19
615 563 689 600 fide
712 566 751 599 et
773 562 1010 606 19110119,111
1032 559 1201 596 Ε99195159
1232 559 1422 596 humanm
1427 571 1490 594 um
1516 557 1661 594 artium
1684 558 1722 594 et
1743 556 1968 606 disciplina·

228 640 316 664 rum
339 626 471 663 91111111
475 637 516 661 ae
540 623 716 666 obsistat,
740 625 785 659 ut
808 621 906 658 hanc
928 618 1067 656 multis
1090 617 1215 655 modis
1232 618 1347 666 juvet
1369 619 1486 664 atque
1501 618 1738 665 pr.omoveat
1761 615 1850 653 Non
1864 615 1969 653 enim

228 685 426 739 commoda
458 684 505 720 ab
537 682 584 719 iis
617 681 663 718 ad
696 681 898 717 hominum
922 679 1043 716 vitam
1066 676 1310 714 dimanantia
1332 678 1400 713 9111
1422 676 1577 725 ignoiat
1597 677 1668 712 9111
1689 674 1880 723 despicit:
1912 674 1968 712 fa-

226 747 334 782 tetur
365 744 453 782 imo
486 755 547 779 eas
552 739 913 789 quemadmodum
935 751 957 775 a
979 738 1069 781 Deo,
1102 736 1354 773 scientiarum
1376 735 1540 772 Ι)01111110
1563 734 1758 782 profectae
1779 735 1883 779 sunt,
1915 733 1971 771 119

227 804 258 840 51
280 803 356 840 1119
380 782 680 851 pertractentur,
714 799 759 836 ad
784 799 908 835 Deum
925 798 1091 846 juvante
1124 796 1253 844 ejus
1233 795 1367 839 aratia,
1399 806 1467 842 pet
1471 795 1621 831 (1119919
1632 799 1648 816 <‘
1693 793 1805 838 Quod
1827 793 1859 829 si
1881 792 1969 842 phi-

230 862 404 911 losophia
436 863 481 898 ut
514 859 623 896 decet
654 858 847 895 rationem
880 857 999 893 habet
1020 855 1283 897 revelationis,
1317 856 1363 890 111
1384 865 1540 890 normae
1563 854 1604 889 et
1625 853 1761 890 stellae
1783 851 1968 897 rectricis,

230 920 438 960 commodis
470 919 576 956 illius
599 918 650 966 (n.
675 913 776 968 494)
808 916 949 958 utitur,
983 916 1016 952 ei
1052 914 1286 962 obsequitur
1319 925 1441 960 eaque
1462 925 1626 949 munera
1647 912 1746 949 circa
1767 924 1850 949 99111
1874 911 1968 957 obit,

230 993 328 1029 quae
350 978 617 1016 recensuimus
640 990 676 1016 11.
694 983 788 1021 496,
805 978 844 1013 91
865 974 961 1012 inid
983 975 1137 1011 intenta
1159 976 1230 1017 est,
1255 974 1301 1010 ut
1323 984 1367 1009 ex
1391 971 1474 1008 suis
1497 971 1702 1020 principiis
1718 971 1970 1021 progrediens

227 1040 274 1076 ad
297 1039 561 1076 conclusiones
583 1036 788 1085 perveniat
818 1035 878 1071 illi
899 1045 1087 1071 consonas
1110 1033 1173 1069 vel
1195 1032 1334 1069 saltem
1356 1043 1435 1068 non
1456 1030 1644 1084 dissonas,
1677 1030 1971 1068 christiana.

228 1097 418 1147 appellari
440 1099 588 1145 potest:
613 1108 690 1143 qua
712 1094 973 1143 appellatione
995 1092 1223 1130 nullatenus
1247 1093 1416 1140 negatur
1436 1102 1520 1127 eam
1535 1101 1617 1127 esse
1631 1101 1792 1138 prorsus
1813 1089 1969 1126 ratio-

228 1158 402 1195 nalem.
447 1156 499 1193 Cf.
525 1155 700 1192 Stoekl
722 1153 860 1191 Lehrb.
884 1153 953 1190 der
973 1147 1213 1201 Apologetik
1236 1151 1252 1187 I
1277 1148 1296 1192 ἓ
1324 1156 1388 1190 38.

938 1280 1144 1331 Sectio
1173 1282 1260 1330 HI.

844 1381 918 1415 De
952 1380 1158 1422 regula
1190 1377 1350 1415 fidei.

348 1477 445 1518 498,
470 1473 532 1513 De
555 1471 703 1523 objecto
728 1470 934 1511 materiali
955 1468 1062 1522 fidei.
1088 1494 1138 1498 —
1165 1465 1363 1508 Genesim
1387 1465 1484 1506 fidei
1507 1464 1820 1517 descripsimus,
1844 1467 1971 1517 atque

232 1547 275 1588 in
298 1551 395 1587 actu
417 1545 514 1586 fidei
537 1543 688 1596 duplex
712 1542 978 1583 distinximus
1001 1540 1270 1588 elementum,
1303 1537 1518 1591 objectum
1541 1536 1627 1580 scil.
1650 1535 1870 1577 materiale
1892 1546 1970 1576 seu

236 1618 470 1663 veritatem,
494 1627 603 1668 quae
626 1614 821 1661 creditur,
844 1616 884 1653 et
907 1612 1121 1664 obJectum
1137 1622 1212 1651 seu
1227 1610 1433 1650 motivum
1448 1608 1626 1649 formale
1648 1619 1725 1648 seu
1746 1607 1970 1656 rationem,

235 1692 408 1741 propter
430 1698 558 1739 quam
579 1685 747 1726 veritati
773 1683 1018 1736 propositae
1052 1693 1127 1734 per
1157 1680 1281 1721 fidem
1315 1680 1572 1721 assentimus
1594 1681 1648 1732 (n.
1670 1678 1788 1734 457).
1830 1676 1970 1728 Quae-

234 1760 338 1800 ritur
360 1770 473 1799 nunc
497 1769 626 1810 quam
648 1757 732 1797 late
754 1759 902 1808 pateat
924 1753 1138 1806 objectum
1162 1752 1258 1793 fidei
1285 1751 1454 1792 divinae
1487 1748 1799 1798 materiale,
1830 1753 1872 1789 et
1902 1759 1970 1789 re-

235 1829 505 1883 spondemus,
540 1839 667 1869 omne
690 1827 731 1867 id
754 1838 847 1867 esse
870 1837 997 1878 posse
1020 1824 1234 1876 obJectum
1258 1821 1491 1871 materiale,
1523 1820 1637 1874 quod
1657 1833 1683 1861 a
1705 1819 1794 1861 Deo
1817 1823 1882 1860 est
1902 1831 1970 1860 re-

233 1901 432 1949 velatum,
463 1904 509 1940 ut
540 1910 615 1951 per
647 1909 692 1939 se
723 1902 850 1949 patet.
893 1895 958 1936 Ad
990 1907 1086 1936 eam
1108 1906 1210 1935 vero
1234 1893 1359 1934 fidem
1382 1892 1580 1940 divinam,
1616 1902 1726 1943 quae
1760 1890 1886 1932 simul
1919 1891 1974 1931 sit

238 1970 540 2019 catholica,
572 1981 659 2010 11011
690 1968 852 2016 sufficit,
884 1971 931 2007 ut
962 1966 1118 2019 aliquid
1150 1966 1204 2006 sit
1234 1964 1432 2005 divinitus
1459 1962 1714 2004 revelatum:
1745 1961 1973 2015 requiritur

236 2047 471 2095 praeterea,
497 2046 543 2081 ut
566 2039 678 2093 quod
701 2039 899 2080 divinitus
922 2043 986 2079 est
1006 2037 1254 2085 revelatum,
1286 2034 1341 2076 ab
1362 2034 1551 2075 Ecclesia
1574 2033 1772 2075 omnibus
1794 2032 1972 2074 creden-

238 2113 337 2154 dum
361 2116 626 2165 proponatur
658 2123 709 2151 ac
739 2109 852 2150 velut
884 2109 1129 2162 applicetur.
1179 2107 1329 2158 „Binas
1362 2105 1520 2158 requiri
1551 2104 1831 2152 conditiones,
1863 2114 1973 2156 quae

235 2184 359 2225 simul
381 2183 435 2224 ad
458 2182 680 2224 articulum
704 2181 799 2222 fidei
814 2180 1085 2236 (catholicae)
1101 2177 1444 2220 constituendum
1467 2179 1737 2223 concurrant,
1759 2186 1887 2216 nemo
1911 2177 1975 2216 est

240 2255 548 2306 theologorum,
580 2253 650 2305 qui
681 2253 856 2305 ignoret,
888 2252 1021 2304 inquit
1043 2250 1285 2291 Perrone
1315 2249 1358 2288 in
1390 2247 1561 2300 disquis.
1583 2246 1709 2287 theol.
1733 2245 1785 2286 de
1806 2246 1974 2289 immac.

240 2337 358 2366 conc.
381 2338 417 2377 p.
443 2329 468 2368 2
492 2337 524 2367 c,
551 2327 586 2373 1,
619 2324 797 2364 alteram
819 2323 1106 2370 intrinsecam,
1130 2320 1415 2361 extrinsecam
1438 2318 1629 2360 alteram.
1672 2316 1793 2357 Prior
1824 2320 1900 2365 est,
1929 2320 1976 2356 ut

239 2397 352 2449 quod
376 2409 426 2437 ex
449 2396 528 2436 fide
553 2400 626 2437 est.
649 2396 691 2435 in
715 2394 855 2435 divina
878 2394 1147 2434 contineatur
1169 2390 1448 2432 revelatione:
1485 2388 1581 2429 ideo
1605 2388 1719 2428 enim
1742 2386 1901 2440 aliquid
1923 2397 1976 2427 ex

238 2468 319 2508 fide
342 2467 564 2514 credimus,
587 2467 685 2519 quia
708 2466 748 2506 id
770 2466 974 2506 revelavit
995 2464 1107 2505 Deus
1130 2497 1137 2503 .
1162 2497 1169 2503 .
1193 2496 1201 2503 .
1233 2461 1379 2503 Altera
1400 2465 1463 2502 est
1485 2459 1725 2512 propositio
1749 2458 1976 2507 Ecclesiae,

238 2551 321 2592 qua
347 2539 451 2578 certi
474 2537 679 2578 efficimur
701 2536 857 2589 aliquid
880 2536 1078 2576 divinitus
1100 2534 1334 2575 revelatum
1359 2536 1489 2573 esse.“
1537 2530 1722 2583 Ideoque
1750 2529 1977 2570 concilium

236 2610 552 2650 vaticanum
577 2620 678 2649 5955.
703 2611 728 2651 3
752 2619 842 2659 cap.
866 2611 891 2651 3
925 2606 976 2647 de
1003 2605 1083 2646 fide
1105 2605 1251 2645 docet:
1291 2602 1447 2654 „Porro
1480 2601 1561 2642 fide
1594 2601 1781 2641 divina
1814 2604 1856 2641 et
1887 2612 1975 2640 ca-

237 2680 455 2721 tholica
477 2691 529 2720 ea
552 2679 695 2720 omnia
718 2678 931 2719 credenda
953 2683 1062 2726 sunt,
1093 2688 1202 2729 quae
1235 2676 1278 2716 in
1300 2674 1431 2715 verbo
1454 2673 1529 2714 Dei
1551 2673 1708 2724 scripto
1730 2671 1798 2712 vel
1819 2671 1976 2711 tradito

241 2752 523 2797 continentur,
552 2754 593 2790 et
616 2749 669 2789 ab
692 2748 880 2789 Ecclesia
902 2749 991 2790 sive
1013 2748 1193 2790 solemni
1209 2746 1369 2799 judicio
1395 2746 1483 2786 sive
1507 2743 1722 2785 ordinario
1746 2747 1788 2784 et
1807 2743 1977 2784 univer-

239 2823 320 2864 sali
341 2821 587 2874 magisterio
611 2825 829 2872 tamquam
853 2820 1051 2860 divinitus
1073 2819 1263 2860 revelata
1277 2815 1490 2858 credenda
1502 2817 1832 2867 proponuntur.“
1862 2811 1978 2853 Haec

240 2894 452 2935 Ecclesiae
474 2891 721 2944 propositio,
753 2902 861 2942 quae
885 2903 971 2931 non
995 2895 1058 2931 est
1079 2890 1286 2930 motivum
1308 2887 1415 2935 fidei,
1445 2898 1499 2927 ne
1531 2884 1772 2938 partiale
1795 2883 1978 2936 quidem,

240 2971 305 3006 est
328 2964 526 3009 conditio,
549 2968 595 3004 ut
615 2961 817 3002 revelatio
841 2961 972 3002 semel
993 2961 1105 3002 sacta
1128 2965 1217 3001 tuto
1241 2959 1414 3012 singulis
1437 2969 1512 3010 per
1525 2961 1720 3008 tempora
1734 2954 1979 3007 applicetur,

239 3049 326 3077 non
348 3037 543 3086 intereat,
579 3035 653 3076 sed
677 3034 818 3074 vivere
840 3037 1000 3084 pergat,
1031 3032 1307 3073 subtrahatur
1329 3029 1590 3070 credentium
1614 3026 1789 3068 arbitrio
1813 3031 1855 3067 et
1876 3037 1979 3066 con-

243 3107 473 3155 troversiis,
498 3106 632 3159 magis
646 3108 816 3146 exserat
830 3103 1127 3144 auctoritatem
1142 3114 1264 3143 suam
1286 3102 1328 3141 in
1343 3099 1524 3141 fidelium
1540 3102 1727 3139 mentem
1742 3099 1980 3149 augeatque
