2175 3382
860 133 1057 167 secundum
1076 134 1333 178 protestantes
1881 140 1967 182 333

346 253 390 297 2.
414 255 642 293 Absurdum
664 258 733 300 est,
757 255 857 292 illud
879 266 949 304 pro
972 266 1085 292 verae
1107 255 1301 292 Ecclesiae
1323 258 1416 293 nota
1439 268 1667 305 proponere,
1690 258 1793 305 quod
1817 257 1962 307 abipsa

227 327 318 352 vera
340 314 481 352 Christi
503 314 675 352 Ecclesia
695 326 764 352 nos
786 314 934 351 discere
957 315 1122 362 oportet.
1166 314 1286 362 Atqui
1320 326 1364 351 ex
1397 315 1579 352 universa
1600 315 1646 352 N.
1670 316 1709 356 T,
1742 317 1965 354 oeconomia

229 370 292 426 (cf.
314 373 414 411 thes.
439 370 510 426 23)
541 374 806 422 consequitur,
841 372 986 410 Christi
1018 372 1234 410 doctrinam
1266 372 1487 410 discendam
1519 386 1604 411 esse
1636 374 1683 411 ab
1706 387 1761 419 ea,
1796 388 1891 424 quae
1913 384 1962 412 est

227 433 401 470 columna
432 437 465 469 et
491 432 775 480 firmamentum
806 432 975 469 ver-itatis
1016 439 1045 470 1.
1068 431 1163 468 Tim.
1190 438 1226 477 3,
1258 438 1324 471 15:
1361 432 1408 468 ad
1440 432 1511 469 hoc
1542 433 1647 470 enim
1677 435 1738 470 est
1769 434 1962 472 instituta.

227 491 330 541 Ergo
352 504 451 540 pura
470 490 674 541 Evangelii
695 490 934 539 praedicatio
956 489 1098 538 nequit
1119 502 1202 527 esse
1224 492 1317 528 nota
1337 491 1605 540 agnoscendae
1627 504 1741 529 verae
1756 493 1958 530 Ecclesiae.

227 551 286 587 Ad
309 550 412 599 quod
434 550 717 587 illustrandum
752 562 841 587 cum
861 549 1036 586 utilitate
1068 549 1173 599 leges
1197 549 1413 598 Augustini
1437 550 1461 586 l.
1493 549 1540 587 de
1564 550 1741 588 utilitate
1773 551 1964 590 credendi.

348 619 388 661 3.
420 620 614 658 Innititur
634 621 727 658 haec
748 619 881 669 opinio
912 620 1129 658 confusioni
1163 620 1511 670 proprietatis
1543 622 1590 658 et
1622 623 1782 663 notae,
1816 622 1961 658 ordinis

229 680 522 729 ontologici
543 683 582 717 et
603 679 774 729 logici.
817 679 963 716 Verum
985 679 1144 727 quidem
1165 681 1236 724 est,
1272 679 1466 717 Ecclesiae
1489 680 1633 717 Christi
1655 680 1857 728 proprium
1880 692 1962 717 esse

226 751 372 788 purum
393 739 651 788 Evangelium
673 741 712 776 et
733 738 949 788 legitimam
981 738 1362 776 administrationem
1395 742 1744 782 sacramentorum;
1778 739 1843 776 sed
1875 739 1965 776 inde

227 810 304 835 non
327 798 518 845 sequitur,
541 810 586 835 ex
609 797 667 835 his
689 810 773 835 eam
794 809 907 846 posse
929 797 1103 846 agnosci;
1138 811 1228 835 nam
1249 797 1406 847 propria
1428 810 1583 846 quoque
1605 800 1666 835 est
1688 797 1880 835 Ecclesiae
1902 799 1964 834 in-

226 856 454 903 fallibilitas,
478 859 517 894 et
538 859 672 894 tamen
694 869 737 894 ex
760 857 830 894 hac
851 857 934 905 ipsa
955 856 1132 906 cognosci
1155 857 1312 905 nequit:
1347 857 1504 906 agnosci
1528 857 1631 895 enim
1654 859 1810 894 tantum
1833 859 1961 905 potest

227 927 271 952 ex
291 915 542 964 proprietate,
566 928 664 964 quae
686 916 728 953 in
750 916 881 953 oculos
904 915 1080 952 incurrat
1102 915 1232 964 sitque
1263 916 1375 964 quasi
1406 916 1625 964 palpabilis,
1649 916 1752 964 quod
1776 916 1850 953 dici
1875 929 1964 953 sane

226 974 366 1022 nequit
387 974 433 1013 de
454 987 554 1024 puro
575 975 788 1025 Evangelio
810 975 936 1023 deque
957 974 1135 1024 legitima
1156 977 1442 1012 sacramentum
1466 975 1815 1012 administratione.

347 1062 442 1098 318.
464 1057 703 1095 Testimonia
724 1070 814 1095 vero
837 1057 949 1096 Joan.
977 1065 1039 1103 10,
1066 1063 1139 1098 27:
1175 1057 1269 1095 Oves
1300 1070 1400 1094 meae
1422 1067 1545 1094 vocem
1567 1070 1688 1094 meam
1719 1059 1895 1107 audiunt,
1932 1065 1960 1094 e!

227 1128 289 1167 eqo
311 1128 486 1166 coynosco
509 1129 572 1154 eas
594 1122 627 1153 et
647 1121 859 1167 sequuntur
881 1130 960 1164 me,-
990 1116 1087 1164 Eph.
1113 1123 1148 1162 4,
1176 1123 1219 1157 5:
1262 1116 1366 1154 Unus
1390 1116 1590 1161 Dominus,
1616 1129 1694 1154 una
1714 1117 1817 1165 fides,
1844 1129 1957 1154 unum

227 1176 414 1224 baptisma
444 1176 584 1225 hisque
606 1175 748 1213 similia
769 1176 905 1216 Matth.
933 1182 997 1221 28,
1033 1181 1109 1220 20;
1141 1175 1253 1213 Joan.
1283 1182 1344 1217 15,
1372 1181 1393 1215 :3
1418 1177 1489 1213 etc.
1521 1189 1542 1212 a
1572 1176 1885 1224 protestantibus
1916 1176 1962 1213 ad

228 1246 340 1272 suam
362 1235 547 1272 tuendam
571 1235 806 1273 sententiam
827 1235 979 1283 prolata
999 1237 1244 1283 praepostere
1279 1234 1527 1271 adhibentur.
1570 1234 1642 1272 Vel
1664 1235 1768 1272 enim
1800 1235 1846 1272 ad
1880 1247 1958 1272 rem

226 1306 305 1331 non
326 1296 430 1339 sunt,
464 1294 527 1332 vel
549 1294 645 1331 duas
678 1294 850 1331 diversas
881 1293 1132 1343 quaestiones
1162 1293 1374 1343 diligenter
1405 1294 1660 1331 secernen·las
1693 1293 1960 1332 confundunt:

226 1353 493 1402 quaestionem
529 1353 613 1391 scil.
636 1353 995 1402 ontologicam‚
1028 1353 1124 1401 quid
1155 1353 1207 1390 sit
1240 1353 1287 1389 de
1318 1352 1468 1390 ratione
1500 1365 1613 1390 verae
1635 1353 1839 1399 Ecclesiae,
1875 1365 1962 1391 cum

227 1412 410 1462 logica,
433 1412 629 1461 quomodo
651 1412 910 1462 dignoscatur
931 1411 1124 1450 Ecrlesia:
1149 1412 1218 1449 illa
1239 1412 1355 1454 enim,
1379 1425 1477 1460 quae
1492 1413 1757 1460 protestantes
1772 1425 1840 1460 pro
1857 1412 1960 1449 notis

227 1471 383 1516 habent,
406 1471 659 1520 reperiuntur
681 1483 771 1508 sane
793 1471 833 1508 in
855 1484 946 1509 vera
967 1471 1157 1508 Ecclesia:
1196 1470 1264 1508 sed
1287 1483 1331 1508 ex
1354 1471 1447 1515 illis,
1471 1471 1563 1520 quia
1586 1471 1626 1508 in
1649 1472 1782 1508 oculos
1805 1483 1882 1508 non
1903 1471 1963 1507 in-

227 1532 404 1577 currunt,
427 1543 471 1568 ea
491 1542 570 1567 non
592 1531 816 1580 agnoscitur
837 1532 884 1568 ut
905 1543 1006 1568 vera.

344 1612 453 1649 Idem
475 1612 629 1650 dicatur
650 1613 697 1651 de
719 1613 779 1658 iis,
814 1626 914 1662 quae
937 1626 981 1650 ex
1004 1613 1183 1662 patribus
1207 1613 1412 1661 objiciunt,
1437 1625 1500 1650 eos
1524 1613 1606 1650 scil.
1630 1613 1670 1649 in
1702 1613 1967 1650 controversia

228 1683 316 1708 cum
338 1671 548 1709 donatistis
570 1672 639 1709 ubi
663 1672 717 1710 sit
738 1685 829 1710 vera
852 1672 1036 1717 Ecclesia,
1061 1672 1108 1709 ad
1132 1672 1353 1720 Scripturas
1375 1671 1625 1721 potissimum
1640 1683 1880 1720 provocasse.
1913 1673 1963 1708 At

229 1727 270 1770 l.
294 1742 383 1768 cum
403 1733 535 1780 patres
569 1731 617 1768 ad
640 1731 861 1780 Scripturas
884 1736 1107 1780 provocant,
1140 1731 1188 1767 ad
1211 1730 1326 1768 obvia
1358 1731 1547 1778 quaedam
1578 1730 1819 1779 indubiaque
1850 1731 1965 1779 plane

227 1789 455 1827 testimonia
475 1795 696 1838 provocant,
729 1803 898 1839 quorum
929 1802 1000 1839 ope
1032 1789 1314 1835 demonstrent,
1345 1802 1478 1827 veram
1501 1790 1710 1827 Ecclesiam
1741 1803 1819 1827 non
1850 1789 1964 1826 aliam

229 1860 323 1896 esse,
348 1861 464 1897 quam
487 1861 586 1897 quae
608 1849 759 1886 unitate
781 1849 992 1897 eademque
1014 1850 1225 1897 conspicua
1239 1850 1279 1886 et
1293 1849 1508 1886 universali
1522 1849 1701 1886 emineat.
1733 1848 1786 1885 Cf.
1801 1850 1964 1898 Augu-

230 1907 422 1944 stinum
454 1908 600 1956 passim
632 1908 678 1946 de
709 1908 862 1945 unitate
884 1908 983 1945 Eccl.
1017 1921 1054 1946 n.
1080 1914 1101 1949 8
1126 1920 1175 1947 ss,
1202 1914 1265 1948 25.
1292 1914 1356 1948 28.
1382 1915 1447 1948 51.
1491 1905 1533 1948 2.
1557 1908 1644 1945 Non
1675 1911 1885 1956 provocant
1917 1908 1964 1944 ad

230 1966 463 2015 Scripturas,
487 1969 533 2004 ut
555 1979 600 2004 ex
622 1967 669 2004 iis
690 1967 814 2004 totius
835 1967 1084 2005 revelationis
1106 1979 1297 2004 summam
1321 1969 1474 2010 eruant,
1499 1967 1666 2015 indeque
1681 1967 1963 2015 quaestionem,

229 2037 418 2073 quaenam
442 2025 496 2063 sit
515 2038 607 2063 vera
628 2026 808 2072 Ecclesia,
832 2026 1047 2071 dirimant3.
1075 2026 1142 2063 sed
1165 2030 1211 2063 ut
1232 2025 1486 2063 inveniantur
1507 2028 1669 2071 notae,
1702 2026 1845 2074 quibus
1875 2038 1965 2063 vera

228 2084 399 2122 Ecclesia
419 2085 467 2122 ab
489 2085 693 2123 haereticis
716 2097 758 2122 ac
779 2085 1033 2122 schismaticis
1054 2085 1230 2122 coetibus
1253 2084 1540 2135 distinguatur.
1575 2085 1666 2122 Ideo
1689 2082 1730 2124 3.
1753 2089 1966 2133 provocant

229 2143 275 2180 ad
299 2143 531 2192 Scripturas,
554 2144 658 2192 quod
680 2144 785 2181 inter
806 2144 1085 2181 contendentes
1107 2144 1322 2189 constabat,
1346 2144 1548 2181 luculenta
1570 2144 1610 2181 in
1633 2143 1769 2180 iisdem
1794 2144 1840 2181 de
1862 2144 1965 2180 notis

229 2215 342 2240 verae
364 2203 556 2240 Ecclesiae
578 2203 804 2240 testimonia
826 2203 979 2248 haberi3
1012 2206 1051 2241 et
1082 2205 1295 2252 provocant
1317 2200 1358 2243 4.
1381 2202 1427 2239 ad
1451 2202 1685 2251 Scripturas,
1718 2205 1764 2239 ut
1785 2202 1964 2251 quaestio

229 2261 276 2299 de
298 2261 463 2299 veritate
486 2262 694 2308 doctrinae,
729 2262 928 2311 speciatim
952 2262 999 2299 de
1021 2263 1151 2299 valore
1182 2261 1378 2310 baptismi,
1412 2262 1711 2310 posthaberetur
1741 2262 1963 2310 quaestioni

229 2319 276 2358 de
297 2321 462 2358 veritate
483 2321 689 2366 Ecclesiae,
713 2323 753 2358 et
774 2321 842 2358 illa
864 2334 906 2358 ex
930 2322 999 2359 hac
1022 2321 1272 2358 dirimeretur
1295 2317 1358 2373 (cf.
1382 2320 1598 2370 Augustini
1622 2320 1740 2358 verba
1761 2333 1797 2361 n.
1821 2318 1962 2372 1462):

230 2379 403 2427 adeoque
425 2392 502 2417 non
525 2392 569 2417 ex
592 2380 757 2418 verit-ate
779 2380 979 2417 doctrinae
1003 2380 1048 2417 de
1072 2380 1140 2417 hac
1163 2379 1428 2417 controversia
1449 2379 1672 2425 inferretur,
1692 2379 1779 2417 vubi
1801 2379 1853 2416 sit
1875 2392 1964 2416 vera

230 2438 374 2476 Christi
396 2438 576 2476 Ecclesia.

349 2521 444 2562 319.
468 2518 636 2562 TheSiS
670 2518 851 2561 LXIII·
915 2533 1092 2576 fnit-923,
1126 2532 1364 2584 sanct—itas,
1400 2530 1680 2575 catholgcitas
1719 2535 1760 2566 et
1786 2535 1966 2573 aposto-

232 2590 396 2632 licitas,
421 2600 541 2634 quae
567 2594 676 2624 sunt
698 2591 1010 2633 proprietates
1036 2591 1266 2624 Ecclesiae
1294 2592 1480 2632 Christi,
1518 2590 1622 2629 ‘iure
1648 2592 1820 2632 optimo
1847 2591 1964 2632 ejus-

231 2650 336 2684 dem
361 2653 496 2684 notae
524 2651 810 2700 nec-Qariue
837 2653 878 2684 et
905 2637 1183 2691 sufficientes
1209 2651 1555 2684 existimantur.

349 2719 713 2762 Demonstrati«)
735 2732 780 2773 1).
806 2719 845 2763 Ι.
876 2719 917 2761 l.
942 2717 1053 2759 Nota
1074 2731 1162 2758 non
1184 2722 1248 2759 est
1269 2718 1349 2759 nisi
1371 2718 1609 2770 proprietas
1632 2717 1815 2759 visibilis.
1838 2719 1962 2770 Atqui

232 2789 467 2830 recensitae
500 2794 683 2842 quatuor
714 2789 835 2830 dotes
870 2794 968 2831 sunt
998 2801 1126 2830 verae
1157 2788 1370 2830 Ecclesiae
1402 2789 1683 2842 proprietates
1714 2800 1963 2840 summaque

232 2859 472 2901 visibilitate
494 2860 727 2912 splendent.
769 2859 876 2911 Ergo
900 2860 1009 2900 ratio
1032 2864 1161 2901 notae
1184 2860 1243 2901 eis
1266 2856 1477 2902 convenis.
1518 2859 1640 2910 Quod
1663 2864 1704 2900 et

349 2943 390 2986 2.
413 2946 556 2994 patres
579 2946 842 2993 agnoverunt
863 2942 954 2994 ipso
989 2942 1123 2989 factm
1155 2954 1255 2983 nam
1278 2942 1491 2994 gnosticos
1515 2941 1704 2993 aliosque
1726 2939 1963 2980 haereticos

238 3023 290 3052 ex
311 3015 414 3052 nota
436 3013 769 3064 apostolicitatis,
792 3025 875 3065 qua
897 3012 939 3053 hi
961 3012 1185 3062 carebant3
1210 3013 1446 3054 donatistas
1469 3024 1520 3053 ex
1545 3017 1647 3053 nota
1670 3009 1963 3051 catholicitatis

232 3082 390 3133 passim
412 3082 604 3124 refellunt
625 3083 682 3138 (n.
706 3083 828 3139 310);
860 3081 1241 3124 Tertullianus
1263 3082 1456 3124 falsitatis
1479 3083 1614 3133 arguit
1638 3080 1875 3121 haereticos
1898 3079 1968 3120 sui
