2175 3382
57 1802 95 1839 (t

209 216 237 276 λ
270 0 484 280 §y
812 160 862 195 De
881 162 1163 196 catechumenis.
1770 172 1855 215 259

124 285 212 321 ante
235 283 419 332 baptismi
443 282 734 332 susceptionem
757 283 1038 322 moriebantur.
1082 284 1136 321 Ex
1168 285 1302 322 eadem
1324 287 1571 333 persuasione
1594 288 1641 325 de
1672 291 1853 329 catechu-

1840 259 1881 283 t>

1870 284 2175 359 ΨΜ]

2031 255 2175 294 M

122 342 246 379 menis
268 354 288 378 a
310 341 452 379 Christi
487 353 646 390 corpore
668 341 806 379 alienis
828 344 867 380 et
889 344 1047 379 satanae
1069 343 1270 391 tyrannidi
1301 344 1426 382 adhuc
1447 346 1625 384 obnoxiis
1656 349 1852 397 profectus
1871 366 1921 405 A
1939 328 2175 399 ,μμ-’ἂψ

125 402 183 438 est
203 401 305 438 ritus
326 400 627 438 exorcismorum
651 400 917 449 solemnisque
940 404 1096 439 satanae
1118 402 1377 440 renunciatio.
1430 400 1502 439 201

235 457 278 500 4.
301 459 562 497 Confirmatur
583 459 674 496 haec
703 460 864 497 assertio
887 460 972 497 Act.
999 466 1034 505 2,
1061 466 1135 500 41:
1175 462 1248 507 Qui
1279 474 1364 511 erqo
1396 470 1615 511 receperunt
1645 478 1852 505 sermonem

121 519 198 566 ejus
221 515 361 571 (Petri)
385 519 572 567 baptizati
593 523 692 567 sunt,
718 523 749 555 et
771 520 984 567 ,appositae
1004 523 1103 556 sunt‘
1127 520 1186 557 die
1208 521 1275 557 illa
1297 522 1449 558 animae
1463 524 1612 559 circiter
1626 526 1705 562 tria
1720 527 1851 567 millia,

1862 437 2175 550 wa

2154 558 2175 571 h

118 577 289 615 Possunt
310 578 442 614 tamen
463 576 731 614 catechumeni
754 577 800 614 ad
823 577 1017 615 Ecclesiae
1049 578 1218 616 animam
1240 581 1425 627 spectare,
1459 582 1504 617 ut
1535 584 1643 629 patet
1664 595 1709 620 ex
1741 554 2137 641 dictiisffm

116 650 152 674 n.
175 636 349 685 praeced.
390 636 603 684 Participes
626 648 708 673 esse
731 635 834 673 enim
856 638 1023 684 possunt
1044 637 1211 686 alicujus
1235 638 1326 675 doni
1348 639 1510 688 gratiae,
1534 640 1633 685 fidei,
1659 643 1751 690 spei,
1776 635 1971 680 ini-«afim
1993 631 2019 655 ‘¹
2040 623 2111 647 ”W

118 695 224 733 tialis
247 695 478 740 dilectionis,
513 695 591 732 imo
613 695 739 743 ipsius
761 695 910 744 gratiae
927 696 1183 744 justificantis
1204 699 1365 746 propter
1396 698 1598 735 caritatem
1629 702 1850 748 perfectam,

117 767 194 803 qua
226 753 392 791 subinde
417 755 498 803 jam
531 755 620 791 ante
650 753 891 802 baptismum
923 756 1017 792 sunt
1047 755 1225 803 praediti.
1269 755 1379 800 Quod
1412 757 1444 794 si
1476 770 1503 794 s.
1525 758 1852 808 Augustinus

120 814 231 851 docet
252 813 550 850 catechumenos
574 825 657 850 esse
681 812 724 849 in
745 813 928 859 Ecclesia,
952 813 991 850 id
1016 814 1143 851 solum
1167 814 1386 864 significare
1408 816 1506 861 vult,
1531 828 1594 853 eos
1616 830 1696 855 esse
1718 819 1758 855 in
1780 820 1850 857 Ec-

117 873 233 910 clesia
253 872 430 920 potentia
451 872 638 920 proxima,
661 884 739 909 non
761 874 861 909 actu.
872 851 1008 910 “Dicit
1029 873 1134 910 enim
1156 886 1240 910 esse
1272 886 1335 911 eos
1366 874 1407 911 in
1429 876 1541 912 utero
1573 888 1601 913 s,
1623 878 1759 914 matris
1780 879 1850 916 Ec-

116 931 253 969 clesiae
276 933 493 979 conceptos,
518 931 585 967 sed
606 930 781 968 nondum
804 925 940 969 natos?
970 931 1071 969 Hinc
1094 932 1197 970 sicut
1219 933 1394 970 homines
1418 935 1592 982 concepti
1616 937 1655 972 et
1677 937 1850 974 nondum

114 991 197 1027 nati
218 1002 296 1028 non
319 991 415 1027 sunt
436 991 528 1027 actu
549 989 724 1027 membra
747 990 946 1028 societatis
969 990 1104 1037 civilis,
1130 992 1195 1029 sed
1218 994 1375 1029 tantum
1399 993 1592 1040 potentia:
1616 995 1671 1032 ita
1693 1007 1850 1033 censen-

114 1049 205 1086 dum
231 1052 292 1086 est
316 1049 362 1086 de
385 1048 673 1086 catechumenis
695 1049 818 1086 relate
841 1050 888 1086 ad
911 1049 1114 1087 visibilem
1137 1051 1330 1088 Ecclesiae
1354 1056 1517 1089 coetum.

238 1131 334 1173 231.
360 1129 690 1172 corollarium
713 1129 778 1171 II.
821 1127 928 1181 Ergo
961 1129 1169 1171 Ecclesiae
1204 1131 1346 1171 anima
1379 1130 1506 1172 latius
1529 1137 1647 1186 patet
1674 1135 1850 1187 ejusdem

112 1212 294 1253 corpore,
326 1199 534 1251 hujusque
565 1198 769 1239 limitibus
801 1211 886 1240 non
920 1200 1290 1251 circumscribitur,
1322 1212 1459 1254 neque
1488 1202 1625 1243 eidem
1648 1209 1711 1245 est
1733 1217 1849 1246 com-

112 1281 271 1312 mensa.
315 1269 436 1321 Quod
467 1270 551 1311 alia
584 1281 753 1322 quoque
784 1271 951 1312 ratione
982 1271 1235 1313 illustratur:
1266 1271 1421 1313 Anima
1442 1272 1654 1315 Ecclesiae
1686 1279 1849 1316 tantum

111 1345 239 1393 patet,
272 1345 477 1394 quantum
508 1341 600 1393 ipsa
632 1352 677 1381 se
709 1341 928 1394 porrigunt
960 1342 1073 1383 dona
1095 1341 1404 1384 sanctificantia
1427 1347 1468 1384 et
1488 1344 1554 1385 vel
1576 1345 1712 1397 prima
1734 1347 1849 1387 rudi-

112 1411 303 1453 dimenta
334 1416 460 1465 atque
492 1411 702 1464 primitiae
733 1412 845 1453 vitae
880 1413 1107 1465 spiritualis
1142 1425 1192 1454 ex
1215 1412 1381 1455 Christo
1414 1415 1550 1467 capite
1582 1416 1624 1456 in
1654 1416 1847 1458 homines

111 1482 408 1524 redundantes.
450 1482 579 1535 Atqui
622 1483 750 1524 etiam
792 1487 913 1524 extra
943 1470 1157 1524 Ecclesiae
1198 1496 1363 1536 corpus,
1404 1485 1515 1538 quod
1548 1486 1597 1526 iis
1629 1487 1849 1529 dumtaxat

111 1553 325 1603 coalescit,
348 1554 420 1606 qui
441 1553 484 1594 in
506 1566 638 1594 unum
653 1558 822 1594 coetum
839 1554 1026 1606 ejusdem
1050 1554 1145 1595 fidei
1159 1554 1431 1607 professione,
1455 1557 1684 1598 eorundem
1701 1571 1845 1599 sacra-

111 1629 353 1666 mentorum
394 1625 609 1666 consortio
646 1624 881 1678 eodemque
913 1626 1115 1677 regimine
1147 1626 1423 1677 conveniunt,
1464 1629 1639 1679 reperiri
1669 1634 1847 1681 possunt

110 1696 271 1748 gratiae
295 1696 462 1738 divinae
486 1696 619 1737 dona:
643 1696 847 1738 damnata
870 1697 1077 1771 siquide'gn
1100 1701 1163 1738 est
1184 1710 1300 1750 prop.
1325 1702 1391 1742 20.
1406 1698 1709 1750 Quesnelli:
1733 1681 1843 1750 :Ex-

110 1771 174 1808 tra
198 1767 432 1808 Ecclesiam
454 1767 567 1808 nulla
591 1768 728 1820 gratia
751 1768 1038 1809 conceditur:“
1076 1772 1117 1808 et
1138 1781 1254 1820 prop.
1278 1773 1304 1813 5
1328 1769 1381 1809 ab
1404 1769 1716 1811 Alexandro
1739 1770 1846 1812 VIII:

1972 1588 2175 1744 mi

1858 1735 2062 1845 ff

120 1837 317 1890 „Pagani,
337 1838 493 1890 judaei,
515 1837 719 1878 haeretici
740 1838 891 1891 aliique
904 1839 1030 1891 hujus
1045 1840 1209 1891 generis
1224 1839 1382 1880 nullum
1398 1842 1570 1881 omnino
1592 1854 1618 1882 a
1631 1841 1663 1882 J.
1679 1841 1845 1883 Christo
1874 1872 1942 1891 m
1956 1854 2046 1887 ..n-x
2065 1855 2175 1881 Μ

111 1909 325 1961 accipiunt
356 1908 573 1958 influxum,
607 1908 799 1961 adeoque
830 1909 928 1950 hinc
958 1914 1072 1951 recte
1103 1909 1267 1959 inferes,
1299 1911 1342 1950 in
1367 1911 1447 1951 illis
1469 1923 1562 1952 esse
1584 1911 1845 1953 voluntatem

110 1980 270 2020 nudam
293 1983 334 2020 et
355 1979 563 2021 inermem
586 1980 675 2020 sine
699 1981 813 2021 omni
835 1981 969 2031 gratia
992 1957 1268 2022 sufficienti.²⁵
1293 1981 1350 2022 Cf.
1373 1986 1398 2026 t.
1422 1982 1471 2022 III
1493 1995 1530 2023 n.
1557 1986 1609 2027 79
1632 1996 1686 2024 ss.
1708 1983 1757 2024 Et
1778 1996 1845 2025 re-

110 2062 212 2091 vera
232 2051 325 2103 ipsa
342 2049 655 2103 justificationis
679 2051 815 2103 gralia
836 2052 1044 2103 reperitur
1065 2063 1193 2104 saepe
1209 2052 1299 2104 jam
1322 2053 1364 2092 in
1379 2053 1706 2103 catechumenis,
1730 2059 1844 2095 certo

110 2121 153 2161 in
183 2125 246 2162 tot
265 2111 505 2162 'infantibus
536 2122 853 2163 haereticorum
885 2127 923 2163 et
959 2123 1329 2163 schismaticorum
1350 2123 1488 2164 valide
1510 2122 1745 2175 baptizatis,
1777 2125 1846 2176 qui

109 2191 223 2232 illam
245 2192 428 2233 retinent
451 2192 579 2250 etiam
604 2192 898 2234 adolescentes
913 2193 1190 2246 quoadusque
1205 2194 1388 2245 graviter
1401 2206 1488 2234 non
1502 2198 1691 2245 peccant.
1715 2194 1843 2235 Prae-

111 2267 228 2304 terea
258 2263 339 2303 nisi
362 2261 553 2304 Christus
576 2262 793 2304 Ecclesiae
825 2268 952 2316 caput
978 2264 1195 2316 multiplici
1218 2264 1344 2305 modo
1367 2265 1410 2305 in
1432 2276 1517 2313 eos,
1549 2265 1620 2317 qui
1642 2268 1761 2306 extra
1784 2265 1844 2306 vi-

110 2333 274 2374 sibilem
304 2333 517 2374 Ecclesiae
547 2338 717 2375 coetum
740 2339 849 2384 sunt,
880 2334 1075 2375 influeret
1106 2335 1332 2388 gratiisque
1355 2348 1384 2378 s,
1409 2333 1587 2387 Spiritus
1609 2347 1756 2376 eorum
1780 2337 1843 2376 in-

110 2403 324 2445 tellectum
346 2403 613 2453 illuminaret,
637 2416 713 2445 cor
736 2408 929 2456 tangeret
951 2416 1024 2446 eos
1047 2409 1221 2445 vocaret
1251 2405 1493 2457 disponeret
1519 2410 1725 2458 aptosque
1748 2406 1844 2447 red-

110 2474 239 2524 deret,
270 2478 317 2515 ut
349 2475 517 2527 corpori
552 2487 629 2515 suo
659 2476 838 2528 mystico
860 2475 1112 2525 inserantur,
1143 2476 1250 2516 sicut
1272 2476 1526 2517 architectus
1548 2476 1707 2529 lapides
1730 2477 1844 2529 prius

111 2545 278 2598 expolit,
301 2545 452 2598 quibus
476 2545 530 2586 ad
551 2545 850 2586 exstruendam
866 2545 1039 2586 domum
1054 2545 1200 2586 utitur:
1224 2546 1362 2586 nullus
1376 2546 1616 2588 adultorum
1631 2547 1844 2588 Ecclesiae

111 2628 156 2657 se
188 2616 446 2668 adjungeret,
478 2616 621 2668 itaque
645 2628 800 2667 corpus
827 2616 958 2668 ipsius
982 2617 1204 2669 mysticum
1228 2628 1279 2657 ex
1302 2617 1542 2658 adultorum
1565 2618 1844 2658 conversione

111 2698 247 2740 neque
270 2698 464 2728 crescere
486 2698 624 2739 neque
647 2687 817 2727 dilatari
839 2690 993 2739 posset.
1036 2685 1176 2738 Quare
1198 2687 1410 2729 Ecclesiae
1433 2688 1576 2728 anima
1597 2700 1683 2729 non
1705 2689 1841 2729 solum

110 2770 265 2810 corpus
287 2757 499 2798 Ecclesiae
522 2762 714 2809 permeat
737 2761 864 2809 atque
885 2756 1077 2806 vivificat,
1110 2757 1185 2797 sed
1206 2757 1380 2798 ulterius
1403 2757 1535 2799 effusa
1558 2771 1643 2808 eos,
1675 2760 1744 2811 qui
1767 2758 1842 2799 ad-

110 2828 193 2869 huc
216 2828 269 2868 ad
292 2828 516 2869 materiam
538 2830 752 2880 pertinent
776 2833 999 2877 remotam,
1026 2827 1185 2868 invadit
1207 2834 1246 2869 et
1270 2828 1435 2881 effingit,
1457 2833 1503 2869 ut
1524 2830 1722 2870 materies
1744 2842 1842 2881 pro-

109 2899 225 2939 xima
247 2898 341 2939 esse
363 2899 540 2951 possint,
572 2901 787 2951 ipsiusque
810 2899 963 2940 virtute
995 2899 1300 2951 concipiantur,
1332 2904 1371 2940 et
1397 2899 1604 2951 gradatim
1625 2904 1842 2951 tamquam

112 2968 306 3010 membra
326 2968 512 3021 perfecta
534 2975 766 3010 nascantur
793 2970 1045 3022 corporique
1066 2968 1278 3010 Ecclesiae
1299 2970 1551 3012 inserantur.

228 3053 368 3102 Neque
389 3053 461 3091 hoc
482 3055 717 3103 mysterium
739 3055 933 3093 Ecclesiae
953 3055 1156 3103 proprium
1187 3056 1333 3093 censeri
1357 3056 1484 3104 debet,
1517 3056 1601 3104 ejus
1623 3055 1728 3092 enim
1750 3068 1839 3091 ana—

113 3111 217 3161 logia
238 3114 324 3149 tum
353 3112 396 3149 in
417 3113 553 3150 ordine
577 3114 877 3162 supernaturali,
910 3116 1000 3150 tum
1029 3114 1072 3150 in
1100 3115 1271 3152 naturali
1303 3117 1439 3151 exstat.
1481 3115 1540 3150 Ita
1562 3114 1732 3150 Verbum
1765 3113 1840 3150 sibi

1563 3180 1621 3212 17·
