2175 3382
281 139 336 180 22
389 121 395 125 ’
713 131 832 165 rraet.
854 130 877 164 1.
897 130 1077 174 Apologia
1097 129 1201 174 reug.
1220 127 1489 163 ειη-1511119315
1509 127 1565 161 iv.

279 253 496 293 instituere
518 251 647 291 vitam
670 249 842 290 homine
864 248 1046 301 dignam.
1088 247 1168 288 Alii
1190 252 1337 288 carent
1360 247 1458 296 otio,
1482 247 1679 288 laborant
1701 247 1858 299 ingenii
1881 245 2012 287 tardi-

279 328 376 371 tate,
398 320 729 374 praepediuntur
750 332 776 361 a
798 319 1000 360 discendo
1024 318 1376 371 occupationibus
1399 318 1657 359 domesticis.

395 393 438 436 3.
470 392 645 433 Etiamsi
674 403 776 432 vero
808 391 952 431 omnia
983 390 1090 431 haec
1121 389 1333 439 adessent,
1363 389 1471 430 ratio
1502 388 1582 430 sibi
1612 388 1761 430 relicta
1790 400 1878 429 non
1907 386 2012 429 satis

277 464 390 505 clare
412 463 660 515 dignoscere
683 467 820 515 potest
851 476 890 505 a.
922 472 1006 514 quo
1033 460 1147 502 cultu
1169 459 1281 502 Deus
1303 461 1357 501 sit
1377 459 1609 509 colendus;
1639 460 1686 502 b.
1722 471 1824 500 num
1856 463 1899 500 et
1929 469 2015 512 qua

275 535 344 576 via
365 539 408 575 et
429 533 581 587 quibus
603 531 916 574 conditionibus
938 531 1072 584 possit
1092 532 1311 584 impetrari
1332 531 1457 572 venia
1483 535 1781 584 peccatorum3
1813 543 1854 574 c.
1876 529 2013 583 quatis

275 606 329 646 sit
350 605 484 646 altera
504 606 602 647 vita.
633 615 744 658 quae
766 604 930 644 sanctio
953 602 1054 654 legis
1075 603 1301 645 naturalis:
1333 614 1513 655 quorum
1550 606 1696 643 tamen
1717 601 1905 654 cognitio
1926 612 2016 642 non

275 676 413 718 solum
435 676 556 718 utilis.
589 676 663 717 sed
694 687 868 728 prorsus
891 674 1135 715 necessaria
1166 678 1230 714 est
1260 673 1315 714 ad
1346 673 1477 714 vitam
1500 672 1685 714 ethicam
1709 677 1751 713 et
1771 671 2013 724 religiosam

275 747 526 789 ducendam.

398 841 460 876 13.
483 835 709 883 Exceptioni
729 835 878 881 satisfit.
903 855 960 861 —
982 833 1090 870 Neve
1113 833 1203 882 quis
1226 833 1340 877 dicat,
1364 833 1457 870 haec
1479 835 1637 870 tantum
1650 831 1816 881 probare
1829 830 2014 879 majorem

274 894 478 932 hominum
501 896 652 943 partem
675 893 742 930 has
764 892 950 930 veritates
971 892 1121 929 discere
1135 892 1275 930 debere
1289 892 1356 929 via
1378 892 1707 935 auctoritatis,
1731 902 1831 938 quae
1844 889 2015 926 humano

273 953 408 1004 generi
429 953 523 990 adeo
545 955 605 990 est
626 952 933 993 accommolata:
965 951 1083 989 rudes
1106 951 1229 1001 igitur
1250 963 1313 988 eas
1335 951 1484 989 discere
1504 962 1618 1000 posse
1640 952 1681 988 et
1702 949 1841 986 debere
1861 948 2015 998 sapien-

273 1013 374 1050 tium
397 1012 662 1057 institutione.
694 1011 796 1048 sicut-
816 1014 876 1048 tot
897 1011 991 1048 alias
1014 1010 1242 1059 disciplinas
1274 1010 1344 1048 hac
1373 1010 1582 1047 addiscunt
1612 1009 1692 1047 via:
1723 1019 1850 1056 neque
1880 1007 2015 1045 statim

273 1071 554 1109 recurrendum
589 1083 674 1108 esse
705 1070 753 1107 ad
775 1070 845 1107 Dei
875 1070 1156 1115 interventum,
1189 1082 1279 1106 cum
1309 1070 1394 1118 ipse
1416 1070 1519 1106 Deus
1541 1068 1638 1106 velit
1668 1067 1893 1105 hominibus
1924 1078 2015 1104 con-

274 1131 403 1168 sulere
423 1143 494 1180 per
516 1130 704 1167 homines.
740 1129 810 1166 Cui
831 1129 1050 1177 exceptioni
1071 1129 1366 1178 respondemus,
1390 1128 1685 1166 institutionem
1699 1127 1911 1164 humanam
1932 1125 2015 1163 suf-

272 1190 384 1227 ficere
406 1189 454 1227 ad
474 1189 570 1226 alias
603 1189 761 1237 quidem
791 1188 1019 1237 disciplinas
1051 1188 1285 1233 ediscendas,
1317 1200 1396 1225 non
1428 1199 1519 1225 vero
1550 1186 1599 1224 ad
1629 1188 1775 1224 certam
1806 1187 2015 1233 tutamque

272 1249 446 1286 omnium
468 1248 617 1286 ordinis
640 1248 797 1286 moralis
832 1248 1048 1285 veritat-um
1079 1247 1355 1296 cognitionem.
1400 1245 1527 1290 Quare
1559 1258 1648 1283 cum
1679 1245 1858 1284 homines
1888 1256 2015 1292 neque

272 1320 342 1357 per
363 1320 414 1352 se,
438 1319 564 1356 neque
585 1320 655 1356 per
676 1307 771 1344 alios
802 1306 844 1344 in
874 1306 986 1344 illam
1017 1307 1221 1355 pervenire
1252 1307 1413 1354 possint.
1446 1304 1727 1343 recurrendum
1760 1316 1843 1342 esse
1875 1303 1923 1341 ad
1945 1303 2017 1340 D'ei

272 1367 550 1404 interventum.

394 1422 432 1465 l.
463 1426 514 1463 Et
536 1438 669 1463 revera
691 1427 844 1462 constat
867 1425 1118 1474 philosophos
1141 1427 1291 1462 veteres
1314 1422 1436 1477 (idem
1467 1424 1621 1461 dicatur
1652 1423 1700 1460 de
1731 1421 2016 1460 recentioribus

271 1483 503 1537 incredulis)
534 1485 598 1522 vel
619 1484 758 1522 dubios
790 1484 961 1521 haesisse
991 1484 1055 1521 vel
1086 1483 1315 1521 dissensisse
1347 1484 1393 1520 de
1423 1483 1646 1532 praecipuis
1678 1481 1827 1519 ordinis
1859 1480 2017 1519 moralis

270 1544 517 1581 veritatibus.
559 1545 620 1581 Ita
652 1544 698 1580 de
730 1544 819 1580 Dei
849 1543 1178 1581 exsistentia.
1233 1543 1455 1591 „Pleriun
1488 1542 1621 1591 inquit
1652 1541 1826 1579 Cicero
1845 1537 1888 1592 1),
1920 1539 2013 1578 deos

270 1615 354 1640 esse
377 1603 581 1643 dixerunt:
605 1603 786 1640 dubitare
809 1615 849 1640 se
871 1603 1135 1652 Pythagoras:
1159 1603 1289 1640 nullos
1313 1614 1393 1639 esse
1416 1602 1574 1640 omnino
1597 1601 1785 1650 Diagoras
1807 1598 1951 1637 Melius
1973 1602 2014 1636 et

271 1662 498 1699 Theodorus
520 1662 752 1711 Cyrenaicus
774 1665 1027 1710 putaverunt.
1071 1660 1147 1706 Qui
1166 1675 1257 1699 vere
1281 1661 1372 1698 deos
1395 1673 1479 1698 esse
1501 1660 1698 1704 dixerunt,
1721 1662 1834 1697 tanta
1855 1660 1950 1696 sunt
1970 1658 2014 1695 in

270 1721 459 1758 varietate
480 1723 520 1758 et
541 1721 794 1765 dissensione,
828 1724 872 1758 ut
895 1733 1031 1758 eorum
1051 1721 1262 1758 molestum
1295 1721 1346 1758 sit
1377 1720 1626 1757 dinumerare
1655 1718 1911 1757 sententias<
1953 1717 2015 1755 Ita

271 1780 316 1818 de
338 1781 458 1817 animi
480 1781 765 1818 immoralit
780 1783 881 1825 ate:
904 1782 1146 1828 quapropter
1167 1779 1214 1817 de
1236 1780 1338 1817 libro
1360 1780 1550 1824 Platonis,
1574 1778 1643 1827 qui
1665 1778 1751 1815 fuse
1773 1777 1953 1826 alioquin
1966 1776 2013 1814 de

269 1840 342 1877 hoc
364 1840 520 1877 disserit
543 1842 786 1889 argumento.
811 1840 915 1876 canit
936 1839 1192 1876 Paulinus
1214 1839 1382 1876 nolanus
1405 1851 1520 1876 carm.
1545 1845 1594 1878 41
1632 1837 1681 1875 ad
1701 1836 1920 1874 Antonium
1943 1848 2014 1874 seu

271 1898 355 1936 adv.
378 1911 550 1948 paganos
572 1912 607 1939 v,
633 1905 707 1939 39:

656 1957 730 2002 Qui
750 1960 907 2006 praeter
928 1957 1093 1994 titulum
1114 1957 1173 1994 nil
1194 1957 1290 1994 certi
1313 1957 1490 1994 continet
1509 1957 1628 1993 intus.

388 2029 521 2066 Etiam
543 2029 717 2067 Cicero
741 2031 868 2077 quest.
891 2028 1037 2066 tuscul.
1060 2028 1084 2068 l.
1103 2034 1124 2067 2
1142 2039 1172 2065 c.
1193 2036 1208 2068 1
1226 2036 1237 2067 1
1260 2028 1306 2065 de
1322 2040 1360 2065 se
1375 2027 1539 2065 fatetur:
1570 2026 1738 2070 ‚Evolvi
1752 2028 1838 2076 ejus
1853 2027 2011 2071 librum,

271 2088 338 2125 sed
358 2088 487 2125 nescio
510 2088 704 2136 quomodo
727 2088 820 2125 dum
842 2088 929 2137 lego
952 2087 1162 2125 assentior:
1201 2087 1296 2124 dum
1319 2087 1434 2134 posui
1455 2087 1604 2123 librum
1625 2088 1665 2123 et
1686 2097 1841 2123 mecum
1861 2085 1944 2134 ipse
1965 2085 2012 2122 de

270 2147 488 2184 animarum
510 2147 806 2184 immortalitate
830 2147 1001 2196 cogitare
1023 2146 1142 2195 coepi.
1179 2145 1349 2184 assensio
1381 2146 1509 2182 omnis
1540 2145 1616 2183 ista
1647 2144 1858 2183 elabitur.«
1899 2144 1951 2181 Et
1977 2152 2010 2191 1,

275 2213 319 2246 11
348 2206 564 2256 generatim
587 2206 777 2243 affirmat:
805 2205 976 2243 »Harum
1002 2205 1290 2243 sententiarum
1313 2201 1379 2257 (de
1401 2201 1546 2256 anima)
1569 2217 1668 2253 quae
1701 2216 1793 2241 vera
1822 2204 1884 2249 sit,
1915 2203 2011 2241 deus

270 2265 414 2313 aliquis
434 2265 599 2302 viderit:
635 2278 734 2313 quae
755 2277 846 2302 vero
868 2265 1022 2304 similis.
1054 2277 1197 2314 magna
1227 2263 1408 2313 quaestio
1439 2267 1538 2301 est<
1582 2263 1724 2301 Paucis
1756 2262 2011 2312 philosopho-

270 2337 359 2362 rum
381 2324 500 2361 dubia
521 2327 560 2361 et
580 2324 842 2373 professiones
878 2324 925 2361 de
948 2336 1019 2361 sua
1039 2324 1263 2373 ignorantia
1293 2323 1570 2370 complectitur
1591 2322 1904 2360 Lactantius
1933 2321 2011 2359 div.

269 2383 399 2421 instit.
433 2383 601 2432 epitome
636 2395 666 2422 c.
703 2390 778 2423 40:
824 2383 1161 2427 „Innumerabilia
1195 2388 1290 2420 sunt
1322 2382 1648 2431 philosophorum
1682 2382 1787 2419 dicta
1819 2368 2011 2434 faefiue,

270 2442 415 2490 quibus
448 2455 583 2480 eorum
616 2442 845 2491 insipientia
877 2442 1062 2492 redargui
1095 2441 1230 2490 possit.
1283 2441 1422 2489 Itaque
1457 2441 1643 2489 quoniam
1676 2444 1816 2478 cuncta
1849 2451 2011 2478 enume-

270 2513 355 2538 rare
376 2514 455 2539 non
475 2514 696 2550 possumus.
729 2514 851 2550 pauca
884 2501 1119 2539 suffecerint.
1163 2500 1265 2538 Satis
1298 2504 1356 2538 est
1386 2500 1569 2550 intelligi.
1601 2499 1854 2549 philosophos
1884 2511 2012 2547 neque

418 2630 440 2669 ¹)
458 2627 511 2662 De
529 2628 660 2661 natura
679 2626 831 2661 deorum
851 2626 874 2660 1.
892 2630 908 2660 1
926 2637 955 2661 c.
974 2631 1003 2661 1.
1023 2626 1117 2660 Hinc
1134 2627 1166 2661 A
1178 2627 1377 2661 rnobius
1396 2626 1569 2660 adversus
1581 2626 1745 2670 gentesl.
1758 2629 1778 2659 2
1791 2637 1820 2659 c.
1834 2627 1897 2660 20:
1919 2623 2011 2663 ,Sed

271 2681 498 2725 sapientibus
516 2691 580 2714 vos
597 2681 684 2715 viris
703 2681 874 2714 omnibus
905 2681 1099 2714 instructis
1127 2680 1408 2725 disciplinarum
1436 2680 1634 2725 generibus
1661 2679 1834 2713 creditis?
1867 2677 2011 2722 Nempe

269 2732 345 2767 illis
363 2734 426 2778 qui
444 2734 538 2767 nihil
557 2735 726 2773 sciscunt,
743 2745 810 2768 nec
829 2733 1077 2778 pronunciant
1095 2745 1210 2767 unum
1225 2747 1234 2769 τ
1259 2734 1324 2777 qui
1341 2745 1407 2778 pro
1425 2733 1500 2767 suis
1519 2733 1712 2767 sententiis
1728 2731 1827 2766 bella
1847 2742 1930 2766 curn
1948 2731 2010 2765 ad·

269 2787 500 2821 versantibus
518 2790 714 2821 conserunt
733 2790 770 2822 et
789 2787 991 2830 pervicacia
1008 2787 1222 2831 gladiantur
1239 2798 1313 2821 sem
1321 2798 1386 2832 per
1405 2786 1544 2826 hostili,
1564 2785 1628 2829 qui
1647 2797 1731 2819 cum
1745 2785 1898 2819 alterius
1911 2783 2009 2818 labe-

270 2841 422 2881 factant,
441 2841 638 2875 destruunt
656 2839 942 2885 convelluntque
960 2840 1118 2877 decreta.
1139 2843 1274 2875 cuncta
1291 2841 1434 2875 incerta
1450 2840 1628 2879 fecerunt,
1655 2849 1722 2873 nec
1741 2849 1847 2883 posse
1867 2837 2009 2882 aliquid

272 2893 357 2927 sciri
375 2904 418 2928 ex
437 2894 517 2937 ipsa
535 2893 759 2928 dissensione
773 2895 1035 2927 monstrarunt.
1048 2901 1060 2915 ἃ
1098 2893 1285 2928 Praeclare
1314 2892 1375 2927 Ch
1386 2905 1405 2926 1·
1414 2905 1438 2936 y
1450 2904 1465 2926 s
1477 2903 1498 2927 o
1513 2903 1529 2926 s
1541 2894 1586 2926 to
1597 2903 1668 2925 11111
1680 2903 1696 2925 s
1723 2891 1759 2925 h.
1778 2894 1798 2925 7
1830 2891 1871 2925 in
1890 2894 1908 2924 1
1929 2890 2009 2924 Cor.

270 2959 305 2980 11.
325 2952 344 2980 5
358 2959 365 2979 :
385 2970 400 2985 ,
410 2945 592 2980 Vidistine
607 2946 747 2980 diaboli
757 2945 937 2980 malitiam
951 2951 965 2979 .⁹
983 2945 1107 2980 Sicubi
1121 2945 1205 2980 illos
1219 2946 1489 2991 (philosophos)
1505 2944 1648 2988 aliquid
1663 2945 1878 2988 corruptum
1889 2943 2010 2977 dicere

270 2999 375 3039 vidit,
391 2998 429 3032 id
448 2998 577 3033 effecit.
595 3001 637 3033 ut-
655 3010 780 3033 omnes
798 2999 1066 3037 consentirent:
1086 2999 1205 3033 sicubi
1225 3009 1310 3033 vero
1328 2997 1471 3042 aliquid
1491 3008 1622 3032 sanum
1635 2999 1807 3041 proferre,
1820 2996 1914 3031 alios
1927 3006 2010 3031 con-

270 3054 327 3086 tra
342 3053 444 3097 ipsos
461 3052 671 3092 concitavit,
689 3053 733 3086 ut
750 3052 909 3086 absurda
927 3062 1001 3086 non
1019 3051 1228 3086 exciderent
1246 3062 1423 3086 consensu
1442 3051 1670 3090 confirmata,
1690 3054 1725 3085 et
1747 3049 1855 3084 utilia
1871 3048 2010 3083 difflue-

270 3107 364 3147 rent,
381 3106 482 3139 varie
498 3104 721 3139 intellecta.1
