2175 3382
273 172 328 206 433*
478 164 597 196 'Fi-nvi.
622 163 642 195 l.
665 163 844 206 Apologia
865 163 968 207 relig.
989 163 1114 196 christ.
1135 162 1262 196 'rhesis
1283 163 1361 198 ΧΗ.
1381 164 1424 197 tlt·
1444 164 1629 198 mirus-ulis
1649 165 1795 201 Clu-isti.

272 283 396 331 aliud,
419 283 497 322 nisi
521 287 565 322 ut
587 281 665 322 sibi
688 282 960 323 crederetur?
984 316 991 322 .
1016 316 1022 322 .
1047 315 1054 322 .
1078 282 1184 333 Ergo
1209 282 1274 322 ille
1296 282 1476 323 afferens
1498 283 1764 334 medicinam,
1789 298 1897 338 quae
1913 298 2008 327 cor-

272 354 536 405 ruptissimos
560 365 701 394 mores
723 357 927 394 sanatura
942 358 1065 402 esset,
1089 353 1302 394 miraculis
1317 353 1558 394 conciliavit
1572 355 1883 406 auctoritatem,
1906 369 2009 397 auc-

272 424 440 464 toritate
473 424 626 464 meruit
657 424 793 472 iidem,
826 423 905 464 fide
938 425 1146 465 contraxit
1185 424 1506 473 multitudinem,
1539 424 1805 467 multitudine
1828 426 2008 468 obtinuit

270 498 535 542 vetustatem,
551 499 759 535 vetustate
782 495 1001 535 roboravit
1015 495 1273 547 religionem,
1296 507 1424 547 quam
1441 507 1526 535 non
1540 495 1678 536 solum
1694 495 2006 538 haereticorum

270 566 531 618 ineptissima
554 566 719 607 novitas
743 565 959 606 fraudibus
982 577 1124 616 agens,
1156 565 1229 606 sed
1253 577 1330 606 nec
1353 566 1540 618 gentium
1564 566 1734 618 quidem
1756 571 2007 609 veternosus
2041 599 2045 602 ,

270 648 389 677 error
419 637 625 677 violenter
656 636 888 677 adversans
921 636 1062 688 aliqua
1095 647 1145 676 ex
1178 640 1299 688 parte
1334 636 1623 677 convelleret.“
1675 636 1793 678 Unde
1816 635 2007 680 Christus

269 711 467 748 testatur:
484 708 530 748 Si
553 720 676 761 opera
702 721 780 748 non
802 708 988 760 fecissem
1013 708 1053 748 in
1077 709 1148 761 eis,
1171 721 1276 762 quae
1297 721 1414 749 nemo
1437 709 1547 748 cilius
1568 708 2006 762 s'eci8722ecc'at11nmwn

268 779 461 820 haberent
484 778 562 834 (JO.
590 782 654 828 15,
678 779 764 834 24).
808 777 865 821 Cf.
889 778 1156 830 Kleutgen
1179 783 1205 819 t.
1228 779 1297 822 ult.
1322 779 1425 831 disp.
1447 783 1475 822 4
1498 791 1533 819 c.
1564 782 1583 821 1
1610 780 1631 833 ξ
1657 784 1695 823 3.

389 872 454 905 60.
478 865 702 913 Ε;ι’σρ]3ίῖο)ῑὶ
733 864 880 911 satisfit.
903 887 960 891 —-
982 864 1091 908 Quod
1124 865 1157 901 si
1190 864 1368 901 Christus
1404 864 1561 901 videtur
1596 877 1673 902 non
1706 864 1807 902 tanti
1843 865 2009 902 subinde

268 925 390 962 facere
425 924 625 968 miracula,
661 935 842 960 recusare
874 923 1144 972 probationem
1179 936 1248 972 per
1282 923 1479 968 miracula,
1515 923 1576 960 vel
1609 924 1768 962 illorum
1803 924 2009 972 prohibere

267 984 398 1032 potius
435 996 551 1031 quam
583 984 717 1031 optare
748 982 1125 1031 promulgationem:
1157 985 1340 1019 notamus
1366 979 1406 1023 1.
1431 982 1627 1019 Christum
1660 995 1737 1020 non
1769 983 1896 1020 solum
1929 995 2008 1020 esse

267 1043 463 1080 doctorem
486 1041 679 1083 veritatis,
704 1041 769 1078 sed
793 1043 832 1078 et
854 1054 877 1078 v
892 1041 1080 1079 irtutis
1102 1042 1298 1090 exemplar
1320 1043 1359 1078 et
1380 1041 1631 1087 magistrum,
1655 1054 1818 1090 eamque
1839 1042 2009 1079 malebat

267 1102 442 1150 exemplo
466 1114 582 1149 quam
605 1100 737 1137 verbis
760 1100 977 1145 inculcare;
1011 1113 1141 1148 quare,
1174 1104 1221 1137 ut
1252 1100 1515 1137 humilitatem
1548 1100 1713 1145 doceret,
1745 1101 1930 1147 noluisse,
1965 1104 2009 1138 ut

267 1173 418 1209 semper
439 1173 554 1209 opera
568 1172 637 1197 sua
650 1159 751 1196 mira
764 1160 893 1208 palam
908 1160 1269 1204 manifestarentur,
1294 1160 1525 1208 praesertim
1540 1172 1628 1196 cum
1642 1159 1681 1204 ii,
1706 1172 1803 1208 quos
1820 1163 2006 1200 sanasset.

264 1220 343 1268 jam
365 1219 580 1264 crederent,
603 1222 643 1256 et
665 1219 752 1256 aliis
775 1219 870 1255 satis
892 1222 997 1256 esset
1018 1219 1245 1256 consultum
1268 1231 1336 1267 per
1358 1218 1437 1256 alia
1449 1218 1638 1268 prodigia.
1673 1219 1856 1256 Noluisse
1880 1216 1922 1259 ⁶2.
1937 1232 2007 1268 pa-

266 1291 370 1316 scere
392 1278 640 1327 quorundam
662 1278 942 1323 curiositatem,
967 1278 1035 1327 qui
1057 1280 1246 1326 cuperent
1266 1278 1377 1328 signa
1398 1280 1555 1315 tantum
1577 1278 1753 1315 videre
1776 1278 1914 1315 Matth.
1942 1284 2006 1322 12,

268 1335 350 1390 38).
392 1337 574 1375 Noluisse
609 1334 650 1377 3.
672 1339 719 1373 ut
752 1337 839 1381 alia,
876 1350 975 1385 quae
1011 1337 1299 1386 suppeditabat,
1336 1336 1611 1374 credibilitatis
1646 1337 1792 1374 motiva
1828 1337 2006 1387 neglige-

264 1399 414 1436 rentur.
457 1397 531 1434 Tot
552 1409 643 1434 vero
665 1392 706 1436 4.
730 1396 953 1433 exhibuisse
987 1396 1186 1442 miracula,
1220 1399 1266 1433 ut
1288 1408 1388 1433 nova
1409 1398 1565 1445 patrare
1597 1396 1660 1433 vel
1691 1397 1846 1444 patrata
1877 1396 2006 1434 divul-

264 1469 355 1506 gare
378 1458 478 1493 esset
499 1456 754 1504 superfluum.
790 1456 1004 1492 Damnasse
1027 1455 1196 1504 denique
1220 1453 1262 1495 5.
1289 1455 1533 1504 quorundam
1554 1454 1885 1500 incredulitatem,
1908 1467 2008 1504 quae

263 1515 338 1553 nisi
360 1515 489 1553 omnia
521 1514 703 1552 manibus
735 1515 847 1551 velut
876 1515 1009 1563 palpet
1039 1515 1103 1552 vel
1135 1514 1260 1552 oculis
1292 1514 1460 1563 propriis
1491 1514 1633 1559 videat,
1667 1514 1821 1552 credere
1852 1517 2003 1552 recusat

263 1571 341 1626 (Jo.
367 1580 431 1619 20,
459 1571 543 1626 23).

383 1645 449 1686 61.
473 1640 579 1682 Cum
611 1653 710 1693 ergo
735 1640 925 1681 Christus
957 1641 1095 1682 omnis
1128 1641 1292 1693 generis
1314 1641 1547 1694 patraverit
1569 1641 1688 1692 signa
1710 1641 1753 1680 in
1776 1642 2003 1682 confirma-

262 1713 420 1753 tionem
443 1724 547 1754 suae
570 1712 783 1754 missionis
806 1724 942 1765 eaque
956 1724 1055 1753 vere
1077 1713 1160 1753 sint
1182 1712 1399 1762 miracula,
1423 1713 1574 1753 merito
1598 1716 1771 1764 propter
1784 1712 2002 1764 signorum

262 1783 569 1824 multitudinem
601 1783 766 1824 coelum
799 1787 841 1824 et
870 1787 986 1824 terra
1017 1783 1099 1824 dici
1130 1788 1307 1836 possunt
1339 1784 1382 1824 in
1405 1783 1686 1837 approbanda
1707 1783 1790 1823 hac
1812 1783 2001 1833 veritate,

261 1856 359 1908 quia
381 1855 503 1895 ,Iesus
524 1859 581 1895 est
602 1853 739 1895 Filius
764 1854 844 1895 Dei
867 1855 1002 1908 (Joan.
1026 1857 1094 1904 20,
1127 1855 1213 1910 31),
1237 1855 1518 1908 conspirasse.
1556 1854 1689 1905 „inter
1719 1853 1906 1904 flumina,
1937 1855 2001 1894 in-

260 1925 349 1977 quit
372 1924 611 1978 Cyrillus
645 1925 798 1968 hieros.
822 1930 902 1967 cat.
929 1928 981 1968 10
1004 1938 1043 1965 n.
1070 1928 1134 1975 19,
1168 1925 1287 1966 testis
1310 1929 1375 1966 est
1395 1924 1606 1973 Jordanis,
1641 1925 1751 1966 inter
1772 1925 1909 1966 maria
1930 1925 2000 1965 Ti-

259 1996 444 2037 beriadis
466 2007 596 2036 mare.
631 1995 859 2036 Testantur
882 1995 1011 2045 coeci,
1043 1999 1256 2036 testantur
1278 1996 1429 2045 claudi,
1451 1999 1663 2037 testantur
1684 1997 1840 2037 mortui
1863 1996 1918 2037 ad
1939 1996 2000 2037 vi-

258 2070 348 2107 tam
369 2067 569 2108 revocati.
615 2066 922 2108 Testimonium
955 2065 1094 2107 ferunt
1124 2067 1358 2108 daemones
1390 2067 1574 2119 ajentes:
1601 2066 1712 2117 Quid
1733 2067 1849 2109 nobis
1870 2071 1905 2108 et
1926 2067 2001 2107 tibi

259 2138 392 2178 Jesu?
414 2137 612 2178 Novimus
634 2143 670 2178 te
696 2138 788 2191 quis
809 2138 879 2191 3215,
903 2141 1080 2179 Sanctus
1106 2138 1184 2178 Dei
1207 2137 1350 2193 (Marc.
1376 2139 1412 2186 1,
1437 2137 1523 2193 24).
1565 2136 1863 2178 Testificantur
1883 2137 1999 2178 venti

258 2209 348 2261 ejus
379 2209 556 2261 imperio
580 2209 714 2262 pressi
737 2213 778 2250 et
800 2208 1022 2258 refrenati3
1053 2212 1262 2250 testantur
1293 2209 1478 2261 quinque
1509 2220 1644 2260 panes
1665 2210 1708 2248 in
1730 2208 1914 2261 quinque
1936 2208 1998 2248 vi-

257 2292 401 2320 rorum
423 2279 553 2320 millia
576 2279 838 2332 multiplicati
861 2283 961 2321 etc.“

374 2355 435 2391 Ita
456 2355 652 2402 praeclare
674 2354 862 2403 antiquus
885 2367 1042 2403 quoque
1065 2356 1246 2392 auctor
1278 2366 1391 2394 serm.
1424 2354 1470 2391 de
1502 2354 1627 2403 symb.
1659 2355 1793 2391 contra
1818 2353 1997 2401 judaeos,

255 2426 426 2463 paganos
459 2418 498 2450 et
529 2414 680 2451 arianos
713 2411 836 2466 (inter
858 2426 918 2462 op.
941 2415 1060 2462 Aug.
1082 2416 1110 2451 t.
1136 2420 1158 2454 8
1183 2410 1367 2464 append.)
1400 2425 1429 2450 c.
1458 2419 1529 2453 17:
1566 2439 1583 2457 »
1595 2412 1716 2450 Credo
1745 2414 1829 2461 jam
1858 2424 1937 2458 vos,
1973 2424 1995 2448 o

255 2472 405 2510 inimici
420 2472 567 2519 judaei,
590 2473 713 2509 tantis
735 2472 905 2510 testibus
937 2473 993 2509 ita
1028 2473 1188 2510 obrutos
1222 2472 1534 2519 confutatosque,
1557 2476 1603 2509 ut
1621 2471 1722 2508 nihil
1747 2472 1853 2509 ultra
1877 2483 1996 2520 quae-

255 2544 340 2569 rere
362 2531 557 2569 debeatis:
581 2532 650 2580 qui
671 2531 747 2580 ipsi
760 2531 932 2569 Veritati
953 2531 1075 2569 nimia
1089 2531 1318 2580 insipientia
1336 2531 1398 2568 vel
1412 2531 1545 2579 potius
1560 2530 1740 2571 amentia,
1765 2542 1853 2568 cum
1866 2530 1995 2568 omnia

255 2591 437 2636 nossetis,
460 2603 559 2639 quae
582 2590 628 2627 de
651 2590 800 2628 Christo
823 2592 952 2628 essent
974 2591 1078 2627 dicta
1099 2595 1216 2638 atque
1238 2590 1468 2639 conscripta,
1500 2589 1763 2627 inverecunda
1783 2589 1912 2627 fronte
1934 2589 1994 2626 di-

255 2650 422 2687 cebatis:
463 2651 519 2687 Tu
555 2650 599 2686 de
634 2655 667 2686 te
703 2651 782 2698 ipso
817 2650 1069 2686 testimoninm
1103 2651 1211 2700 dicis,
1244 2650 1501 2686 testimonium
1535 2654 1643 2686 tuum
1675 2660 1751 2685 non
1782 2653 1835 2685 est
1865 2661 1994 2685 verum

255 2705 383 2761 (Joan.
409 2715 444 2753 8,
474 2705 555 2760 13).
596 2708 880 2746 Verumtamen
900 2710 947 2746 ut
968 2708 1123 2745 divinae
1145 2708 1363 2756 majestatis
1395 2708 1540 2745 veritas
1571 2708 1755 2753 lucescat,
1787 2719 1905 2755 supra
1935 2709 1993 2744 tot

253 2767 413 2804 testium
437 2764 755 2820 (prophetarum)
777 2767 994 2816 praei-laras
1027 2779 1232 2815 vocessuo
1256 2767 1428 2805 Creatori
1457 2767 1641 2804 universa
1671 2768 1852 2803 creatura
1881 2766 1993 2803 testi·

253 2826 429 2863 monium
451 2839 491 2863 se
514 2826 656 2864 dixisse
678 2827 906 2876 proclamet.
950 2826 1089 2863 Nonne
1112 2827 1263 2864 coelum
1285 2826 1558 2863 testimonium
1593 2825 1703 2871 dixit,
1736 2824 1892 2873 quando
1923 2835 1994 2862 no-

252 2898 345 2922 vum
369 2885 478 2922 sidus
500 2885 539 2921 in
562 2898 662 2923 nova
684 2885 855 2922 hominis
879 2885 1063 2934 progenie
1085 2886 1196 2922 velut
1217 2885 1354 2934 lingua
1375 2887 1416 2922 et
1437 2885 1576 2934 dgito,
1600 2896 1677 2932 quo
1691 2883 1831 2932 potuit,
1856 2885 1993 2920 natum

252 2944 377 2981 Deum
392 2944 586 2981 hominem
601 2944 787 2994 gentibus
803 2943 1114 2981 demonstravit?
1139 2944 1276 2981 Nonne
1300 2956 1403 2981 mare
1418 2944 1687 2981 testimonium
1701 2942 1811 2987 dixit,
1836 2942 1990 2990 quando

252 3003 400 3039 oblitus
422 3002 591 3050 quodam
614 3003 726 3040 modo
749 3005 912 3040 naturae
933 3015 1024 3040 suae
1046 3003 1220 3050 liquidus
1235 3003 1383 3044 humor,
1408 3002 1606 3039 soliditate
1621 3004 1812 3050 suscepta,
1836 3000 1898 3038 sui
1916 3001 1989 3038 Do-

251 3061 349 3098 mini
371 3062 544 3110 portavit
564 3062 752 3110 impressa
773 3062 950 3111 vestigia.
973 3065 1020 3098 ut
1041 3061 1273 3110 impleretur
1293 3061 1396 3098 illud
1418 3061 1522 3108 quod
1544 3061 1692 3098 dictum
1716 3062 1796 3097 est:
1821 3060 1868 3097 1η
1889 3061 1990 3096 mari

251 3125 305 3157 est
327 3121 388 3157 via
410 3126 476 3157 tua
499 3125 531 3157 et
553 3122 704 3158 semitae
726 3126 812 3158 tuae
833 3122 873 3158 in
896 3122 1006 3170 aquis
1027 3121 1156 3158 multis
1178 3118 1254 3172 (Ps.
1281 3126 1345 3166 76,
1372 3117 1471 3172 2o)?
1502 3119 1611 3164 Quod
1640 3119 1879 3157 elementum
1909 3130 1992 3155 ser-
