2175 3382
206 147 292 185 414
383 138 440 171 Tr.
462 137 522 171 111.
541 136 585 171 de
605 137 776 181 primatu.
798 136 977 170 Primatus
996 148 1070 170 corr
1081 135 1258 180 plectitur
1275 136 1495 179 potestatem
1515 132 1771 168 universalem.

213 258 442 310 Eugenium
458 255 518 298 lll.
540 255 592 296 de
615 255 774 297 consid.
791 255 851 303 llI,
878 262 912 304 l,
943 254 1069 305 ,orbe
1092 254 1332 296 exeundum
1355 257 1419 294 est
1440 253 1491 301 ei,
1514 253 1584 306 qui
1606 253 1714 293 forte
1737 251 1853 293 volet
1874 262 1948 292 ex-

215 329 394 382 plorare,
427 338 536 380 quae
567 339 653 367 non
685 326 740 367 ad
763 331 880 367 tuam
902 326 1143 379 pertineant
1165 330 1354 371 curam;“
1387 329 1429 365 et
1450 323 1505 365 Pi
1523 336 1580 364 us
1602 322 1668 363 Vl.
1691 322 1881 364 declarat
1907 322 1950 362 in

214 412 320 452 resp.
335 398 388 440 ad
413 397 633 450 metropol.
648 401 846 449 mogunt,
869 397 1008 440 trevir.
1023 402 1112 446 etc.,
1135 401 1329 449 pastores
1346 406 1496 436 omnes
1510 404 1765 447 quacunque
1778 391 1949 433 demum

215 469 506 523 praefulgeant
535 468 748 520 dignitate,
787 469 867 518 „ita
899 468 990 520 ejus
1023 466 1264 508 auctoritati
1295 465 1432 512 subdi,
1471 469 1517 506 ut
1549 465 1621 518 qui
1647 468 1843 517 pastores
1874 474 1951 515 ap-

213 541 423 594 pellantur
444 544 486 581 et
507 543 616 587 sunt,
648 539 682 579 si
709 538 888 591 populos
911 538 1134 590 respicias:
1167 537 1207 586 ii,
1238 539 1274 577 si
1305 535 1549 589 pontificem
1573 539 1751 588 spectes,
1782 532 1952 575 nonnisi

211 613 388 654 ovium
411 621 590 652 numero
613 609 885 650 habeantur.⁶
930 608 1046 649 Haec
1070 619 1170 649 vero
1192 608 1399 660 primatus
1422 607 1728 659 praerogativa
1748 604 1954 658 probatur

214 683 361 724 iisdem
384 681 633 723 rationibus.
657 692 708 721 ex
731 679 1006 732 amplitudine
1029 679 1115 721 scil.
1139 678 1366 720 verborum
1390 676 1622 718 Ecclesiam
1645 690 1788 725 meam,
1823 686 1953 729 quam

214 758 453 795 sustentare
485 752 621 800 debet,
655 757 696 792 et
728 751 956 792 verborum
988 763 1078 791 oves
1101 763 1227 802 meas,
1258 761 1365 802 quas
1387 745 1662 789 concreditas
1684 746 1871 800 accepit;
1901 757 1954 787 ex

211 825 344 872 sactis,
373 836 469 865 cum
496 822 715 876 pontifices
737 834 860 862 suam
883 820 1209 862 sollicitudinem
1243 821 1287 861 in
1318 821 1565 862 universam
1590 818 1856 860 extenderint
1875 815 1954 858 Ec-

212 896 406 938 clesiam:
440 906 490 936 ex
521 894 614 942 fine,
646 893 716 946 qui
742 897 807 933 est
828 904 915 933 non
938 897 1107 945 partem
1132 891 1356 940 Ecclesiae,
1387 891 1462 932 sed
1497 891 1742 932 universam
1764 900 1850 942 qua
1869 887 1955 929 late

213 971 343 1019 patet.
375 965 428 1007 ad
461 965 667 1006 unitatem
698 975 923 1004 revocare:
963 964 1046 1014 „ita
1079 968 1126 1004 ut
1157 962 1380 1012 custodita,
1411 961 1775 1015 quemadmodum
1806 970 1955 1013 prose-

217 1038 357 1090 quitur
371 1048 488 1077 conc.
511 1049 535 1075 v
548 1047 572 1075 a
586 1040 601 1075 t
613 1036 623 1075 i
636 1047 658 1075 c
671 1046 695 1075 a
706 1047 733 1074 n
745 1047 773 1075 u
784 1047 826 1074 m
838 1066 847 1083 ,
871 1046 969 1074 cum
983 1046 1076 1075 rom
1084 1046 1167 1075 ano
1182 1033 1381 1086 pontifice
1396 1038 1483 1074 tam
1500 1031 1813 1074 communionis
1827 1041 1956 1084 quam

211 1107 403 1160 ejusdem
426 1107 521 1148 fidei
544 1105 817 1158 professionis
839 1105 1016 1152 unitate,
1049 1104 1236 1146 Ecclesia
1259 1104 1412 1145 Christi
1435 1105 1488 1145 sit
1515 1116 1625 1145 unus
1647 1114 1748 1156 grex
1769 1101 1848 1143 sub
1869 1112 1956 1142 uno

211 1190 379 1220 summo
406 1182 588 1230 pastore.
631 1175 745 1217 Haec
777 1178 842 1217 est
879 1175 1115 1217 catholicae
1151 1176 1340 1217 veritatis
1375 1175 1580 1223 doctrina,
1612 1186 1638 1215 a
1669 1185 1754 1227 qua
1785 1173 1957 1214 deviare

218 1250 335 1291 salva
359 1249 437 1290 fide
461 1253 587 1300 atque
609 1247 745 1288 salute
766 1259 893 1288 nemo
917 1251 1091 1300 potest.“

332 1330 425 1364 393.
460 1318 705 1363 Scholion.
738 1322 964 1370 Exceptiom·
992 1334 1037 1358 ex
1060 1321 1244 1371 Greyorz'o
1267 1321 1318 1362 M.
1351 1321 1614 1370 respondetur.
1637 1342 1694 1347 —
1715 1318 1852 1367 Excipi
1883 1329 1954 1367 po-

211 1393 302 1427 test,
336 1396 380 1420 ex
403 1383 462 1419 his
484 1385 591 1419 recta
614 1381 737 1429 sequi,
770 1393 976 1418 romanum
1009 1381 1232 1430 pontificem
1256 1392 1338 1418 esse
1360 1381 1584 1429 episcopum
1604 1377 1957 1417 universalem

213 1443 420 1480 Ecclesiae.
463 1441 588 1489 Atqui
620 1452 648 1480 s,
674 1440 958 1489 Gregorius
981 1440 1031 1476 M.
1055 1441 1282 1477 constanter
1311 1440 1477 1477 titulum
1508 1439 1612 1476 hunc
1641 1437 1848 1481 recusavit,
1880 1436 1958 1473 imo

219 1500 465 1551 gravissimis
487 1499 616 1537 verbis
638 1499 874 1548 reprobavit.
917 1499 969 1536 Ut
990 1499 1067 1536 rite
1087 1499 1393 1547 respondeamus
1413 1500 1617 1535 notamus:

338 1558 378 1602 1.
402 1558 721 1609 distinguendam
746 1570 827 1596 esse
850 1558 1118 1606 quaestionem
1141 1557 1243 1595 dere
1265 1571 1286 1595 a
1300 1557 1530 1606 quaestione
1543 1557 1591 1595 de
1611 1556 1824 1595 nomine.
1848 1553 1960 1599 Quod

220 1633 299 1657 rem
332 1619 485 1663 attinet,
517 1620 668 1655 certum
691 1620 761 1661 est.
797 1618 1029 1667 Gregorium
1061 1629 1088 1656 s.
1111 1617 1227 1654 Pet-ro
1258 1617 1424 1666 ejusque
1455 1616 1744 1654 successoribus
1774 1613 1960 1652 tribuisse

218 1679 431 1728 primatum
446 1678 488 1715 in
509 1691 537 1715 u
547 1677 632 1714 niv
644 1689 664 1714 e
674 1688 723 1713 rs
737 1690 759 1714 a
769 1690 809 1714 m
823 1677 1046 1714 Ecclesiam.
1068 1677 1129 1713 Ita
1143 1676 1246 1714 enim
1261 1676 1398 1713 scribit
1411 1676 1464 1712 IX
1477 1688 1535 1725 ep.
1556 1683 1568 1715 1
1583 1681 1604 1715 2
1619 1689 1628 1712 2
1644 1701 1662 1720 2
1675 1675 1729 1712 De
1742 1672 1959 1712 constanti-

219 1738 446 1787 nopolitana
475 1736 656 1779 Ecclesia,
690 1736 778 1784 quis
811 1736 969 1773 dubitet
1000 1748 1085 1773 eam
1117 1735 1200 1772 sedi
1233 1735 1470 1784 apostolicae
1502 1734 1719 1784 suljectam
1750 1733 1889 1771 esse?⁴¹
1921 1733 1961 1769 et

216 1810 276 1845 ep.
302 1804 375 1837 55³:
402 1796 570 1841 „Nescio
593 1795 682 1844 quis
705 1795 739 1832 ei
763 1791 882 1847 (sedi)
905 1795 1112 1844 episcopus
1135 1794 1336 1843 subjectus
1358 1805 1438 1831 non
1460 1794 1566 1832 sit‘?<‘
1591 1793 1644 1830 Cf.
1666 1806 1704 1830 n.
1729 1798 1811 1833 354
1828 1792 1856 1829 2.

336 1855 380 1896 ⁶2.
404 1855 515 1900 Quod
537 1866 680 1892 nomen
702 1854 877 1903 episcopi
899 1853 1222 1891 universalis
1246 1853 1399 1898 attinet,
1427 1853 1556 1891 notari
1578 1852 1694 1890 debet
1714 1851 1816 1889 illud
1838 1849 1962 1899 accipi

220 1928 331 1963 posse
354 1915 501 1963 duplici
525 1926 655 1955 sensu.
680 1925 799 1950 sensu
820 1913 1085 1962 legitimo,
1114 1925 1191 1961 quo
1213 1912 1411 1962 significat
1433 1925 1536 1961 eum,
1559 1912 1628 1961 qui
1643 1910 1962 1961 jurisdictionem

221 1975 337 2012 habet-
366 1975 408 2011 in
438 1974 662 2011 universam
684 1972 894 2010 Ecclesiam
927 1974 966 2009 et
996 1975 1057 2009 est
1083 1973 1288 2021 episcopus
1310 1971 1507 2009 Ecclesiae
1528 1969 1767 2009 universalis
1789 1966 1879 2022 (seu
1900 1980 1961 2006 ca-

218 2030 417 2085 tholicae),
450 2035 496 2070 ut
527 2045 566 2070 se
588 2034 700 2070 vocat
733 2044 762 2069 s.
783 2032 844 2069 Le
857 2042 898 2071 o:
932 2044 1008 2080 quo
1042 2043 1160 2068 sensu
1181 2031 1380 2068 tributum
1400 2030 1502 2068 illud
1524 2030 1602 2068 fuit
1622 2029 1789 2067 subinde
1810 2031 1902 2066 ante
1922 2028 1962 2065 et

221 2095 308 2141 post
332 2092 562 2141 Gregorium
591 2102 687 2130 rom.
710 2091 898 2140 pontifici.
940 2091 1053 2127 Alter
1081 2102 1219 2128 sensus
1242 2092 1301 2127 est
1321 2090 1600 2139 reprobandus,
1633 2088 1716 2126 scil.
1737 2088 1770 2126 si
1791 2088 1881 2137 quis
1901 2087 1961 2124 di-

221 2154 376 2189 ceretur
406 2152 612 2200 episcopus
643 2150 878 2188 universalis
911 2149 1177 2187 exclusive
1207 2149 1232 2186 i.
1255 2162 1286 2186 e.
1309 2149 1357 2186 ad
1389 2149 1652 2187 exclusionem
1684 2147 1851 2185 aliorum
1880 2145 1962 2196 epi-

223 2222 439 2259 scoporum,
462 2222 559 2258 quos
583 2209 756 2258 Spiritus
778 2220 806 2246 s.
829 2208 962 2257 posuit
982 2221 1116 2258 regere
1139 2208 1350 2246 Ecclesiam
1373 2208 1454 2253 Dei,
1488 2220 1531 2246 ac
1553 2207 1585 2245 si
1608 2218 1794 2245 romanus
1815 2205 1962 2255 episco—

221 2282 297 2318 pus
320 2272 421 2306 esset
443 2269 595 2314 unicus,
619 2269 763 2317 reliqui
783 2270 939 2305 tantum
963 2269 1048 2315 ejus
1070 2267 1242 2305 ministri
1263 2268 1327 2305 vel
1347 2267 1495 2305 vicarii.
1516 2266 1641 2315 Atqui
1660 2266 1733 2304 hoc
1754 2265 1819 2303 vel
1840 2264 1963 2303 simili

226 2341 342 2366 sensu
364 2341 391 2365 s.
415 2327 627 2377 Gregorius
649 2328 812 2365 titulum
836 2327 941 2364 hunc
961 2326 1156 2375 reprobat.

343 2385 383 2428 3.
405 2386 572 2424 Etiamsi
595 2387 710 2424 illum
742 2387 919 2424 absolute
941 2386 1198 2434 reprobasset,
1231 2385 1332 2422 nihil
1354 2387 1588 2432 sequeretur
1610 2384 1798 2422 adversus
1817 2383 1962 2432 prima—

223 2450 322 2483 tum.
364 2447 506 2483 Amore
529 2446 632 2482 enim
655 2445 907 2489 humilitatis,
935 2446 1048 2494 cujus
1071 2444 1382 2483 studiosissimus
1404 2446 1487 2481 erat
1508 2447 1666 2481 sanctus
1686 2444 1755 2481 ille
1775 2441 1962 2491 pontifex,

222 2507 391 2554 possunt
411 2504 523 2541 tituli
544 2505 768 2554 legitimum
789 2517 881 2554 prae
904 2516 944 2541 se
965 2504 1134 2542 ferentes
1156 2515 1313 2541 sensum
1334 2503 1547 2552 reprobari.
1571 2502 1668 2551 quin
1689 2514 1752 2540 res
1772 2514 1817 2539 eo
1838 2500 1962 2551 signi-

224 2564 336 2602 ficata
357 2567 534 2613 negetur.
576 2564 637 2600 lta
659 2563 866 2601 definitum
888 2565 947 2600 est
969 2576 991 2600 a
1012 2575 1116 2601 conc.
1139 2563 1359 2607 florentino,
1383 2575 1477 2601 rom.
1499 2561 1722 2610 pontificem
1743 2561 1899 2610 plenam
1921 2560 1964 2597 in

225 2623 262 2660 b.
284 2623 400 2660 Petro
423 2622 615 2670 accepisse
637 2625 872 2671 potestatem
892 2622 1111 2671 regendi
1132 2621 1395 2659 universalem
1411 2621 1636 2664 Ecclesiam,
1659 2623 1699 2658 et
1720 2622 1852 2657 tamen
1874 2630 1963 2667 pro-

226 2685 359 2730 pterea
385 2693 480 2721 rom.
513 2681 687 2729 pontifex
718 2694 797 2719 non
829 2683 886 2718 est·
913 2681 1104 2719 dicendus
1126 2694 1194 2718 rex
1216 2680 1422 2718 Ecclesiae.
1465 2680 1590 2724 Quare
1611 2682 1658 2716 ut
1678 2678 1874 2716 efficacius
1894 2691 1963 2727 pa-

225 2740 436 2778 triarcham
452 2740 520 2777 ΟΡ.
536 2740 701 2776 titulum
724 2741 838 2777 illum
861 2740 936 2778 sibi
955 2742 1214 2789 usurpantem
1235 2739 1440 2777 dedoceret
1458 2738 1605 2776 fastum
1626 2741 1666 2775 et
1687 2737 1961 2787 arrogantiam,

228 2800 325 2837 miro
355 2798 572 2836 modestiae
604 2800 779 2847 exemplo
814 2799 977 2837 titulum
1002 2799 1132 2847 aliquo
1156 2811 1276 2836 sensu
1296 2798 1518 2847 legitimum
1541 2797 1697 2846 penitus
1718 2796 1860 2846 abjecit
1880 2808 1963 2833 ma·

224 2859 385 2907 luitque
416 2857 491 2895 dici
524 2869 704 2894 servus
735 2870 1000 2896 servorum
1025 2858 1102 2895 Dei.
1145 2858 1206 2895 En
1237 2870 1314 2905 qua
1335 2856 1525 2894 modestia
1547 2856 1685 2894 scribit
1705 2855 1753 2893 ad
1775 2856 1962 2894 Constan-

225 2919 324 2955 tiam
353 2918 454 2967 Aug.
475 2916 509 2953 V
531 2928 589 2965 ep.
616 2922 689 2955 21:
724 2942 741 2960 2>
753 2916 834 2954 Hac
862 2917 904 2954 in
935 2928 1048 2954 causa
1077 2929 1327 2965 nequaquam
1356 2928 1417 2953 me
1448 2915 1571 2963 pietas
1592 2917 1722 2952 vestra
1752 2913 1962 2964 despiciat:

227 2977 321 3026 quia
352 2976 425 3014 etsi
454 2978 610 3024 peecata
633 2975 808 3024 Gregorii
837 2978 948 3012 tanta
977 2978 1080 3017 sunt.
1111 2978 1158 3013 ut
1186 2975 1270 3024 pati
1290 2974 1386 3012 talia
1407 2974 1558 3019 debeat,
1588 2974 1697 3011 Petri
1717 2975 1850 3011 tamen
1870 2985 1962 3022 apo-

230 3036 323 3073 stoli
343 3036 502 3084 peecata
522 3034 635 3071 nulla
655 3037 759 3078 sunt,
782 3036 829 3071 ut
842 3033 984 3072 vestris
1006 3034 1251 3083 temporibus
1272 3033 1354 3083 pati
1376 3033 1451 3071 ista
1472 3036 1670 3071 mereatur
1691 3062 1699 3070 .
1721 3062 1730 3070 .
1754 3062 1762 3070 .
1784 3034 1824 3069 et
1845 3044 1962 3081 prop-

226 3104 290 3131 ter
312 3096 468 3143 peccata
488 3095 632 3138 nost-ra,
656 3092 725 3140 qui
748 3092 783 3129 ei
800 3090 950 3145 (Petro)
963 3093 1125 3142 indigne
1147 3093 1350 3137 servimus,
1375 3093 1459 3141 ejus
1483 3092 1588 3141 apud
1600 3104 1668 3130 vos
1690 3091 1814 3129 honor
1833 3091 1963 3128 nulla-

2165 3083 2175 3214 ..-ΛΑ-...-
