2175 3382
466 138 648 172 Primatus
666 148 756 172 rom.
776 137 963 182 pontificis
977 137 1015 171 in
1033 137 1225 171 haeresum
1244 137 1483 172 damnatione
1503 137 1632 172 elucet.
1824 142 1909 184 401

176 261 331 298 stolicae
353 261 504 297 vestrae
525 260 627 298 sedis
651 260 867 297 doctrinam
891 259 939 296 ab
961 259 1144 296 omnibus
1167 270 1319 307 semper
1339 259 1607 296 sacerdotibus
1639 259 1749 297 firma
1779 263 1909 299 custo-

177 319 260 357 dita
280 322 319 357 et
340 316 588 371 praedicata),
619 318 967 356 necessarium
998 317 1193 361 duximus
1226 319 1274 354 ut
1303 317 1350 354 ad
1382 318 1563 355 notitiam
1586 321 1736 356 vestrae
1759 319 1910 358 Sancti-

174 378 269 416 tatis
290 378 532 427 perveniant.
574 378 654 415 Nec
685 377 790 414 enim
820 377 996 426 patimur
1026 376 1251 424 quidquam,
1285 376 1389 424 quod
1420 377 1465 413 ad
1489 377 1741 414 ecclesiarum
1764 381 1911 416 statum

175 438 359 486 pertinet,
382 437 560 485 quamvis
581 436 835 474 manifestum
857 438 896 472 et
916 435 1190 472 indubitatum
1212 434 1267 472 sit
1288 435 1392 483 quod
1404 441 1596 480 movetur,
1624 439 1670 473 ut
1691 447 1770 473 non
1791 438 1912 474 etiam

174 498 328 534 vestrae
349 496 569 533 innotescat
591 494 811 540 sanctitati,
836 506 935 542 quae
958 500 1018 531 est
1040 496 1157 542 caput
1179 493 1354 531 omnium
1377 496 1599 531 sanctarum
1621 495 1909 533 ecclesiarum«

175 554 229 592 Cf.
252 558 292 592 et
313 554 681 592 Valentiniani
702 553 856 592 constit.
879 553 984 590 inter
1005 565 1063 601 ep.
1087 565 1115 589 s.
1137 552 1277 590 Leonis
1306 559 1368 592 11.

293 637 391 679 382.
422 633 487 675 Ad
510 634 618 675 haec
648 635 690 678 9.
721 646 923 674 romanae
945 632 1053 673 sedis·
1070 633 1285 686 primatus
1307 632 1470 686 effulqet
1496 633 1538 672 ιή
1559 631 1774 673 haeresum
1797 634 1911 673 clam-

176 707 357 758 natione‚
392 706 436 746 in
469 717 553 758 qua
582 705 746 757 primae
779 704 1052 756 potioresque
1075 707 1219 756 partes
1242 702 1483 755 obtigerunt
1504 702 1613 743 illius
1635 702 1910 755 praesulibus.

174 774 296 821 Nam,
317 780 364 817 ut
384 775 528 816 scribit
550 773 746 815 Petrus
768 773 962 815 cellensis
984 773 1017 814 II
1039 785 1102 826 ep.
1124 776 1215 821 171,
1241 773 1378 821 „haec
1399 773 1523 814 sedes
1538 772 1650 814 Petri
1672 774 1696 814 i.
1720 785 1753 815 e.
1776 779 1909 826 petra,

173 847 217 887 in
238 859 323 900 qua
344 846 512 900 Moyses
533 845 701 893 residet,
735 845 930 886 videlicet
960 845 1027 885 lex
1054 844 1129 885 Dei
1159 844 1435 885 immaculata
1457 849 1711 886 convertens
1734 845 1911 893 animas,

173 915 343 970 fragosa
363 928 557 970 quaeque
579 915 895 957 haereticorum
920 913 1203 956 conciliabula
1226 914 1340 955 elidit
1363 919 1404 955 et
1435 914 1578 964 allidit,
1610 914 1812 967 profanas
1834 927 1912 956 vo-

175 999 272 1028 cum
292 987 503 1028 novitates
524 991 691 1028 resecat
713 991 754 1027 et
775 985 991 1032 rescindlt,
1019 985 1235 1038 superflua
1257 985 1445 1026 confodit
1475 990 1516 1026 et
1542 986 1719 1039 jugulat,
1749 986 1913 1026 hiantia

173 1063 215 1099 et
236 1058 429 1111 ecliptica
451 1057 635 1110 complet
656 1062 698 1099 et
718 1057 933 1098 illustrat.“
964 1056 1027 1097 Ita
1049 1055 1295 1097 Victoris
1318 1061 1423 1097 nutu
1439 1057 1468 1113 1)
1491 1056 1613 1109 plura
1627 1056 1774 1097 habita
1796 1055 1912 1098 fuere

173 1129 354 1170 concilia
385 1130 436 1183 (c,
468 1141 504 1172 a.
540 1128 654 1186 196),
684 1129 728 1169 in
759 1128 911 1181 quibus
947 1128 1140 1181 quaestio
1174 1131 1358 1168 tractata
1389 1126 1464 1168 fuit
1494 1127 1546 1168 de
1577 1131 1770 1179 tempore
1802 1127 1911 1168 cele-

172 1198 325 1241 brandi
355 1200 590 1252 paschatis3
627 1200 716 1252 ipse
748 1198 1231 1252 quartodecimanorum
1263 1210 1453 1239 errorem
1485 1197 1705 1239 damnavit
1735 1198 1910 1251 ejusque

173 1271 428 1312 sententiam
451 1270 721 1323 postmodum
749 1270 946 1322 amplexa
978 1275 1045 1310 est
1076 1269 1266 1322 synodus
1297 1269 1500 1319 nicaena3
1532 1269 1622 1321 ipse
1644 1269 1912 1310 Theodotum

174 1341 402 1382 coriarium
434 1353 460 1382 a
481 1341 783 1382 communione
804 1340 989 1382 removit
1005 1343 1049 1393 2).
1092 1340 1153 1381 Ita
1184 1340 1226 1380 in
1259 1340 1534 1380 damnatione
1557 1339 1910 1392 rebaptizantium

173 1412 420 1464 praecelluit
435 1412 469 1469 3)
501 1417 628 1465 atque
660 1412 899 1464 praevaluit
922 1409 1240 1463 Stephanus
1262 1411 1315 1466 (a.
1339 1410 1455 1466 266).
1477 1436 1534 1441 -
1556 1409 1911 1451 Montanistarum

173 1483 367 1536 rigorem,
397 1483 484 1524 imo
515 1483 657 1536 potius
688 1483 995 1531 crudelitatem,
1030 1494 1115 1535 qua
1146 1482 1338 1533 gravium
1370 1481 1595 1522 criminum
1626 1482 1709 1522 reis
1740 1481 1910 1522 veniam

174 1566 346 1595 omnem
376 1554 602 1606 negabant,
643 1554 825 1595 ecclesia
855 1566 1083 1594 romana
1115 1553 1370 1606 reprobavit.
1425 1552 1517 1593 Huc
1551 1552 1668 1593 haud
1698 1552 1909 1593 immerito

172 1623 318 1666 referri
330 1629 468 1677 potest
483 1626 694 1666 sententia
708 1625 989 1678 probabiliter
1012 1624 1077 1666 Ze
1089 1638 1114 1677 p
1127 1625 1153 1665 h
1166 1625 1311 1678 yrini
1334 1625 1619 1680 (202—219),
1644 1623 1696 1664 de
1718 1635 1802 1676 qua
1822 1634 1911 1663 non

173 1695 279 1736 citra
299 1695 481 1736 ironiam
503 1695 648 1736 scribit
670 1696 957 1737 Tertullianus
990 1695 1041 1736 de
1073 1695 1241 1748 pudicit.
1265 1707 1298 1736 c.
1325 1700 1370 1739 1:
1404 1694 1568 1742 „Audio
1602 1694 1785 1736 edictum
1818 1704 1912 1734 esse

172 1766 437 1818 propositum
468 1771 510 1807 et
541 1767 711 1820 quidem
737 1767 1096 1819 peremptorium;
1128 1765 1316 1818 pontifex
1338 1766 1424 1806 scil.
1448 1765 1672 1814 maximus,
1704 1764 1818 1817 quod
1849 1768 1913 1805 est

173 1836 397 1889 episcopus
419 1838 728 1890 episcoporum,
751 1837 898 1878 edicit:
938 1836 1045 1888 „Ego
1077 1841 1118 1877 et
1139 1836 1362 1878 moechiae
1385 1841 1426 1877 et
1447 1835 1738 1876 fornicationis
1760 1834 1913 1876 delicta

172 1906 432 1959 poenitentia
454 1907 607 1949 functis
629 1908 829 1949 dimitto.“

291 1981 480 2019 Cathedra
513 1982 622 2020 Petri
658 2009 675 2027 »
686 1982 845 2020 nefandi
879 1981 1021 2019 erroris
1056 1978 1290 2033 (pelagiani)
1326 1981 1453 2029 capita
1483 1993 1669 2019 mucrone
1700 1981 1914 2029 apostolico

171 2040 391 2088 percussit«
427 2043 468 2078 et
503 2042 578 2086 ,ad
600 2042 812 2090 impiorum
845 2041 1182 2078 detruncationem
1216 2040 1346 2090 gladio
1381 2039 1489 2077 Petri
1525 2040 1704 2078 dexteras
1736 2040 1912 2077 omnium

177 2097 278 2150 (scil.
298 2099 571 2149 episcoporum
592 2113 663 2149 per
684 2098 834 2151 orbem)
856 2098 1112 2151 armavit4)“:
1147 2112 1236 2136 nam
1259 2099 1438 2137 Zosimus
1461 2100 1643 2137 omnibus
1665 2099 1915 2148 praescripsit

172 2158 376 2207 episcopis,
411 2162 457 2196 ut
478 2160 682 2209 epistolam
714 2172 835 2204 suam,
868 2171 967 2207 quae
990 2158 1190 2196 Tractoria
1221 2158 1434 2203 dicebatur,
1467 2171 1544 2206 qua
1566 2158 1780 2196 Coeles-tius
1801 2158 1912 2195 Pela-

172 2216 338 2266 giusque
359 2217 535 2256 damnati
559 2221 664 2265 sunt,
701 2231 820 2255 manu
854 2218 1012 2266 propria
1045 2217 1350 2255 subscriberent.
1392 2217 1529 2265 Neque
1552 2217 1729 2255 contenti
1750 2217 1913 2255 fuerunt

171 2275 323 2313 romani
343 2278 542 2326 praesules
565 2278 748 2315 damnare
769 2279 926 2314 tantum
948 2276 1247 2326 pelagianorum
1269 2288 1432 2321 errores,
1465 2277 1529 2313 sed
1551 2277 1718 2325 populos
1741 2276 1912 2314 haeresis

320 2403 343 2448 ¹)
359 2402 400 2436 Id
419 2403 553 2437 diserte
571 2404 730 2437 testatur
747 2403 845 2447 apud
863 2402 1062 2436 Eusebium
1082 2402 1123 2442 V,
1143 2405 1188 2435 24
1206 2401 1233 2435 P
1244 2411 1264 2434 ο
1277 2400 1289 2433 l
1300 2413 1323 2444 y
1335 2411 1382 2434 cr
1393 2411 1413 2434 a
1424 2402 1441 2435 t
1452 2411 1469 2435 e
1482 2413 1497 2434 s
1515 2401 1560 2435 de
1576 2401 1716 2445 synodo
1731 2412 1753 2435 a
1766 2412 1803 2436 se
1817 2401 1908 2435 cele-

172 2454 290 2489 brata.
326 2456 494 2495 ,Possem
513 2456 635 2494 etiam,
655 2455 782 2490 scribit
798 2456 878 2500 ip.=e
897 2456 942 2489 ad
962 2455 1161 2493 Victorem,
1181 2455 1449 2498 episcoporum,
1477 2455 1541 2498 qui
1568 2465 1708 2489 mecum
1738 2456 1833 2494 sunt,
1862 2454 1911 2488 fa-

173 2519 252 2543 cere
269 2509 506 2550 mentionem,
526 2520 618 2553 quos
637 2521 719 2543 cum
737 2520 758 2542 a
776 2520 833 2543 me
861 2508 1052 2543 convocari
1070 2507 1284 2553 petiissem,
1312 2507 1543 2541 convocavi.‹
1574 2508 1679 2542 Unde
1704 2508 1801 2542 idem
1828 2518 1912 2542 con·

170 2561 281 2606 jicere
298 2563 425 2597 licebit
439 2565 483 2598 de
501 2563 584 2598 aliis
602 2564 764 2608 synodis,
790 2565 870 2597 tum
899 2573 987 2606 quia
1013 2563 1070 2595 tot
1097 2560 1225 2605 synodi
1253 2563 1297 2595 de
1325 2562 1450 2595 eodem
1469 2563 1688 2606 argumento
1708 2562 1911 2605 eodemque

171 2616 338 2660 tempore
356 2616 562 2651 celebratae
579 2617 690 2653 fuere.
708 2618 789 2650 tum
806 2617 894 2659 quia
913 2625 1040 2650 omnes
1071 2614 1197 2647 literas
1225 2614 1271 2647 ad
1299 2615 1455 2648 eundem
1482 2614 1689 2658 praesulem
1718 2614 1910 2648 dederunt.

173 2667 225 2702 Cf.
240 2669 269 2702 E
280 2680 304 2702 11
315 2681 331 2702 s
342 2679 362 2703 e
373 2670 396 2703 b
408 2671 417 2703 i
430 2681 455 2703 u
465 2682 481 2703 s
504 2670 547 2707 H,
560 2669 599 2703 E.
616 2669 658 2706 V,
671 2671 716 2703 23
726 2681 751 2702 s.
764 2670 801 2702 et
821 2668 847 2702 C
859 2679 879 2702 o
891 2680 915 2701 11
926 2674 963 2702 st
979 2678 1000 2701 a
1012 2681 1033 2701 n
1048 2668 1122 2701 tiu
1135 2678 1150 2700 s
1169 2667 1209 2700 in
1232 2667 1317 2703 diss.
1333 2667 1377 2701 de
1394 2666 1641 2701 controversia
1652 2667 1749 2701 circa
1759 2667 1907 2704 Pascha,

316 2722 344 2768 2)
362 2721 417 2755 Ita
434 2724 609 2766 antiquus
628 2722 784 2766 scriptor
800 2723 958 2755 testatur
979 2720 1077 2764 apud
1097 2719 1123 2752 Ε
1137 2730 1160 2752 11
1171 2730 1187 2752 s
1199 2729 1217 2752 e
1229 2718 1311 2752 bin
1322 2731 1358 2752 m
1377 2719 1420 2761 V,
1440 2722 1495 2753 28.

316 2777 344 2821 ³)
362 2774 416 2811 Cf.
434 2776 526 2809 Vin
538 2786 556 2808 c
568 2786 585 2808 e
597 2787 621 2809 n
632 2779 647 2809 t
657 2775 669 2809 i
681 2787 704 2808 u
716 2786 731 2808 s
749 2775 845 2809 lirin.
865 2774 1078 2808 commonit.
1101 2782 1130 2807 c.
1151 2774 1182 2806 6.

313 2829 343 2873 4)
360 2828 418 2862 Ita
435 2829 479 2862 de
495 2829 545 2863 In
558 2841 580 2862 n
593 2829 794 2863 ocentio
812 2830 849 2862 et
867 2829 910 2862 de
929 2828 952 2861 Z
965 2827 1034 2860 osi
1048 2836 1116 2859 mo
1134 2826 1290 2870 Prosper
1309 2825 1388 2861 adv.
1407 2825 1531 2860 collat.
1551 2836 1579 2859 c.
1600 2829 1642 2860 21
1664 2837 1699 2860 n.
1720 2828 1765 2860 68
1783 2835 1906 2869 opusc.

173 2880 335 2921 XXXVI,
361 2882 425 2925 qui
453 2893 481 2918 c,
510 2888 529 2916 5
548 2894 583 2916 n.
606 2885 649 2917 14
675 2882 822 2915 scribit:
858 2881 1123 2920 ,Sanctisfflma
1152 2880 1186 2914 b.
1214 2879 1313 2913 Petri
1341 2878 1443 2913 sedes
1471 2879 1517 2913 ad
1545 2889 1757 2913 universum
1784 2879 1907 2912 orbem

172 2934 303 2967 Zosimi
323 2943 385 2967 ore
404 2934 598 2978 loquitur.‘
635 2935 705 2977 Qui
732 2945 815 2968 vero
843 2933 1153 2977 subscriptionem
1181 2932 1444 2973 detrectarunt,
1473 2932 1557 2966 sede
1576 2942 1641 2965 sua
1659 2932 1795 2975 privati
1811 2932 1906 2969 sunt,

175 2997 241 3026 ‚ex
268 2987 402 3030 quibus
431 2987 591 3032 plurimi,
617 2988 711 3022 teste
730 2987 844 3021 Mario
864 2987 1135 3022 Mercatore
1166 2984 1204 3018 in
1235 2986 1447 3019 commonit.
1467 2988 1498 3027 2,
1529 2985 1785 3028 resipiscentes
1817 2987 1854 3017 et
1885 2994 1906 3017 a

172 3040 364 3083 praedicto
382 3050 502 3074 errore
519 3041 674 3074 correcti
691 3040 845 3085 regressi
872 3039 959 3072 sunt
986 3038 1169 3083 supplices
1198 3038 1244 3072 ad
1272 3040 1392 3072 sedem
1411 3037 1667 3083 apostolicam,
1692 3042 1729 3071 et
1747 3035 1905 3080 suscepti

173 3104 255 3127 suas
272 3094 374 3128 sedes
391 3096 639 3137 receperunt.¹

316 3164 339 3189 H
349 3172 367 3189 n
376 3166 410 3189 rt
421 3171 435 3189 e
445 3172 458 3190 r
470 3185 476 3195 ,
498 3164 643 3196 Compend.
663 3163 818 3196 theologiae
838 3167 861 3191 1,
885 3163 917 3188 10
948 3162 990 3188 ed.
1624 3151 1668 3183 26
