2175 3382
220 123 304 164 448
379 119 499 152 Tract.
518 118 577 153 111.
596 118 640 152 de
659 118 832 163 primatu.
853 118 1138 163 Exceptionibus
1156 120 1285 153 contra
1303 118 1607 153 infallibilitatem
1627 118 1772 153 satisfit.

222 240 536 285 sollicitantibus,
569 241 800 279 necessitate
831 241 1023 290 compulsi
1053 254 1097 278 ex
1130 241 1291 279 diversis
1323 241 1415 279 locis
1443 241 1619 290 querelas
1641 243 1776 278 contra
1795 253 1862 279 eos
1885 253 1954 279 seu

221 300 482 336 accusationes
520 299 566 336 ad
591 300 843 348 apostolicam
866 303 1041 338 nostram
1073 301 1204 337 sedem
1225 301 1386 349 plurimi
1408 300 1613 337 orthodoxi
1635 300 1823 337 detulisse
1843 312 1955 338 mon-

220 361 406 403 strantur,
439 363 478 395 et
508 365 588 396 tam
620 359 661 396 in
692 359 837 408 scripto
869 359 1120 408 deprecantes
1146 363 1184 396 et
1205 361 1466 409 conjurantes,
1499 371 1695 408 quamque
1717 359 1758 396 in
1780 359 1955 397 eominus

219 418 339 466 positi
370 418 624 466 postulantes,
669 421 715 456 ut.
746 419 870 456 totius
900 419 993 455 mali
1024 421 1235 466 tantaeque
1266 418 1481 456 eversionis
1514 430 1582 467 per
1613 418 1955 466 apostolicam

220 477 350 514 sedern
372 477 624 514 abscindatur
645 482 920 522 commentum,
944 481 1139 526 quatenus
1163 477 1323 514 minime
1345 479 1475 514 totum
1498 489 1639 525 corpus
1661 477 1954 515 catholicaeEc-

220 537 358 574 clesiae
381 535 562 573 nocibilis
585 549 719 574 eorum
742 537 938 574 ectheseos
962 538 1126 586 languor
1148 536 1389 585 disrumpere
1404 536 1532 573 valeat
1546 532 1601 587 (M
1614 548 1673 574 an
1685 536 1727 573 si
1748 535 1793 581 X,
1810 542 1862 577 87
1870 534 1954 586 9.)‘

221 596 301 633 Imo
323 595 365 632 in
387 595 554 643 epistola
575 595 766 644 encyclica
788 594 856 645 (ib.
886 603 898 635 1
916 593 1013 647 174)
1036 598 1226 632 testatur:
1260 596 1340 639 „Et
1371 596 1496 644 majus
1519 598 1579 632 est
1601 595 1740 641 dicere,
1763 594 1954 649 generali-

220 658 321 692 tates
344 654 584 703 synodorum
605 667 675 703 per
697 667 765 691 sua
787 655 929 702 scripta
951 667 1028 692 non
1051 655 1180 692 solum
1202 654 1417 692 invitantes
1433 654 1637 692 emendare
1650 655 1848 703 propriam
1862 654 1953 692 hae·

220 713 352 758 resim,
377 714 443 750 sed
466 718 505 750 et
526 724 595 750 nos
617 714 720 762 ipsos
743 714 767 750 i.
791 725 822 753 e.
844 713 1096 762 apostolicam
1120 713 1251 751 sedem
1273 714 1524 762 conjurantes
1538 716 1578 751 et
1591 715 1854 762 protestantes
1876 712 1952 750 eri-

220 785 310 822 gere
333 773 548 810 secundum
569 773 788 822 regularem
813 773 1100 817 auctoritatem,
1123 775 1163 810 et
1183 785 1262 810 non
1284 785 1408 821 usque
1430 771 1477 809 ad
1493 772 1609 810 finem
1622 784 1692 821 per
1704 775 1765 810 tot
1777 774 1956 821 tempora

221 833 446 880 permit-tere
469 831 752 869 contrariorum
775 832 992 869 novitatem
1027 834 1180 869 sanctas
1203 832 1273 869 Dei
1307 832 1515 869 catholicas
1547 831 1700 880 depasci
1731 831 1954 869 ecclesias«

221 891 316 929 Cum
337 890 514 928 monachi
539 890 693 939 scythae
714 890 755 927 in
778 890 935 928 Oriente
965 891 1102 928 turbas
1133 891 1348 928 excitarent
1377 893 1538 940 propter
1567 890 1796 928 formulam:
1826 890 1948 936 ,Unus

222 963 266 987 ex
289 950 480 987 Trinitate
504 949 710 986 crucifixus
732 952 814 993 est‘‚
838 950 884 986 ad
909 950 1041 987 sedem
1061 950 1312 998 apostolicam
1333 952 1584 987 recurrerunt
1606 949 1680 998 ipsi
1703 951 1743 987 et
1756 948 1956 994 catholici,

220 1010 324 1047 inter
345 1021 442 1058 quos
465 1008 584 1045 etiam
607 1008 629 1045 J
641 1009 947 1046 ustinianus
979 1006 1170 1061 (nondum
1201 1007 1447 1059 imperator):
1482 1009 1699 1054 „Petimus‚
1731 1010 1844 1059 rogat
1872 1008 1956 1057 ipse

221 1068 469 1105 Hormisdam
492 1080 549 1115 ep.
575 1073 625 1107 89
651 1064 725 1120 (ed.
750 1065 924 1121 Thiel).
948 1071 993 1105 ut
1016 1068 1049 1105 si
1071 1068 1255 1117 possibile
1278 1070 1349 1113 est,
1372 1068 1572 1105 celerrimo
1595 1067 1685 1105 dato
1707 1079 1893 1117 responso
1915 1070 1956 1105 et

221 1127 433 1164 satisfactis
456 1126 649 1175 religiosis
682 1127 881 1164 monachis
903 1127 1095 1164 Joannem
1128 1130 1168 1164 et
1189 1127 1397 1165 Leontium
1430 1127 1479 1164 ad
1509 1139 1580 1164 nos
1610 1127 1846 1164 remittatis:
1878 1127 1954 1164 nisi

221 1186 324 1224 enim
347 1186 526 1235 precibus
550 1187 589 1222 et
611 1185 819 1235 diligentia
840 1188 970 1224 vestra
991 1187 1064 1224 ista
1087 1187 1262 1234 quaestio
1285 1187 1414 1224 soluta
1435 1186 1567 1231 fuerit,
1603 1198 1784 1223 veremur
1805 1198 1855 1223 ne
1875 1198 1956 1224 non

219 1246 345 1294 possit
368 1244 616 1282 ecclesiarum
638 1248 860 1282 sanctarum
881 1258 955 1293 pax
976 1246 1222 1294 provenire«
1266 1245 1317 1283 Et
1338 1246 1483 1283 iterum
1505 1246 1547 1282 in
1568 1245 1644 1282 alia
1665 1257 1724 1294 ep.
1747 1241 1838 1297 (99)
1861 1245 1955 1283 scri-

221 1305 299 1342 bit:
337 1304 457 1348 ‚Post
481 1304 600 1341 semel
622 1304 753 1341 divina
783 1304 1050 1342 misericordia
1081 1305 1264 1342 donatam
1295 1305 1489 1342 Ecclesiae
1521 1304 1729 1342 catholicae
1759 1304 1955 1342 unitatem

221 1363 380 1411 quidam
402 1366 595 1409 asserunt,
621 1363 819 1401 Christum
840 1364 911 1401 Dei
933 1364 977 1401 D.
999 1364 1046 1401 N.
1068 1376 1138 1412 pro
1160 1367 1295 1401 nostra
1316 1365 1441 1402 salute
1464 1376 1576 1401 carne
1590 1363 1816 1401 crucifixum
1829 1376 1955 1401 unum

221 1423 267 1460 de
289 1423 483 1460 Trinitate
505 1422 644 1459 debere
665 1422 901 1471 praedicari:
936 1423 1039 1471 quod
1072 1423 1105 1460 si
1125 1423 1415 1472 suscipiendum
1447 1423 1509 1467 sit,
1541 1425 1704 1472 paterna
1732 1421 1956 1472 provisione

221 1482 439 1519 reverentia
462 1484 588 1519 vestra
610 1481 837 1519 cautissimo
860 1494 930 1519 suo
952 1482 1151 1531 rescripto,
1183 1482 1278 1531 quid
1311 1482 1424 1531 sequi
1447 1482 1591 1531 quidve
1623 1494 1742 1531 super
1771 1482 1844 1520 hoc
1873 1482 1954 1519 evi-

221 1544 303 1578 tare
325 1541 545 1586 debeamus,
568 1552 638 1578 nos
661 1541 869 1578 certiorare
892 1541 1079 1591 dignetur
1102 1571 1109 1578 .
1134 1571 1141 1577 .
1168 1571 1175 1579 .
1195 1541 1392 1590 Imponite
1422 1542 1549 1591 igitur
1578 1541 1688 1579 vobis
1720 1541 1838 1578 semel
1868 1553 1956 1579 sus-

221 1602 377 1649 ceptum
398 1600 581 1645 laborem,
606 1602 738 1637 sancte
773 1612 814 1637 ac
849 1600 1086 1638 venerabilis
1108 1603 1230 1649 pater,
1254 1601 1371 1638 etiam
1392 1601 1434 1638 in
1456 1601 1527 1638 hoc
1548 1600 1861 1649 praedecessores
1887 1613 1954 1638 ve-

221 1662 320 1697 stros
344 1661 561 1708 sequentes,
585 1671 753 1708 quorum
774 1660 1003 1697 memoriam
1034 1662 1073 1696 et
1094 1660 1376 1709 amplectimini
1407 1662 1446 1697 et
1477 1660 1672 1698 consortio
1702 1659 1956 1708 pontificatus

222 1719 380 1764 ornatis,
413 1722 451 1756 et
473 1718 520 1755 de
540 1719 610 1755 hac
642 1718 862 1756 intentione
893 1719 1038 1756 liberos
1069 1732 1139 1756 nos
1169 1722 1374 1768 properate
1404 1719 1565 1756 reddere
1597 1722 1638 1756 et
1667 1730 1833 1757 securos.
1873 1718 1957 1756 Hoc

223 1778 327 1815 enim
349 1778 541 1815 credimus
575 1790 660 1815 esse
681 1778 928 1822 catholicum,
961 1778 1064 1826 quod
1095 1781 1226 1816 vestro
1256 1778 1441 1828 religioso
1472 1790 1660 1827 responso
1691 1777 1804 1815 nobis
1834 1777 1956 1815 fuerit

221 1837 449 1874 intimatum
472 1867 479 1874 .
503 1867 510 1873 .
533 1870 539 1877 .
564 1837 666 1874 Haec
697 1837 802 1874 enim
833 1837 962 1875 omnia
981 1837 1067 1874 ideo
1088 1838 1260 1886 petimus
1291 1849 1361 1875 vos
1393 1837 1599 1886 disponere
1630 1837 1796 1883 cautius,
1829 1838 1877 1874 ut
1905 1849 1957 1874 ne

220 1896 328 1933 locus
350 1896 549 1933 mendacio
571 1897 633 1933 vel
654 1896 811 1933 insidiis
835 1897 967 1941 detur;
990 1897 1177 1945 quoniam
1201 1909 1353 1935 summo
1375 1909 1464 1934 cum
1486 1896 1678 1935 desiderio
1693 1896 1809 1933 fidem
1823 1895 1954 1933 catho-

219 1954 333 1992 licam
356 1956 635 2004 amplectentes
657 1957 787 1992 vestra
809 1955 983 1993 doctrina
1004 1956 1198 1994 unitatem
1220 1956 1405 1994 universo
1419 1956 1502 1994 orbi
1514 1956 1688 2005 petimus
1702 1955 1922 1993 condonari.
1935 1959 1954 1978 ζ

222 2013 323 2058 Quid
344 2014 447 2052 hisce
469 2014 734 2063 praeclarius?
756 2015 843 2063 Ipse
865 2015 1080 2064 imperator
1101 2015 1127 2052 J
1136 2016 1347 2053 ustinus
1368 2015 1415 2052 ad
1438 2015 1689 2053 Hormisdam
1711 2027 1769 2064 ep.
1789 2020 1868 2055 108
1891 2027 1953 2052 re-

221 2073 350 2110 currit'
368 2070 416 2125 (a.
442 2070 542 2126 520)
567 2074 759 2111 scribens:
796 2076 857 2118 „A
879 2074 994 2111 nobis
1026 2074 1186 2122 quidam
1209 2074 1474 2112 destinabitur
1504 2074 1552 2111 ad
1575 2074 1778 2112 certiorem
1807 2073 1952 2112 facien-

221 2132 308 2169 dam
328 2132 615 2170 beatitudinem
636 2134 747 2170 tuam
769 2146 885 2182 super
920 2133 1101 2170 omnibus
1136 2136 1176 2171 et
1205 2133 1465 2171 insinuandas
1495 2133 1604 2171 vobis
1635 2132 1953 2182 supplicationes,

221 2204 320 2239 quae
342 2192 455 2229 nobis
478 2192 630 2229 oblatae
652 2194 745 2229 sunt
768 2190 855 2244 (pro
877 2192 953 2230 fide
975 2192 1164 2230 catholica
1194 2205 1239 2229 ex
1262 2193 1425 2230 diversis
1456 2190 1697 2245 provinciis),
1731 2194 1770 2229 et
1790 2204 1953 2241 respon-

221 2262 309 2287 sum
328 2251 489 2299 pietatis
510 2253 662 2288 vestrae
682 2251 940 2297 referendum,
964 2264 1040 2299 quo
1062 2252 1213 2300 possint
1233 2252 1400 2289 resecari
1420 2252 1578 2289 tandem
1601 2251 1868 2289 dubitationes
1890 2250 1952 2288 in-

221 2315 452 2359 congruae«
477 2309 529 2347 Cf.
549 2312 751 2359 praeterea
782 2323 840 2359 ep.
867 2317 961 2351 116.
988 2317 1081 2352 120.
1109 2317 1201 2351 127.
1229 2317 1322 2351 130.
1350 2316 1428 2351 132
1459 2313 1498 2348 et
1525 2317 1602 2351 135
1636 2310 1741 2347 inter
1771 2323 1829 2359 ep.
1850 2310 1954 2348 Hor-

220 2368 367 2405 misdae
390 2372 428 2406 et
449 2369 566 2406 verba
588 2370 758 2407 auctoris
779 2370 821 2407 ll.
847 2370 1118 2408 Carolinorum
1139 2383 1176 2407 n.
1203 2376 1297 2410 372.

341 2458 435 2491 431.
458 2452 644 2489 Provocat
675 2450 716 2492 6.
749 2452 797 2489 ad
829 2452 1022 2502 synodum
1044 2452 1575 2502 hierosolymitanam,
1610 2453 1653 2489 in
1673 2465 1752 2501 qua
1773 2451 1951 2500 quaestio

221 2509 268 2546 de
289 2510 483 2558 legalibus
505 2511 764 2560 peremptorie
785 2524 864 2549 non
894 2512 1013 2549 fuerit
1043 2512 1235 2560 dirempta
1264 2525 1285 2549 a
1306 2512 1434 2557 Pet-ro,
1467 2512 1534 2549 sed
1564 2511 1762 2549 communi
1792 2510 1954 2548 consilio

222 2568 439 2606 secundum
460 2569 484 2606 J
487 2570 595 2606 acobi
617 2570 861 2608 sententiam.
894 2570 1041 2608 Verum
1063 2574 1109 2608 ut
1130 2571 1223 2608 hinc
1243 2571 1397 2619 aliquid
1419 2570 1622 2616 inferatur,
1645 2570 1812 2618 supponi
1825 2569 1952 2615 debet,

220 2639 269 2664 ne
291 2628 452 2665 Petrum
474 2628 632 2676 quidem
653 2629 777 2666 fuisse
807 2630 1076 2667 infallibilem:
1110 2630 1214 2679 quod
1244 2632 1342 2678 puto
1373 2629 1478 2679 apud
1507 2630 1710 2677 theologos
1742 2628 1952 2666 catholicos

221 2686 403 2724 auditum
423 2699 626 2735 nunquam
648 2691 718 2725 est.

342 2787 436 2821 432.
462 2778 503 2820 7.
541 2781 723 2819 Concesso
746 2783 863 2820 etiam
887 2783 991 2831 quod
1023 2783 1098 2820 sibi
1129 2783 1396 2821 contradicens
1418 2780 1483 2835 (cf.
1506 2782 1648 2832 Kgsch.
1671 2783 1701 2831 Ι,
1731 2789 1823 2828 177,
1851 2779 1950 2835 180)

221 2840 389 2877 affirmat
409 2840 442 2876 D
454 2844 475 2876 ὃ
487 2839 587 2877 llin
598 2853 694 2889 ger.
718 2841 872 2879 decreta
894 2841 1147 2880 conciliorum
1168 2842 1504 2879 oecumenicorum
1527 2841 1750 2891 dogmatica
1764 2841 1848 2890 jam
1861 2843 1953 2879 ante

220 2899 459 2948 pontificiam
482 2898 813 2937 confirmationem
835 2901 913 2937 vim
935 2901 1117 2938 habuisse
1140 2901 1353 2951 obligandi,
1376 2900 1476 2938 nihil
1498 2900 1590 2938 inde
1612 2900 1792 2949 sequitur
1815 2902 1952 2938 contra

221 2958 418 3007 pontificis
440 2957 777 3005 infallibilitatem,
802 2960 868 2996 sed
890 2962 1044 2997 tantum
1068 2962 1224 3008 praeter
1244 2960 1373 3009 ipsum
1389 2959 1555 2996 concilia
1569 2959 1688 2997 etiam
1703 2959 1951 2997 oecumenica

221 3017 291 3054 hac
312 3017 435 3066 potiri
455 3017 738 3066 praerogativa.
779 3018 925 3055 Verum
946 3031 1134 3068 negamus
1156 3019 1412 3057 conciliorum
1434 3018 1589 3056 decreta
1610 3030 1693 3056 esse
1715 3020 1805 3056 ante
1817 3018 1949 3067 ponti-

222 3076 304 3113 ficis
327 3075 660 3114 confirmationem
680 3077 943 3125 peremptoria
966 3074 1020 3130 (n.
1045 3084 1096 3118 40
1106 3075 1160 3130 5).

2174 3087 2175 3093 2
2159 2938 2175 3058 ’ΨΑ-
