2175 3382
225 164 280 197 ψ)
551 158 669 190 'si-act.
694 157 714 190 Ι.
737 156 918 202 Apologia
935 157 1041 201 relig.
1061 157 1186 192 christ.
1205 157 1330 191 Thesis
1350 156 1483 191 XVIII.
1507 157 1643 191 [nvictu

229 195 235 203 ι
257 194 277 202 a-

230 289 322 318 rum
355 277 639 317 humanorum
672 275 725 315 ad
757 275 1051 328 explicandam
1083 278 1434 328 propagationem
1467 275 1683 327 religionis
1707 276 1966 318 christianae

228 347 418 399 permisit
438 346 561 394 Deus,
595 351 639 386 ut
670 345 863 387 Julianus
886 351 1085 399 apostata
1106 347 1450 399 superstitionem
1474 346 1730 399 paganicam
1754 347 1870 388 omni
1892 359 1965 388 co-

228 423 330 458 natu
354 422 396 458 et
418 418 651 469 sagacitate
674 422 915 458 restaurare
938 417 1154 465 niteretur,
1181 422 1303 458 utens
1326 417 1439 458 hunc
1462 418 1504 458 in
1527 417 1657 458 finem
1680 429 1758 458 sua
1782 419 1971 460 auctori-

228 493 314 529 tate
337 493 379 529 et
401 488 608 540 exemplo,
632 487 785 528 divitiis
808 492 849 528 et
870 488 1117 537 honoribus,
1140 488 1374 529 disserendi
1397 493 1487 529 arte
1510 493 1552 529 et
1575 488 1817 541 eloquentia
1830 488 1969 541 philo-

230 558 476 611 sophorum,
499 559 623 599 minis
646 563 687 599 et
709 558 940 610 promissis,
963 559 1110 611 poenis
1133 563 1175 600 et
1196 559 1397 611 praemiis
1419 564 1508 608 etc,
1532 558 1646 600 nullo
1669 563 1812 600 tamen
1829 558 1965 600 solido

229 629 354 670 exitu.
397 628 486 670 Nisi
517 641 616 680 ergo
639 630 891 682 principium
916 630 1179 671 causalitatis
1201 641 1358 682 negare
1381 630 1572 678 velimus,
1603 629 1873 671 inferendum
1896 634 1971 679 est,

232 699 366 741 Deum
389 701 525 752 ipsum
549 712 625 753 pro
649 700 879 741 christiana
901 699 1102 751 religione
1125 713 1347 753 pugnasse.

349 792 414 825 82.
438 786 496 823 De
515 788 794 835 propaqatione
815 791 1014 823 sectarum.
1030 809 1086 813 -—
1109 786 1247 835 Neque
1271 786 1319 824 ad
1341 786 1421 824 vim
1444 786 1561 835 hujus
1584 775 1808 835 argumenti
1830 785 1971 823 infrin-

228 845 396 894 gendam
417 850 653 893 provocetur
675 845 720 881 ad
746 845 907 882 celerem
931 845 1010 882 sive
1033 845 1425 882 mohammedanismi
1447 846 1527 883 sive
1549 845 1861 894 protestantismi
1881 857 1971 894 pro-

230 904 492 954 pagationem,
516 916 604 941 cum
628 904 767 953 ingens
790 903 844 941 sit-
867 904 1075 941 discrimen
1098 905 1202 942 inter
1222 905 1430 953 utriusque
1453 904 1699 942 diffusionem
1722 907 1762 941 et
1782 917 1972 954 propaga-

228 963 375 1000 tionem
399 963 598 1012 religionis
621 963 868 1000 christianae.
892 963 1089 1000 Differunt
1103 963 1206 1001 enim
1223 973 1265 1004 a.
1289 964 1598 1008 latitudine3
1622 961 1667 1004 l).
1683 963 1971 1009 duratione,

228 1035 318 1059 cum
341 1024 509 1070 utraque
531 1022 600 1059 illa
622 1024 725 1060 secta
748 1022 855 1066 fines,
888 1034 986 1071 quos
1010 1023 1131 1060 semel
1152 1022 1266 1060 initio
1288 1023 1442 1072 attigit,
1478 1022 1617 1059 deinde
1648 1023 1712 1060 vix
1744 1023 1970 1067 excesserit;

229 1081 368 1130 religio
391 1094 481 1118 vero
504 1081 717 1118 christiana
740 1081 878 1130 quovis
902 1085 980 1118 iere
1003 1082 1132 1119 seculo
1155 1082 1247 1119 alias
1269 1084 1387 1130 atque
1402 1081 1498 1119 alias
1511 1081 1761 1130 occupaverit
1773 1081 1971 1132 regiones:

228 1150 270 1180 θ.
295 1153 332 1176 m
345 1153 364 1177 e
377 1140 500 1179 diis:
525 1141 685 1177 illarum
706 1141 1028 1190 propagationem
1051 1141 1178 1178 multa
1191 1141 1317 1178 media
1330 1153 1436 1178 mere
1451 1141 1623 1178 humana
1637 1143 1754 1189 atque
1775 1140 1974 1178 naturalia

229 1200 533 1248 promovebant,
567 1204 612 1237 ut
634 1200 692 1236 vis
713 1200 836 1239 illata.
862 1200 1084 1249 voluptates
1107 1200 1332 1248 permissae,
1366 1212 1454 1249 spes
1480 1201 1673 1237 bonorum
1695 1199 1972 1249 temporalium

230 1256 618 1310 (ecclesiasticorum)
652 1260 691 1295 et
720 1259 938 1296 licentioris
968 1259 1072 1297 vitae
1104 1272 1173 1308 per
1193 1259 1494 1309 promulgatam,
1522 1272 1638 1308 quam
1661 1259 1830 1307 ajebant,
1853 1259 1973 1296 liber—

228 1320 352 1354 tatem
374 1318 649 1367 evangelicam,
682 1318 884 1355 hominum
905 1318 1085 1367 pronitas
1107 1319 1154 1356 ad
1176 1331 1277 1356 nova
1298 1323 1338 1355 et
1359 1320 1404 1356 ad
1428 1318 1706 1355 excutiendum
1727 1317 1974 1356 auctoritatis

224 1377 370 1426 jugum
393 1380 484 1423 etc.;
519 1375 562 1417 (l.
587 1377 801 1422 effectu,
835 1390 962 1425 neque
994 1377 1096 1415 enim
1127 1381 1296 1426 utraque
1327 1378 1396 1415 illa
1417 1380 1519 1415 secta
1541 1390 1604 1415 eos
1626 1389 1724 1426 quos
1747 1377 1930 1426 pervasit,
1954 1388 1974 1414 e

231 1436 418 1472 vitiorum
441 1449 558 1473 coeno
581 1437 628 1473 ad
652 1449 843 1473 summam
858 1437 1039 1485 provexit
1053 1437 1314 1481 sanctitatem,
1340 1437 1442 1474 sicut
1456 1436 1594 1486 religio
1609 1436 1822 1474 christiana
1835 1440 1972 1486 gentes

231 1495 385 1532 domuit
406 1495 591 1532 bart-aras
614 1508 847 1543 omnemque
871 1496 1027 1533 edocuit
1047 1496 1249 1541 virtutem,
1275 1496 1340 1534 sed
1363 1496 1471 1533 illius
1492 1496 1720 1545 propagatio
1736 1495 1974 1533 consistebat

229 1554 310 1590 sere
332 1553 374 1590 in
398 1554 613 1592 defectione
644 1555 863 1592 multorum
894 1568 915 1591 a
948 1555 1020 1591 tide
1051 1555 1239 1592 catholica
1269 1554 1330 1592 vel
1361 1556 1402 1592 in
1426 1555 1720 1604 superstitionis
1742 1554 1974 1592 mutatione.

230 1613 354 1661 Atqui
378 1613 609 1651 deficere
631 1614 678 1651 ab
700 1627 780 1651 uno
804 1617 918 1651 coetu
939 1614 1152 1652 christiano
1184 1615 1231 1652 ad
1262 1615 1385 1652 alium
1415 1615 1479 1652 vel
1509 1616 1664 1651 mutare
1694 1616 1851 1651 tantum
1872 1613 1975 1651 ritus

229 1672 419 1720 quosdam
442 1676 622 1710 externos
643 1673 769 1710 multo
784 1673 938 1710 facilius
960 1676 1020 1710 est
1035 1686 1152 1722 quam
1174 1686 1261 1722 pro
1274 1673 1434 1711 ficere
1456 1673 1504 1710 ab
1518 1673 1740 1711 idololatria
1760 1675 1800 1710 et
1821 1685 1975 1710 summa

228 1732 480 1780 corruptione
503 1732 549 1769 ad
572 1732 806 1783 religionem
828 1732 1079 1770 christianam
1101 1735 1140 1770 et
1161 1733 1283 1770 vitam
1304 1733 1465 1782 probam
1485 1730 1528 1785 1).

349 1815 416 1857 83.
439 1813 608 1856 TheSiS
631 1813 819 1856 XVIII·
892 1827 1237 1869 Aryumentum
1295 1837 1354 1861 ex
1403 1827 1682 1862 admirabili
1732 1825 1976 1868 reliyt‘onis

227 1886 514 1920 christianae
531 1888 870 1929 propnqatione
890 1887 1198 1927 confirmatur
1225 1887 1433 1929 ejzcsdem
1464 1887 1707 1928 reliqionis
1725 1886 1893 1920 mediis
1917 1886 1972 1919 in

227 1946 512 1979 suec-issimis
536 1947 882 1989 tempestatibus
908 1947 1139 1981 ‹liteturna
1167 1947 1513 1980 conservatione
1539 1949 1582 1980 ec
1608 1945 1871 1979 constantia
1896 1945 1970 1978 in-

229 2007 369 2040 νίοία.

350 2075 732 2120 Demonstratio.
767 2075 1075 2127 Argumentum
1090 2075 1172 2116 hoc
1186 2075 1332 2116 similis
1347 2074 1434 2115 fere
1457 2079 1521 2115 est
1541 2073 1705 2115 formae
1728 2085 1825 2114 cum
1847 2084 1972 2125 prae-

232 2146 414 2187 cedenti.
458 2144 685 2198 SuppOS1to
718 2145 868 2187 facto
901 2145 1075 2187 indubio
1109 2146 1333 2187 diuturnae
1354 2145 1568 2197 religionis
1591 2144 1848 2185 christianae
1872 2155 1975 2184 con-

236 2216 507 2264 servationis
531 2216 853 2258 considerentur
875 2217 1115 2258 accuratius
1138 2215 1240 2257 facti
1262 2229 1286 2257 a
1298 2215 1324 2256 d
1331 2215 1346 2268 j
1360 2229 1387 2256 u
1398 2228 1426 2255 n
1438 2219 1523 2256 cta
1547 2215 1632 2258 scil.

383 2374 405 2418 Γ)
425 2372 477 2407 Cf.
497 2372 572 2407 Sto
585 2374 800 2407 rchenau
817 2373 839 2410 1,
860 2384 888 2407 c.
909 2375 934 2408 t.
952 2375 973 2407 7
993 2373 1079 2408 diss.
1099 2377 1139 2412 6:
1171 2373 1201 2407 D
1215 2373 1434 2418 ollingei·
1463 2372 1531 2406 Die
1551 2371 1800 2406 Reformation
1816 2372 1843 2404 t.
1865 2374 1894 2411 l,
1912 2370 1978 2404 ubi

230 2426 449 2460 testimonia
466 2426 629 2469 ipsorum
649 2426 938 2471 coryphaeorum
958 2426 1232 2460 reformationis
1259 2426 1420 2467 adducit,
1451 2425 1514 2470 qui
1542 2425 1599 2459 vel
1619 2425 1663 2459 de
1681 2424 1853 2458 tristibus
1870 2423 1978 2458 refor-

233 2478 411 2514 mationis
429 2478 609 2512 fructibus
627 2482 843 2523 quei-untia,
872 2478 931 2514 vel
949 2490 1076 2513 causas
1095 2490 1194 2514 mere
1219 2478 1410 2513 naturales
1435 2478 1603 2512 indicant
1629 2478 1686 2519 (cf.
1706 2488 1750 2512 ex
1767 2488 1822 2522 gr.
1840 2477 1979 2511 Buce·

233 2544 315 2566 rus
333 2532 379 2566 de
396 2542 511 2575 regno
530 2531 676 2573 Christi,
696 2532 863 2567 Basileae
883 2536 970 2567 1551
992 2543 1078 2578 pag.
1098 2536 1154 2573 35,
1172 2533 1221 2568 ib.
1242 2532 1286 2573 ΙΙ,
1305 2534 1363 2577 54)
1391 2532 1494 2566 illius
1523 2530 1649 2565 celeris
1678 2530 1979 2575 propagationis:

234 2587 273 2620 in
293 2585 425 2630 primis
452 2586 470 2620 J
485 2597 505 2619 a
517 2598 541 2619 n
553 2598 568 2619 s
580 2598 595 2619 s
608 2596 627 2620 e
639 2599 661 2620 n
690 2585 912 2620 Geschichte
938 2586 1001 2620 des
1033 2586 1235 2620 deutschen
1253 2586 1390 2620 Volkes
1407 2587 1434 2622 t,
1453 2590 1486 2620 2.
1504 2590 1537 2619 4.
1571 2585 1666 2618 Vere
1684 2583 1840 2618 scribere
1856 2583 1980 2628 potuit

235 2639 263 2673 E
274 2651 292 2673 r
303 2649 324 2672 a
335 2651 350 2673 s
364 2651 397 2673 m
409 2650 434 2672 u
446 2652 460 2672 s
479 2649 535 2683 ep.
556 2640 601 2672 ad
621 2638 833 2673 Vulturium
851 2639 886 2673 N
890 2650 1078 2673 eocomum
1094 2654 1100 2674 z
1121 2664 1134 2678 ,
1144 2638 1389 2683 Circumspice
1406 2638 1586 2684 populum
1600 2638 1715 2672 istum
1729 2635 1981 2682 evangelicum

234 2755 325 2789 quos
347 2744 599 2779 detestamini.
635 2745 758 2780 Profer
775 2746 867 2779 mihi
886 2757 993 2789 quem
1013 2745 1113 2779 istud
1132 2745 1361 2789 evangelium
1383 2756 1426 2779 ex
1444 2744 1727 2779 commessatore
1745 2742 1920 2782 sobrium,
1936 2753 1980 2777 ex

233 2798 351 2833 feroci
369 2799 617 2838 mansuetum,
636 2809 678 2832 ex
695 2799 821 2843 rapaci
841 2798 1042 2839 liberalem,
1062 2809 1107 2833 ex
1124 2798 1305 2833 maledico
1324 2797 1558 2837 benedicum,
1586 2807 1628 2831 ex
1656 2796 1842 2841 impudico
1859 2794 1981 2829 reddi-

236 2851 333 2885 derit
352 2850 608 2884 verecundum.
630 2851 705 2896 Ego
724 2852 861 2886 multos
888 2852 960 2886 tibi
978 2851 1180 2892 ostendam,
1208 2852 1272 2895 qui
1298 2851 1389 2885 facti
1416 2853 1502 2885 sunt
1520 2849 1650 2895 seipsis
1667 2849 1868 2884 deteriores
1886 2849 1978 2885 ete.‘

235 2903 367 2938 Merito
386 2903 431 2937 de
448 2904 686 2938 novatoribus
702 2915 770 2938 sec.
784 2904 876 2941 XVI,
896 2906 1062 2949 repetere
1076 2914 1281 2948 possumus,
1299 2914 1393 2948 quae
1411 2903 1611 2947 exprobrat
1623 2903 1698 2948 jam
1717 2901 1745 2935 T
1757 2903 1863 2936 ertu
1874 2900 1980 2936 llia-

235 2968 304 2990 nus
325 2956 369 2990 de
388 2966 542 3001 praescr.
562 2968 597 2991 n.
615 2960 658 2990 42
679 2961 817 3002 (opusc,
836 2959 862 2991 t.
882 2957 944 2999 IX)
963 2957 1157 2992 haereticis
1181 2958 1239 2991 sui
1251 2956 1439 3001 temporis,
1461 2956 1531 2989 hoc
1552 2954 1629 2989 illis
1652 2955 1766 2988 fuisse
1790 2954 1981 2999 negotium

238 3036 249 3048 Σ
261 3021 336 3044 non
357 3009 524 3044 ethnicos
542 3010 790 3051 convertendi,
808 3011 867 3044 sed
883 3012 1028 3044 nostros
1043 3010 1264 3045 evertendi.‘
1280 3009 1311 3044 D
1324 3021 1342 3044 e
1354 3010 1378 3043 b
1390 3021 1414 3053 y
1432 3008 1500 3043 Die
1513 3009 1594 3043 eine
1605 3008 1728 3042 wahre
1740 3008 1902 3046 Kirches
1917 3010 1959 3042 19
1973 3021 1980 3046 ;

237 3062 270 3095 H
282 3073 300 3096 e
311 3064 327 3096 t
337 3068 353 3095 t
366 3062 415 3096 in
425 3074 450 3107 g
461 3073 480 3096 e
490 3073 509 3095 r
538 3062 572 3096 d.
596 3065 648 3097 17.
667 3063 719 3097 De
737 3063 1003 3108 propagatione
1022 3064 1142 3098 sectae
1160 3063 1489 3097 mohammedanae
1507 3062 1600 3096 bene
1619 3062 1786 3106 disputat
1803 3060 1831 3094 P
1843 3071 1862 3094 e
1873 3061 1889 3094 t
1899 3072 1918 3094 1·
1929 3071 1954 3094 u
1965 3072 1981 3094 s

235 3126 318 3152 ven.
337 3117 385 3150 tr.
406 3116 485 3150 adv.
500 3115 654 3160 judaeos
673 3126 702 3148 e.
721 3120 752 3150 4.
772 3115 860 3161 Mig.
882 3118 960 3156 189,
980 3117 1058 3151 589.
1079 3118 1158 3151 594.
