2175 3382
903 123 1040 156 invicta
1061 125 1281 158 constantia.
1870 132 1947 174 101

220 243 360 283 sistere
393 245 427 282 et
459 241 737 281 contradicere
769 254 904 281 omnes
937 242 1170 282 adversarii
1203 244 1336 295 resti-i,
1371 245 1650 297 tranquillitas
1685 251 1726 287 et
1761 247 1952 293 hilaritas

220 313 362 362 animi,
384 312 598 380 humilitas
621 316 662 352 et
684 311 904 372 mode-Stia,
928 312 1125 352 salutaris
1142 313 1268 371 timor
1283 317 1400 354 ortus
1422 326 1472 354 ex
1496 297 1733 367 cognitione
1755 317 1951 370 propriae
1978 320 2016 354 ιγ’
2035 317 2066 333 “·“

223 383 488 432 infirmitatis,
507 382 678 435 junctus
701 387 845 422 tamen
868 394 962 422 cum
986 382 1139 423 fiducia
1161 383 1203 423 in
1217 383 1292 424 Dei
1315 384 1526 432 auxilium,
1551 385 1732 435 libertas,
1756 400 1838 440 qua
1861 387 1951 428 obi-

221 454 326 495 bant
338 457 520 494 mortem
543 457 619 494 etc.
651 451 762 492 Vere
785 451 965 492 obtinuit
987 453 1100 505 quod
1124 453 1231 494 belle
1255 467 1286 495 s.
1310 454 1646 506 Augustinus
1671 459 1725 497 ita
1748 459 1953 510 expressit

220 537 344 567 serm.
360 527 444 568 273
468 537 520 564 ss.
538 526 584 567 ὗε
609 522 860 574 „Quomodo
877 524 1088 576 ampullae
1103 529 1427 576 unguentorum,
1450 530 1607 578 quanto
1632 528 1762 577 inagis
1786 528 1949 580 frange-

220 595 391 643 bantur,
434 598 552 635 tanto
596 594 776 646 amplius
820 594 926 634 odor
969 593 1315 637 diffundebatur.“
1375 595 1450 636 Hic
1493 597 1692 637 virtutum
1724 605 1951 650 apparatus·

221 666 404 706 maxime
427 664 700 705 commendat
722 665 972 717 martyrium
997 665 1274 706 christianum
1299 667 1517 719 arguitque
1541 667 1778 709 absentiam
1803 669 1951 709 furoris

220 735 404 785 fanatici,
437 735 678 776 obstinatae
710 736 981 787 pertinaciae,
1017 748 1153 776 vanae
1189 736 1347 788 gloriae
1379 742 1466 785 etc,
1503 749 1553 778 ex
1589 738 1739 790 quibus
1777 739 1951 780 subinde

220 808 352 849 oritur
377 808 544 848 illorum
570 807 823 855 constantia,
847 807 917 859 qui
940 807 1066 847 etiam
1091 819 1166 859 pro
1191 819 1335 848 errore
1358 809 1605 859 sanguinem
1629 808 1815 850 fundunt.

339 892 380 934 ὅ.
394 889 653 930 Attendatur
663 890 788 942 hujus
802 890 900 930 sacti
916 902 937 930 c
950 902 973 930 o
988 903 1013 930 n
1026 894 1110 931 sta
1121 904 1149 931 n
1160 894 1176 931 t
1188 891 1199 931 i
1212 904 1248 934 a.
1264 889 1380 932 Sicut
1391 892 1502 932 enim
1512 891 1723 933 Ecclesiae
1736 906 1950 946 nunquam

219 961 389 1002 defuere
412 961 621 1013 virginum
652 961 748 1009 lilia,
779 961 837 1000 ita
860 973 1027 1013 semper
1059 962 1207 1014 quovis
1230 962 1386 1010 seculo,
1419 963 1566 1015 quavis
1588 963 1733 1004 mundi
1756 963 1879 1016 plaga
1901 976 1950 1005 ea

220 1037 428 1073 exornata
451 1031 525 1072 fuit
561 1035 796 1084 martyrum
819 1032 926 1072 rosis
948 1032 1185 1085 horumque
1208 1033 1412 1084 sanguine
1434 1033 1626 1085 irrigata;
1657 1045 1793 1087 neque
1816 1031 1953 1075 minor

163 1140 165 1142 .
219 1103 406 1155 patiendi
429 1102 628 1144 alacritas
651 1106 692 1143 et
706 1102 836 1143 virtus
860 1107 1094 1155 martyrum
1118 1115 1179 1144 eX.
1197 1116 1254 1155 gr.
1266 1103 1564 1155 Japonensium
1588 1103 1674 1153 fuit,
1699 1117 1826 1157 quam
1849 1117 1951 1145 con-

219 1174 426 1215 fessorum
448 1173 663 1214 Ecclesiae
686 1184 836 1213 recens
860 1177 986 1213 natae
1011 1172 1222 1214 fortitudo.

1890 1252 1895 1255 .
1955 1253 1957 1255 .
2009 1253 2013 1255 i
2102 1252 2108 1266 N

338 1271 405 1312 90.
427 1268 555 1320 Atqui
576 1268 658 1308 hoc
680 1267 896 1318 sanguinis
919 1266 1038 1308 effusi
1060 1268 1349 1308 testimonium
1372 1280 1453 1308 vox
1478 1273 1541 1308 est
1562 1269 1749 1309 veritatis
1772 1274 1851 1311 ut

339 1351 381 1394 1.
404 1355 521 1403 patet
544 1362 595 1391 ex
619 1349 844 1399 effectu,
877 1362 972 1391 cum
1003 1362 1153 1391 revera
1184 1354 1418 1403 martyrum
1449 1352 1687 1391 constantia
1709 1346 1953 1392 innumeros
2005 1380 2009 1383 «
2096 1335 2122 1389 Ἀ
2174 1394 2175 1398 Ἰ

219 1421 273 1462 ad
295 1421 421 1462 fidem
443 1421 718 1462 christianam
742 1421 1083 1473 amplectendam
1105 1421 1371 1472 permoverit,
1395 1421 1453 1461 ita
1477 1425 1521 1461 ut
1535 1427 1766 1475 martyrum
1783 1423 1951 1474 sanguis

218 1502 317 1533 vere
349 1504 496 1533 semen
528 1492 856 1533 christianorum
889 1493 1072 1544 potuerit
1104 1492 1195 1536 dici,
1238 1491 1363 1544 Atqui
1394 1493 1643 1545 martyrium
1676 1505 1778 1533 sane
1810 1505 1884 1545 per
1907 1506 1951 1533 se
1996 1496 2001 1505 ‘

195 1563 430 1606 neminem
453 1563 638 1611 attrahit,
674 1563 747 1604 sed
771 1563 909 1615 potius
932 1562 1125 1604 deterret..
1167 1562 1274 1615 Ergo
1298 1564 1470 1604 attraxit
1493 1568 1700 1615 quatenus
1723 1564 1887 1615 signum
1911 1568 1950 1604 et

219 1638 514 1686 argumentum
538 1633 687 1675 efficax
709 1634 909 1676 veritatis
972 1648 979 1657 ⁸
1001 1658 1004 1659 ν
1026 1649 1032 1664 ‹.
1112 1654 1132 1663 *-
1148 1639 1153 1655 ”
1199 1660 1201 1662 -
1250 1649 1256 1659 ’»
1463 1662 1466 1663 ⁷
1713 1658 1743 1677 <.=

336 1720 463 1764 Quare
486 1720 514 1756 T
527 1733 547 1757 e
558 1733 578 1757 r
589 1722 605 1757 t
618 1734 643 1757 u
656 1721 668 1756 l
680 1721 693 1756 l
705 1720 717 1756 i
729 1733 786 1757 an
798 1733 825 1756 u
838 1732 865 1764 s,
902 1689 1120 1768 a13s2fdgiam
1150 1707 1356 1769 religionis
1370 1709 1621 1757 ''cbristi'anae
1653 1719 1868 1764 absolvens,
1900 1721 1953 1757 sic
1971 1702 1999 1735 fx*

218 1779 368 1817 romani
390 1779 543 1828 imperii
565 1779 764 1816 antistites
788 1779 1005 1827 alloquitur
1027 1790 1058 1815 c.
1077 1785 1150 1818 50:
1176 1779 1392 1824 »Cruciata
1416 1781 1611 1827 torquete,
1637 1779 1829 1824 damnate,
1854 1781 1952 1816 atte-

218 1839 293 1875 rite
315 1851 405 1883 nos3
428 1838 608 1887 probatio
631 1840 691 1875 est
713 1838 816 1875 enim
839 1837 1083 1875 innocentiae
1106 1840 1262 1874 nostrae
1284 1838 1475 1886 iniquitas
1489 1841 1619 1875 vestra
1642 1867 1648 1874 .
1674 1866 1680 1872 .
1705 1867 1712 1874 .
1737 1837 1816 1874 Nec
1839 1838 1952 1886 quid-

219 1910 336 1946 quam
358 1899 490 1934 tamen
512 1896 664 1946 proficit
686 1896 920 1945 exquisitior
941 1908 1120 1945 quaeque
1143 1897 1354 1934 crudelitas
1375 1899 1524 1934 vestra:
1550 1896 1734 1933 illecebra
1758 1899 1818 1933 est
1831 1897 1954 1946 magis

164 1939 189 2040 ὲ
221 1958 355 1993 sectae.
398 1956 538 1993 Plures
562 1956 762 2000 efficimur,
796 1956 977 2004 quotiens
1012 1955 1199 1992 metimur
1221 1968 1243 1992 a
1264 1956 1395 1993 vobis:
1430 1968 1561 1992 semen
1583 1959 1641 1992 est
1663 1956 1822 1996 sanguis
1854 1956 1977 2011 chri-'X

131 2034 141 2070 ἱ
221 2015 479 2052 stianorum.«
522 2015 650 2052 Habet
672 2026 762 2064 ergo
785 2017 1004 2063 martyrum
1029 2014 1190 2063 sanguis
1213 2015 1294 2051 vim
1315 2014 1574 2063 persuadendi
1602 2014 1852 2063 singularem,
1876 2027 1955 2051 non

220 2075 410 2111 minorem
443 2074 666 2119 miraculis,
712 2074 826 2123 longe
871 2074 1059 2122 majorem
1094 2073 1222 2111 verbis
1256 2074 1577 2122 philosophorum
1611 2073 1956 2121 eloquentissimis.

166 2135 191 2208 x)
222 2132 367 2177 „Multi
390 2134 494 2182 apud
516 2145 596 2178 vos,
634 2133 771 2170 scribit
793 2133 841 2169 ad
862 2145 945 2170 rem
966 2132 1334 2170 Tertullianus
1357 2133 1420 2177 ib.,
1454 2133 1501 2169 ad
1533 2132 1778 2170 tolerantiam
1812 2132 1955 2169 doloris

103 2162 199 2259 k,
221 2196 260 2229 et
280 2192 420 2230 mortis
443 2192 665 2237 hortantur,
698 2194 744 2229 ut
768 2192 896 2229 Cicero
919 2192 960 2228 in
982 2191 1225 2237 Tusculanis,
1262 2194 1308 2228 ut
1331 2191 1473 2229 Seneca
1504 2191 1545 2228 in
1567 2191 1595 2227 F
1598 2190 1767 2236 ortuitis,
1799 2192 1844 2228 ut
1865 2191 1954 2227 Dio-

106 2225 195 2324 χ’(
220 2263 347 2301 genes,
371 2253 418 2288 ut
438 2252 628 2301 Pyrrhon,
652 2253 698 2288 ut
720 2250 952 2295 Callinicus3
975 2262 1044 2287 nec
1067 2252 1199 2288 tamen
1221 2253 1351 2288 tantos
1373 2250 1583 2295 inveniunt
1599 2250 1715 2286 verba
1729 2250 1954 2298 discipulos,

166 2315 197 2385 δ’
221 2312 386 2359 quantos
409 2310 621 2347 Christiani
642 2309 752 2347 factis
776 2310 959 2350 docendo.
1002 2309 1075 2346 Illa
1096 2310 1179 2358 ipsa.
1201 2310 1423 2353 obstinatio,
1459 2322 1574 2357 quam
1597 2308 1850 2356 exprobratis,
1875 2321 1955 2345 ma-

167 2386 196 2430 s„
221 2369 347 2419 gistra
367 2372 437 2406 est.
481 2369 576 2414 Quis
612 2369 715 2406 enim
746 2381 826 2406 non
857 2369 1185 2417 contemplatione
1218 2369 1301 2416 ejus
1333 2368 1556 2405 concutitur
1586 2367 1633 2404 ad
1665 2367 1953 2416 requirendum,

147 2437 172 2479 ,ἰ
222 2428 317 2476 quid
339 2429 448 2465 intus
471 2428 515 2465 in
535 2441 576 2465 re
599 2428 675 2465 sit?
710 2427 803 2472 Quis
825 2440 904 2465 non
935 2427 1004 2464 ubi
1036 2427 1256 2475 requisivit,
1289 2427 1455 2473 accedit;
1487 2427 1556 2464 ubi
1586 2426 1743 2469 accedit,
1776 2427 1859 2474 pati
1891 2438 1954 2462 ex-

89 2507 106 2536 s„
147 2459 183 2519 ’χ
221 2489 341 2535 optat,
364 2489 411 2524 ut
433 2489 557 2525 totam
577 2487 648 2524 Dei
671 2486 839 2536 gratiam
861 2486 1040 2525 redimat.
1054 2491 1070 2509 «
1105 2486 1250 2523 Eodem
1272 2486 1344 2523 hoc
1359 2487 1440 2535 jam
1463 2498 1559 2523 usus
1575 2488 1807 2534 argumento
1823 2487 1957 2521 auctor

139 2534 179 2589 Ὗς,
222 2546 520 2594 antiquissimus
555 2546 746 2595 epistolae
776 2545 825 2582 ad
847 2545 1083 2594 Diognetum
1116 2544 1254 2582 scribit
1276 2557 1305 2584 c,
1331 2551 1351 2584 7
1365 2558 1372 2582 :
1406 2545 1521 2589 »Non
1553 2544 1660 2581 vides
1694 2541 1953 2595 (christianos)

171 2587 191 2620 Ἢ
223 2605 392 2653 objectos
408 2604 511 2650 feris,
527 2607 573 2642 ut
587 2605 782 2653 abnegent
805 2604 1024 2649 Dominum,
1049 2606 1087 2640 et
1109 2616 1188 2641 non
1210 2603 1342 2641 vinci?
1365 2604 1452 2641 Non
1473 2603 1594 2647 vides,
1619 2615 1694 2651 quo
1717 2603 1850 2651 plures
1866 2614 1954 2650 sup-

139 2681 141 2701 :
192 2654 198 2678 *¹
223 2663 340 2711 plicio
377 2663 609 2711 afficiantur,
642 2666 753 2701 tanto
785 2663 972 2712 majorem
1002 2662 1086 2699 fieri
1115 2675 1325 2700 numerum
1357 2663 1623 2711 reliquorum?
1657 2661 1759 2698 Haec
1789 2673 1867 2697 non
1898 2661 1954 2696 vi-

223 2722 368 2760 dentur
402 2723 448 2759 ab
484 2723 639 2760 homine
674 2723 777 2766 fieri;
822 2722 915 2759 haec
949 2724 1041 2758 sunt
1075 2721 1146 2758 Dei
1179 2721 1366 2770 potentia,
1398 2721 1491 2758 haec
1524 2721 1714 2758 adventus
1750 2721 1831 2767 ejus
1865 2721 1955 2755 sunt

223 2781 376 2819 indicia.
387 2787 404 2805 «

340 2862 384 2903 2.
408 2860 530 2901 Patet
551 2873 602 2901 ex
624 2861 717 2913 ipsa
738 2861 799 2900 rei
820 2864 1041 2907 natura,
1064 2859 1446 2900 utLactantius
1470 2858 1650 2898 inculcat
1666 2856 1712 2905 V,
1731 2859 1803 2899 13:
1826 2854 1953 2905 „Nam

225 2943 320 2971 cum
342 2930 485 2972 videat
505 2931 654 2983 vulgus
685 2930 907 2972 dilacerari
938 2930 1134 2970 homines
1155 2930 1283 2970 variis
1314 2933 1621 2970 tormentorum
1651 2926 1883 2978 generibus
1915 2929 1954 2965 et

224 3002 332 3042 inter
360 3000 557 3054 fatigatos
589 3000 808 3042 carnifices
838 3000 1039 3040 invictam
1071 3003 1216 3040 tenere
1238 2999 1497 3051 patientiam,
1521 2997 1729 3038 existimat
1759 2995 1810 3043 id,
1842 2994 1953 3046 quod

225 3083 292 3112 res
316 3075 390 3119 est,
422 3082 502 3111 nec
534 3082 792 3112 consensum
820 3075 908 3112 tam
932 3069 1173 3119 multorum,
1205 3081 1283 3110 nec
1305 3067 1665 3122 perseverantiam
1689 3064 1954 3105 morientium
