2175 3382
860 114 1023 150 Ecclesia
1042 126 1126 149 vera
1147 117 1201 149 est
1220 115 1414 149 catholica.
1926 122 2008 164 327

272 250 399 276 versae
421 242 544 275 terrae
568 244 604 277 4.
635 244 705 277 19:
740 237 784 274 cf.
811 243 846 281 2,
873 244 923 277 37
951 249 1021 282 ss:
1058 244 1093 282 7,
1122 243 1196 282 233
1229 238 1375 274 Paulus
1409 238 1455 275 de
1487 238 1562 276 fide
1593 249 1867 276 romanorum:
1898 239 2012 277 Fides

273 302 395 335 cestra
419 297 679 334 annunciatur
703 297 739 333 in
765 298 937 333 universo
960 297 1101 333 mundo
1125 296 1230 333 Rom.
1260 304 1292 341 1,
1319 302 1364 341 83
1402 299 1442 333 et
1465 297 1511 334 de
1533 297 1758 347 Evangelio,
1781 298 1881 335 illud
1904 299 2008 346 fruc-¹

270 357 415 404 tificare
437 360 470 392 et
491 367 656 393 crescere
680 356 718 392 in
741 357 916 392 anicet-so
942 356 1080 392 mundo
1104 355 1224 392 Colos.
1256 362 1285 399 1,
1313 361 1333 394 6
1352 369 1360 399 ;
1384 355 1430 392 cf.
1453 355 1559 392 Rom.
1590 363 1651 401 10,
1683 363 1754 400 18;
1777 359 1818 394 et
1838 369 1865 394 s,
1887 357 2011 395 Lucas

273 422 309 461 3,
339 421 354 454 1
381 416 533 452 narrat:
559 410 670 451 Exiit
691 415 851 451 edictum
872 427 896 451 a
922 413 1085 451 Caesare
1106 415 1291 463 Auqusto,
1316 418 1356 451 ut
1379 414 1654 451 describeretur
1676 416 1876 453 universus
1897 416 2009 456 orbis.

271 474 325 511 De
346 473 566 511 Alexandro
596 474 645 510 M.
677 472 825 510 dicitur
860 481 893 513 1.
916 472 1089 510 Machab.
1118 480 1150 517 1,
1178 479 1224 513 3:
1258 472 1489 510 Pertransiit
1522 486 1636 522 usque
1668 474 1719 510 ad
1749 475 1841 521 fines
1861 480 2012 522 terrae,-

270 532 316 572 cf.
339 533 422 570 Act.
448 538 484 578 2,
511 539 545 572 5.
574 538 636 572 13.
660 532 751 581 Reg.
779 539 840 575 10,
870 538 918 572 13
944 543 972 572 S.
996 534 1066 569 etc.
1110 530 1154 572 b.
1176 532 1314 568 Patres
1336 544 1493 569 censere
1516 544 1560 568 ea
1583 532 1824 570 sufficienter
1848 533 2012 581 impleta

269 592 312 628 in
333 591 503 629 Ecclesia
524 602 594 631 sec.
618 590 686 633 ΠΙ,
709 590 773 635 IV,
798 590 850 635 V;
874 590 1055 639 quamvis
1077 602 1120 628 eo
1142 594 1317 638 tempore
1333 591 1531 628 innumeri
1546 591 1675 628 adhuc
1688 604 1860 640 paganae
1874 604 2010 640 super-

271 650 428 687 stitioni
447 650 512 688 vel
531 649 681 686 haeresi
702 649 851 686 fuerint
872 649 1094 698 mancipati.
1137 659 1176 690 c.
1199 649 1454 687 Concedimus
1478 650 1584 687 ultro
1606 650 1699 686 haec
1723 650 1908 688 vaticinia
1928 651 2010 699 ple-

250 709 362 746 nius
383 708 549 758 impleri,
584 708 618 746 si
639 710 794 757 praeter
815 708 1119 746 catholicitatem
1142 709 1334 746 actualem
1365 708 1464 746 ratio
1499 721 1655 757 quoque
1686 709 1876 746 habeatur
1908 721 2012 747 suc-

270 767 508 805 cessivae.
552 767 769 815 Prophetae
805 768 910 804 enim
932 780 1024 816 prae
1058 767 1182 804 oculis
1218 767 1358 804 habere
1395 768 1523 805 solent
1557 780 1691 805 omnes
1725 770 1884 817 tempus
1914 780 2011 805 mes-

271 839 437 864 slanum.

390 909 498 946 Neve
520 909 690 946 haeresis
713 909 923 946 aria-nae
956 912 1132 957 tempora
1162 910 1397 957 patrumque
1429 909 1713 946 nonnullorum
1744 909 1860 947 effata
1893 922 2012 958 oppo-

271 970 431 1014 nantur,
454 967 559 1005 unde
581 967 803 1016 colligatur,
826 980 870 1005 ea
890 969 1127 1016 tempestate
1149 967 1358 1005 catholicos
1381 967 1428 1004 ab
1451 968 1593 1005 arianis
1615 981 1780 1006 numero
1803 969 1922 1006 fuisse
1946 981 2011 1006 su—

269 1030 435 1075 peratos.
478 1026 773 1076 Respondemus
797 1027 898 1064 enim
922 1037 964 1068 a.
989 1026 1183 1075 ejusmodi
1205 1027 1383 1075 querelas
1405 1030 1657 1076 exaggeratas
1678 1027 1812 1072 fuisse,
1836 1030 1884 1065 ut
1903 1029 2014 1076 patet

270 1099 314 1123 ex
337 1085 566 1123 auctoribus
589 1085 752 1130 coaevis,
775 1085 1005 1134 praesertim
1027 1085 1326 1132 Athanasio,
1362 1086 1429 1134 qui
1461 1086 1502 1123 in
1525 1099 1582 1135 ep.
1606 1087 1789 1135 synodica
1810 1087 1859 1124 ad
1879 1087 2013 1124 Jovia-

269 1157 365 1182 num
387 1145 479 1193 imp.
503 1145 659 1182 scribit:
699 1170 715 1188 »
728 1144 833 1182 Scias
854 1144 991 1194 igitur,
1016 1144 1113 1181 hane
1136 1156 1215 1181 esse
1238 1144 1354 1182 fidem
1378 1141 1418 1197 (a
1441 1145 1612 1183 nicaenis
1636 1145 1816 1194 patribus
1838 1146 2012 1195 promul-

270 1201 431 1256 gatam),
467 1204 509 1240 in
531 1216 648 1252 quam
671 1204 922 1241 consentiunt
943 1216 1078 1241 omnes
1100 1203 1249 1251 ubique
1270 1205 1467 1241 terrarum
1489 1204 1682 1251 ecclesiae,
1716 1217 1816 1253 quae
1848 1207 1940 1242 sunt
1972 1205 2012 1241 in

269 1263 459 1311 Hispania
480 1268 519 1300 et
540 1262 749 1300 Britannia
770 1265 809 1299 et
832 1263 987 1307 Galliis;
1023 1275 1123 1311 quae
1145 1265 1238 1300 sunt
1260 1263 1302 1299 in
1324 1263 1508 1300 universa
1528 1263 1654 1304 Italia.
1678 1264 1897 1313 Campania,
1922 1264 2012 1301 Dal-

270 1322 389 1359 matia
424 1323 463 1359 et
484 1322 617 1371 Mysia,
643 1321 867 1359 Macedonia
899 1323 939 1359 et
961 1321 1120 1359 Graecia
1149 1324 1256 1366 tota;
1291 1322 1387 1359 item
1421 1334 1521 1370 quae
1554 1325 1649 1360 sunt
1681 1335 1751 1372 per
1784 1323 2013 1360 universam

271 1382 529 1430 Aegyptum.
555 1393 746 1418 ..omnes
781 1381 949 1428 denique
981 1393 1052 1429 per
1074 1381 1274 1418 Orientem
1306 1381 1498 1425 ecclesiae,
1533 1382 1668 1430 paucis
1701 1382 1881 1431 exceptis,
1915 1394 2013 1430 quae

269 1440 356 1477 Arii
378 1439 603 1489 opinionem
625 1442 832 1480 sectantur.
875 1440 1026 1477 Horum
1049 1440 1154 1477 enim
1176 1440 1363 1485 omnium,
1387 1453 1485 1488 quos
1502 1441 1898 1485 commemoravimus,
1924 1453 2012 1478 sen-

271 1499 437 1536 tentiam
458 1498 725 1547 experimento
757 1498 842 1547 ipso
875 1499 1130 1549 cognovimus
1161 1500 1199 1536 et
1230 1499 1368 1536 literas
1401 1499 1561 1548 scriptas
1593 1500 1792 1538 habemus.
1834 1501 1889 1537 Ac
1922 1500 2013 1537 licet

270 1557 421 1606 pauci
443 1557 602 1606 quidam
623 1558 714 1595 huic
744 1557 835 1595 fidei
869 1558 1147 1603 contradicant,
1181 1559 1323 1595 scimus
1357 1560 1488 1595 tamen
1513 1589 1518 1595 .
1544 1590 1550 1597 .
1575 1589 1582 1597 .
1606 1571 1670 1596 eos
1703 1559 1789 1596 orbi
1818 1561 2014 1596 terrarum

269 1617 536 1666 praejudicare
570 1628 649 1653 non
683 1623 843 1665 posset«
881 1617 984 1666 apud
1019 1617 1397 1655 Theodoretum
1429 1618 1476 1654 H.
1508 1618 1549 1654 Ε.
1582 1618 1606 1654 l.
1641 1625 1663 1658 4
1698 1630 1727 1656 c.
1764 1625 1799 1658 3.
1842 1618 2014 1655 Notetur

269 1673 315 1716 b.
349 1687 420 1724 pro
454 1675 603 1713 haeresi
637 1676 769 1713 ariana
802 1689 881 1714 non
912 1680 995 1713 tam
1026 1676 1181 1713 stetisse
1213 1688 1362 1726 greges,
1405 1689 1522 1723 quam
1553 1677 1684 1725 potius
1722 1690 1888 1727 gregum
1929 1677 2012 1725 epi-

271 1746 420 1782 scopos,
455 1747 552 1782 quos
585 1735 709 1772 ariani
738 1736 777 1772 vi
808 1735 954 1783 ubique
986 1735 1256 1780 intrudebant,
1289 1735 1462 1783 expulsis
1497 1735 1696 1785 legitimis.
1741 1763 1757 1780 „
1769 1736 1918 1785 Populi,
1950 1736 2011 1773 in-

273 1794 361 1841 quit
383 1794 485 1830 idem
508 1806 534 1831 s.
559 1794 693 1831 doctor
713 1794 755 1831 in
778 1794 866 1831 hist.
890 1794 1111 1831 arianorum
1133 1807 1172 1831 11.
1197 1802 1262 1839 41,
1295 1807 1364 1842 per
1396 1794 1574 1844 singulas
1598 1795 1788 1841 ecclesias,
1812 1808 1927 1843 quam
1953 1795 2012 1832 di-

270 1852 397 1890 dicere
418 1852 532 1889 fidem
555 1852 785 1898 retinentes,
810 1853 1020 1902 magistros
1044 1855 1269 1901 exspectant
1291 1866 1380 1891 suos
1403 1865 1445 1890 ac
1468 1853 1622 1891 Christo
1644 1854 1906 1892 adversariam
1921 1855 2013 1892 hae-

269 1911 397 1957 resim,
421 1924 539 1960 quam
561 1912 684 1949 coacti
705 1924 896 1960 recepere,
930 1923 1061 1949 Omnes
1096 1913 1206 1950 velut
1238 1915 1458 1961 serpentem
1492 1916 1761 1950 aversanturss
1806 1913 1858 1951 Cf.
1882 1926 1910 1954 s.
1934 1914 2012 1950 Hi-

268 1970 432 2007 larius
455 1982 485 2008 c.
507 1972 675 2008 Auxent.
700 1984 729 2008 c.
756 1978 790 2011 6.
834 1972 965 2019 Atque
989 1971 1080 2008 inde
1103 1973 1172 2017 est,
1197 1972 1301 2019 quod
1324 1972 1400 2009 cito
1416 1985 1459 2009 ea
1472 1972 1648 2009 haeresis
1661 1973 1828 2010 maxima
1842 1985 1886 2009 ex
1901 1975 2013 2021 parte

270 2029 433 2067 evanuit
453 2029 536 2066 illis
558 2029 599 2066 in
622 2030 862 2079 regionibus,
894 2030 966 2067 ubi
987 2043 1067 2067 non
1088 2030 1256 2079 amplius
1279 2031 1501 2079 principum
1533 2031 1891 2069 machinationibus
1922 2044 2013 2080 pro-

267 2090 410 2138 pagata
432 2100 646 2136 eorumque
668 2091 800 2126 favore
823 2085 981 2126 defensa
1017 2089 1105 2126 fuit.
1149 2090 1320 2126 Attende
1352 2090 1469 2127 etiam
1501 2099 1543 2130 (ἒ.
1576 2091 1709 2138 plures
1740 2090 2012 2139 episcoporum

270 2147 398 2184 solum
419 2147 577 2184 nomine
597 2150 716 2185 tenus
738 2151 857 2196 atque
879 2148 1100 2185 materiales
1123 2148 1244 2186 fuisse
1258 2149 1495 2193 haereticos:
1517 2149 1620 2198 pacis
1642 2150 1746 2187 enim
1762 2161 1892 2186 amore
1906 2149 2013 2186 frau-

269 2205 462 2255 dibusque
484 2206 768 2244 haereticorum
791 2206 943 2244 seducti
965 2207 1068 2245 bona
1090 2207 1175 2253 fide,
1209 2207 1328 2244 nimis
1352 2208 1463 2245 facile
1495 2211 1627 2245 tamen
1658 2212 1697 2245 et
1727 2208 2010 2256 imprudenter,

269 2265 587 2314 subscripserunt
608 2265 798 2303 formulas
821 2266 914 2303 fidei
937 2267 1177 2315 aequivocas,
1213 2267 1357 2315 quibus
1380 2267 1470 2304 dein
1491 2267 1704 2304 adversarii
1735 2267 2011 2305 abutebantur.

270 2322 381 2368 Quod
401 2323 444 2360 in
466 2324 606 2372 primis
629 2325 843 2362 tenendum
867 2327 927 2362 est
950 2326 996 2363 de
1017 2325 1200 2374 plurimis
1223 2326 1415 2374 episcopis
1439 2337 1542 2363 cone.
1557 2326 1820 2373 ariminensis,
1845 2339 2012 2375 quorum

267 2383 389 2419 nimia
420 2382 592 2420 facilitas
623 2384 803 2432 patribus
835 2384 1028 2432 ejusmodi
1061 2385 1240 2432 querelas
1273 2385 1475 2433 expressit.
1519 2385 1570 2422 Cf.
1606 2384 1851 2423 Liberius
1874 2398 1933 2434 ep.
1961 2392 2008 2426 15

267 2454 304 2478 n.
339 2448 361 2482 3
396 2438 545 2495 (opusc.
576 2442 694 2488 XVII,
733 2440 842 2494 187).
897 2443 1076 2480 Ceterum
1110 2441 1153 2483 (l.
1185 2443 1289 2480 inter
1320 2444 1483 2489 arianos,
1516 2444 1585 2492 qui
1616 2444 1796 2482 formales
1826 2444 2013 2482 haeretici

268 2502 392 2545 erant,
417 2501 543 2538 omnis
565 2501 697 2538 unitas
719 2501 856 2546 defuit,
879 2502 1014 2550 paucis
1036 2502 1140 2538 enim
1163 2502 1275 2539 annis
1300 2499 1540 2555 (357-61)
1564 2503 1612 2540 ad
1641 2510 1688 2543 19
1713 2503 1889 2552 symbola
1903 2503 2012 2540 varia

268 2559 535 2608 formulasque
557 2560 647 2597 fidei
669 2560 940 2604 condiderunt,
986 2560 1038 2597 Cf.
1063 2560 1200 2610 Regn
1216 2561 1290 2598 ier
1313 2561 1358 2598 de
1381 2561 1480 2599 Eccl.
1506 2563 1596 2599 sect.
1622 2568 1644 2602 3
1669 2574 1698 2599 c.
1721 2575 1829 2611 prop.
1858 2571 1873 2602 1
1903 2574 1951 2599 ss.

389 2660 484 2694 312.
508 2651 741 2696 Scholion
763 2652 832 2694 II.
868 2655 1146 2692 Catholicz‘tatc's
1168 2657 1269 2692 notio
1294 2656 1420 2693 minus
1438 2656 1653 2704 probanda.
1677 2679 1733 2683 —
1755 2656 1875 2694 Nullo
1898 2656 2011 2693 modo

267 2713 380 2750 nobis
409 2713 536 2762 placet
566 2713 636 2750 illa
656 2713 931 2763 theologorum
955 2710 1020 2766 (ut
1040 2714 1071 2750 B
1086 2714 1264 2751 ellarm
1279 2714 1353 2751 ini
1376 2715 1423 2752 de
1447 2727 1549 2754 conc.
1573 2717 1612 2752 et
1633 2715 1733 2752 Eccl.
1756 2715 1821 2760 IV,
1849 2712 1889 2767 7)
1922 2728 2008 2752 sen-

266 2772 405 2817 tentia,
428 2772 642 2810 secundum
664 2785 782 2821 quam
795 2772 966 2810 Ecclesia
981 2774 1113 2809 manet
1127 2773 1328 2822 catholica⁷
1352 2774 1505 2811 etiamsi
1527 2774 1575 2811 ad
1596 2787 1660 2810 un
1673 2785 1746 2811 am
1769 2773 2006 2822 provincia-m

267 2830 480 2880 redigatur,
503 2832 617 2868 modo
640 2834 802 2877 constet,
827 2844 910 2868 eam
933 2843 1016 2868 esse
1039 2844 1161 2868 unam
1183 2832 1422 2881 eandemque
1445 2845 1532 2870 cum
1556 2833 1636 2877 illa,
1661 2846 1760 2881 quae
1782 2833 1859 2869 fuit
1876 2833 2008 2879 aliquo

268 2892 443 2937 tempore
465 2890 528 2927 vel
550 2889 714 2927 diversis
736 2890 981 2939 temporibus
1004 2890 1046 2926 in
1067 2892 1153 2928 toto
1175 2891 1343 2937 mundo,
1367 2891 1697 2940 quemadmodum
1720 2903 1824 2928 nunc
1849 2890 2009 2938 quaevis

269 2948 453 2985 dioecesis
476 2948 622 2986 dicitur
643 2949 840 2994 catholica,
875 2949 969 2997 quia
991 2951 1051 2986 est
1073 2949 1301 2987 continuata
1335 2962 1424 2987 cum
1456 2950 1556 2995 aliis,
1590 2963 1689 2999 quae
1711 2950 1859 2987 faciunt
1890 2962 2009 2986 unam

270 3006 484 3044 Ecclesiam
505 3008 739 3045 catholicam.
781 3008 886 3046 Haec
909 3007 1013 3045 enim
1035 3007 1169 3056 opinio
1203 3020 1243 3049 a.
1277 3009 1505 3047 adversatur
1537 3009 1733 3046 constanti
1764 3010 1921 3056 patrum
1943 3020 2007 3044 ex-

267 3065 482 3114 plicationi,
517 3066 730 3103 secundum
764 3079 861 3114 quos
883 3066 1055 3104 Ecclesia
1087 3066 1202 3105 ideo
1235 3070 1292 3105 est
1324 3068 1525 3113 catholica,
1561 3080 1638 3105 non
1673 3067 1764 3114 quia
1799 3066 1903 3103 fuit
1937 3066 2007 3103 ali-
