2175 3382
244 105 327 144 544
1050 91 1169 124 index.

1893 202 1918 236 P
1969 231 1976 238 .

244 275 337 308 ''sllie
343 274 371 307 is
395 276 444 308 10.
463 273 522 307 Jc
509 284 567 306 ·su
586 271 750 305 Chris-tu..
769 275 822 304 est
843 269 990 303 Messias-1
1038 293 1045 301 .
1358 290 1366 298 .
1465 292 1471 298 .
1572 294 1578 300 .
1678 290 1684 296 .
1785 289 1791 295 .
1920 212 1990 295 ²¹56.

244 333 336 366 l'she
341 332 370 365 is
393 336 443 366 11.
467 332 564 365 ldem
582 330 695 375 prob
702 331 763 363 tur
781 339 823 363 ex
842 327 930 362 Gen.
949 330 1008 366 4‘)
1031 292 1204 363 10;Di.1n
1224 293 1259 365 9‚.
1275 330 1352 360 24.
1357 326 1509 369 a,.Agg.
1529 328 1561 365 2,
1580 325 1603 358 7
1621 334 1666 357 ss.
1781 348 1788 355 .
1933 321 1980 355 48

457 393 479 423 S
492 400 509 423 c
523 390 544 423 h
558 389 693 424 olion
714 388 737 422 1.
758 390 794 422 et
814 388 855 421 ll
876 388 994 422 Refut·
989 390 1098 421 intur
1117 385 1353 430 exceptiones
1372 387 1501 419 contra
1520 382 1696 416 vaticinia
1785 407 1792 414 .
1938 380 1981 414 59

898 451 1103 488 Articulus
1127 449 1335 488 secundus.

376 521 434 554 De
462 518 758 554 testimonio
787 517 946 562 ipsius
973 516 1160 550 Christi
1190 525 1272 560 pro
1302 526 1384 548 sua
1413 514 1581 547 ‹livina
1608 511 1856 546 missione.

457 578 725 614 Testimonium
745 577 879 612 Christi
899 576 943 610 de
961 587 998 609 sc
1042 603 1048 608 .
1148 604 1154 609 .
1255 603 1260 608 .
1361 604 1367 610 ,
1467 604 1473 610 ,
1573 600 1579 605 .
1679 599 1685 604 .
1785 595 1792 603 .
1938 572 1979 604 61

244 640 370 675 'rhesis
391 644 445 674 12.
465 638 631 674 Christus
651 637 836 671 miraculis
855 647 959 669 suam
978 635 1188 669 missionem
1207 634 1465 678 comprobavit
1575 662 1580 667 .
1681 658 1687 664 .
1787 656 1794 664 .
1939 631 1983 664 62

245 695 371 729 'l‘hesis
392 696 445 729 13.
467 692 602 727 Christi
622 692 748 725 divina
767 690 892 724 missio
913 690 1092 735 probatur
1109 700 1153 723 ex
1171 689 1248 733 ejus
1266 687 1533 723 resurrectione
1576 713 1582 720 .
1682 713 1688 719 .
1787 712 1795 720 .
1940 687 1983 718 70

245 754 371 789 ‘l'hesis
392 757 446 789 14.
465 752 601 787 Christi
620 751 747 785 divum
767 751 889 784 missio
909 750 1090 794 probatur
1109 759 1150 782 cx
1170 749 1247 793 ejus
1261 747 1447 782 vaticiniis
1467 774 1473 780 .
1575 774 1581 780 .
1681 772 1688 779 .
1789 773 1795 780 .
1940 745 1985 778 73

246 814 374 848 'rhesis
396 818 448 848 15.
469 812 592 856 Imago
611 812 647 844 et
666 809 835 844 doctrina.
854 809 990 843 Christi
1009 819 1151 843 omnem
1167 808 1334 842 fraudem
1353 807 1517 841 excludit
1575 832 1582 839 .
1683 832 1690 839 .
1790 830 1797 838 .
1941 804 1984 837 76

924 873 1128 910 Articulus
1150 872 1306 909 tertius.

287 944 347 977 De
375 942 669 977 testimonio
697 940 1034 986 posteriorum
1063 938 1340 973 seculorum
1370 948 1454 982 pro
1482 936 1674 972 Christi
1702 935 1947 970 missione.

247 1002 374 1036 'l'hesis
398 1003 450 1036 16.
470 1001 664 1035 Conversio
683 1001 862 1046 gentium,
886 1000 1052 1034 rescissio
1070 999 1113 1033 V.
1133 999 1184 1034 T..
1207 999 1422 1042 iudaeorum
1449 995 1663 1040 reprobatio
1683 996 1801 1030 osten-

532 1061 623 1094 dunt
644 1059 829 1094 Christum
849 1069 925 1094 esse
945 1059 1115 1092 Messinm
1154 1085 1161 1091 .
1262 1084 1269 1092 .
1369 1087 1375 1093 .
1474 1081 1482 1089 .
1580 1082 1588 1089 .
1687 1082 1693 1088 .
1793 1081 1800 1088 .
1943 1055 1985 1087 81

1019 1117 1155 1170 Caput
1175 1117 1219 1158 II.

533 1191 590 1226 De
610 1191 742 1226 (lirina
762 1190 972 1233 religionis
992 1189 1240 1225 christianae
1257 1188 1390 1223 indole
1409 1189 1529 1230 atque
1548 1186 1717 1229 origiue.

249 1250 376 1284 'I'hesis
399 1251 450 1285 17.
470 1250 605 1284 Celeris
623 1249 846 1294 propagatio
863 1247 1054 1292 religionis
1073 1247 1298 1281 christianae
1317 1245 1554 1280 divinitatem
1573 1244 1650 1289 ejus
1667 1243 1800 1287 probat
1946 1243 1990 1276 88

250 1309 379 1343 'rhesis
398 1312 452 1344 18.
473 1309 574 1343 Idem
592 1309 771 1353 probatur
790 1307 926 1341 invicta
943 1306 1134 1351 religionis
1153 1306 1376 1340 christianae
1394 1303 1604 1339 constantia
1688 1330 1694 1336 .
1794 1332 1800 1337 .
1946 1301 1989 1334 92

250 1368 378 1402 Thesis
400 1370 451 1404 19.
472 1368 571 1401 Idem
591 1367 770 1412 probatur
788 1378 831 1401 ex
850 1367 1058 1401 mutatione
1075 1376 1218 1400 morum
1263 1394 1268 1400 .
1368 1392 1376 1399 .
1477 1391 1482 1396 .
1582 1391 1588 1397 .
1687 1387 1694 1394 .
1795 1387 1801 1394 .
1947 1361 1991 1395 95

488 1426 510 1460 S
523 1426 575 1460 ch
589 1437 609 1460 o
621 1426 655 1459 11
667 1435 686 1459 o
700 1439 734 1460 n.
753 1425 970 1469 Mysterium
991 1425 1065 1459 odii
1084 1427 1188 1458 contr
1192 1436 1213 1458 a
1231 1423 1449 1468 religionem
1470 1421 1710 1455 christianam
1796 1445 1802 1452 .
1948 1419 1991 1451 99

253 1485 382 1519 Thesis
401 1488 456 1519 ⁶20.
474 1484 679 1530 Martyrum
700 1485 852 1529 sanguis
872 1485 927 1518 est
944 1484 1202 1518 testimonium
1219 1482 1387 1517 veritatis
1476 1506 1483 1514 .
1583 1508 1589 1514 .
1690 1507 1696 1513 .
1948 1479 1991 1513 99

490 1544 513 1577 S
525 1554 543 1577 c
554 1544 579 1577 h
590 1553 610 1577 o
622 1543 655 1577 l
646 1556 657 1578 1
671 1554 690 1578 o
702 1556 738 1578 n.
757 1543 969 1588 Exceptioni
986 1543 1030 1577 de
1043 1543 1198 1577 heroum
1213 1544 1250 1576 et
1264 1541 1426 1575 militum
1449 1540 1659 1575 constantia
1673 1506 1807 1573 satisfit
1929 1540 1992 1573 103
2051 1537 2061 1545 ”

253 1603 379 1637 Thesis
398 1605 453 1637 21.
474 1603 653 1637 Miracula
672 1602 891 1636 comitantia
908 1602 1089 1647 originem
1107 1601 1302 1645 religionis
1321 1601 1519 1635 coelestem
1538 1599 1739 1634 ostendunt
1797 1623 1804 1632 .
1929 1599 1994 1632 104

489 1662 511 1696 S
524 1663 577 1696 ch
590 1662 688 1696 olio
700 1675 735 1697 n.
754 1661 873 1704 Quare
892 1661 999 1696 modo
1017 1661 1198 1695 miracula
1215 1661 1334 1694 rarius
1352 1659 1447 1694 fiant
1579 1684 1587 1692 .
1688 1685 1695 1692 .
1794 1684 1801 1691 .
1928 1658 1992 1692 106

490 1720 629 1755 Motiva
649 1720 865 1755 secundaria
883 1732 950 1765 pro
969 1720 1095 1754 divina
1112 1719 1304 1765 religionis
1321 1717 1545 1752 christianae
1564 1717 1706 1763 origine
1796 1741 1804 1750 .
1929 1719 1993 1751 108

253 1780 381 1814 Thesis
399 1783 455 1814 22.
475 1780 626 1814 Factum
643 1781 883 1814 revelationis
902 1782 957 1814 est
976 1780 1124 1814 omnino
1151 1783 1292 1813 certum
1316 1778 1353 1812 et
1377 1777 1567 1811 evidenter
1609 1775 1803 1813 credibile:

585 1840 733 1874 evidens
751 1842 809 1874 est
827 1840 1008 1885 obligatio
1027 1839 1059 1873 fi
1067 1839 1113 1874 lei
1156 1866 1161 1872 .
1262 1863 1269 1871 .
1476 1864 1483 1870 .
1585 1864 1592 1870 .
1692 1862 1698 1869 .
1798 1865 1804 1871 .
1932 1838 1995 1871 109

537 1900 564 1933 C
575 1910 623 1934 or
634 1910 654 1933 o
666 1899 713 1933 ll
734 1899 775 1933 In
793 1899 957 1933 Ecclesia
975 1899 1160 1933 catholica
1178 1899 1235 1933 est
1251 1907 1337 1932 vera
1354 1896 1491 1931 Christi
1507 1895 1638 1940 religio
1690 1923 1696 1929 .
1797 1924 1803 1930 .
1931 1897 1994 1930 113

490 1960 512 1992 S
525 1970 541 1992 c
553 1959 576 1993 h
589 1970 609 1993 o
622 1959 657 1992 11
670 1968 690 1992 0
702 1971 726 1991 n
760 1959 786 1993 I.
807 1958 858 1993 De
872 1959 981 1992 modo
1000 1957 1135 2002 agendi
1155 1968 1237 1991 cum
1255 1955 1456 1990 incredulis
1584 1981 1592 1990 .
1691 1982 1697 1987 .
1799 1982 1805 1988 .
1932 1958 1997 1989 114

491 2018 513 2052 S
526 2028 543 2051 c
554 2018 577 2052 h
592 2016 658 2052 oli
673 2027 692 2050 o
704 2030 728 2051 n
764 2017 806 2052 II.
825 2017 1042 2061 practicum.
1061 2016 1288 2050 Concionum
1306 2016 1525 2060 argumenta
1587 2043 1593 2049 .
1693 2041 1700 2048 .
1801 2040 1807 2046 .
1935 2014 1997 2047 117

976 2091 1211 2135 Tractatus
1236 2090 1277 2134 ll.

530 2169 622 2222 De
653 2169 942 2222 fontibus
974 2168 1239 2221 divinae
1268 2166 1713 2220 revelationis,

931 2255 959 2297 S
975 2256 1122 2297 ectio
1145 2255 1331 2308 prima.

838 2329 907 2371 De
931 2328 1202 2372 traditione
1225 2327 1410 2371 divina.

257 2397 484 2432 Traditionis
504 2399 606 2432 notio
731 2427 736 2432 .
839 2427 844 2431 .
945 2426 951 2431 .
1052 2426 1059 2432 .
1159 2427 1164 2431 .
1267 2425 1272 2430 .
1374 2429 1379 2433 ,
1481 2423 1486 2429 .
1588 2423 1594 2429 .
1694 2422 1700 2428 .
1802 2421 1808 2427 .
1934 2396 1998 2427 122

258 2455 484 2491 'l'raditionis
502 2457 724 2501 partitiones
841 2485 848 2491 .
948 2486 954 2492 .
1055 2486 1061 2491 .
1163 2485 1168 2491 .
1270 2485 1276 2491 .
1376 2483 1382 2489 .
1483 2484 1488 2489 .
1588 2482 1596 2489 .
1695 2480 1702 2487 .
1734 2475 1748 2488 ν
1803 2485 1808 2488 ,
1935 2455 1999 2486 122

258 2515 527 2560 Disputationis
548 2518 636 2551 ordo
656 2519 692 2551 et
712 2518 845 2552 divisio
947 2546 953 2552 .
1055 2545 1060 2552 .
1162 2544 1168 2550 .
1269 2543 1275 2550 .
1376 2543 1382 2549 .
1483 2541 1489 2547 .
1589 2541 1597 2548 .
1698 2541 1704 2547 .
1803 2540 1810 2546 .
1935 2514 2000 2546 124

1037 2577 1173 2630 Caput
1193 2576 1221 2617 Ι.

457 2647 513 2682 De
532 2648 660 2684 medio
679 2649 873 2684 divinitus
892 2650 1041 2684 selecto
1061 2649 1111 2684 ad
1129 2647 1436 2684 conservandam
1457 2648 1496 2681 et
1514 2644 1811 2689 propagandam

864 2708 1085 2744 doctrinam
1106 2707 1385 2742 christianam.

259 2765 388 2799 Thesis
407 2767 462 2799 23.
481 2764 642 2799 Medium
654 2768 690 2799 et
698 2776 783 2810 Orga
791 2778 879 2800 num
891 2767 1150 2800 authenticum
1163 2763 1453 2799 conservationis
1462 2764 1500 2797 et
1507 2760 1790 2807 propagationis

544 2824 767 2859 christianae
785 2824 1023 2859 revelationis
1042 2827 1098 2858 est
1113 2823 1358 2858 ministerium
1373 2833 1394 2855 a
1408 2821 1554 2856 Christo
1573 2820 1790 2854 institutum

544 2885 582 2918 et
599 2882 789 2928 Scriptura
806 2894 879 2917 non
899 2885 955 2918 est
973 2884 1122 2917 unicum
1141 2882 1306 2916 medium
1377 2908 1384 2915 .
1485 2906 1492 2914 .
1591 2905 1598 2912 .
1698 2906 1705 2911 .
1804 2904 1812 2912 .
1939 2881 2000 2912 125

497 2942 519 2976 S
531 2952 550 2976 c
561 2942 586 2976 h
597 2943 637 2977 ol
650 2942 694 2976 io
706 2954 742 2977 n.
759 2942 868 2976 Ratio
878 2943 1115 2986 incorruptae
1134 2940 1420 2975 conservationis
1442 2938 1632 2973 doctrinae
1654 2937 1816 2972 traditae
1939 2940 2002 2973 137

546 3001 572 3036 C
582 3011 602 3034 o
614 3013 633 3035 r
643 3012 663 3035 o
676 3001 723 3035 ll.
741 3001 938 3035 Methodus
956 3000 1153 3035 dirimendi
1173 2999 1441 3035 controversias
1484 3027 1491 3033 .
1591 3026 1598 3032 .
1698 3026 1706 3032 .
1805 3023 1812 3030 .
1936 3000 2003 3034 138

757 3060 984 3094 Traditionis
1003 3061 1204 3095 auctoritas
1273 3087 1279 3094 .
1379 3086 1386 3092 .
1485 3090 1492 3096 ,
1592 3085 1599 3093 .
1698 3084 1705 3091 .
1806 3084 1813 3091 .
1938 3058 2002 3092 139

2168 1575 2175 1666 l

2167 1670 2175 1772 l

2168 1785 2175 1852 ³.
