2175 3382
151 147 234 186 3554
571 140 689 174 'l'raict.
713 141 770 174 111.
789 141 832 174 dc
851 142 1025 185 primatu.
1045 141 1172 174 'rhesis
1195 141 1314 175 ΙιΧΧΙ.
1338 141 1465 175 Petrus

150 262 257 301 sorte
281 261 335 300 sit
357 264 533 311 exegeta
550 259 796 309 catholicus,
819 261 889 312 qui
905 260 1031 300 aliam
1047 259 1245 300 defendat
1260 259 1651 311 interpretationem
1667 266 1885 314 tamquam

150 331 286 382 magis
309 330 515 370 literalem
539 334 580 369 et
602 329 656 370 ad
680 330 1024 371 hermeneuticae
1047 329 1213 380 regulas
1236 329 1369 381 magis
1392 341 1650 381 expressam.

268 402 310 444 3.
335 399 507 441 Excellit
529 413 645 450 usu,
668 405 865 452 receptus
888 400 999 441 enirn
1024 399 1098 440 fuit
1120 400 1464 449 commentarius,
1487 400 1557 452 qui
1581 401 1713 442 verba
1734 400 1888 443 Christi

148 472 203 512 (le
218 471 344 512 Petro
367 471 569 523 intelligit,
591 484 677 512 non
700 471 836 512 solum
860 472 902 511 in
924 471 1081 523 scripta
1096 475 1263 523 patrum
1279 470 1531 523 dogmatica,
1554 472 1629 512 sed
1652 476 1694 513 et
1715 472 1758 513 in
1779 472 1886 514 for-

151 543 324 584 mulas
347 542 453 591 fidei,
476 547 520 583 ut
542 543 583 583 in
603 542 825 583 formulam
850 541 903 582 ab
927 541 1213 582 Hormisda
1235 542 1409 582 orientis
1425 542 1647 594 episcopis,
1670 543 1741 596 qui
1755 543 1887 584 schis-

152 614 278 655 matis
301 614 492 654 acaciani
516 613 744 665 participes
776 612 951 661 fuerant,
982 612 1288 664 praescriptam
1313 613 1369 667 (n.
1392 616 1478 657 408
1501 615 1551 668 ¹);
1585 614 1626 654 in
1658 613 1888 655 institu-

152 685 332 725 tiones
355 684 641 725 catecheticas
664 684 704 739 ¹),
737 687 781 724 ut
813 682 866 723 ab
889 682 1123 734 Augustino
1146 683 1188 723 in
1211 683 1419 735 psalmum
1443 689 1595 724 contra
1615 689 1782 736 partem
1803 684 1888 725 Do-

153 756 240 795 nati
264 756 319 809 (n.
344 759 469 810 327ss
502 755 543 795 in
574 755 602 794 h
617 766 804 807 ymnos
836 753 1159 803 ecclesiasticos,
1191 754 1250 795 ita
1272 755 1385 795 enim
1407 754 1554 795 scribit
1575 768 1605 795 s.
1629 754 1888 808 Augusti-

152 839 251 867 nus
273 826 457 867 Retract.
480 825 506 874 I,
530 828 605 870 21:
645 825 760 875 „Dixi
792 824 977 877 quodam
1008 824 1103 865 loco
1136 824 1188 866 de
1211 825 1405 877 apostolo
1429 824 1570 875 Petro,
1602 825 1716 878 quod
1746 825 1789 867 in
1819 826 1889 867 illo

152 902 374 949 tamquam
407 897 448 936 in
479 901 600 948 petra
631 895 807 936 fundata
837 899 901 936 est
921 894 1121 945 Ecclesia,
1155 896 1226 948 qui
1260 907 1410 936 sensus
1442 895 1569 936 etiam
1598 900 1795 938 cantatur
1816 908 1890 938 ore

149 967 386 1007 multorum
411 967 452 1007 in
474 966 668 1007 versibus
692 965 759 1006 bb.
783 966 1009 1016 Ambrosii,
1031 966 1103 1007 ubi
1125 967 1177 1007 de
1199 966 1308 1018 gallo
1331 965 1564 1018 gallinaceo
1579 967 1666 1007 ait:

721 1037 811 1078 Hoc
834 1037 924 1089 ipso
948 1041 1069 1089 petra
1090 1036 1303 1078 Ecclesiae

723 1107 912 1149 Canente
935 1108 1102 1161 culpam
1125 1108 1243 1150 diluit
1259 1110 1326 1165 2).⁴‘

152 1180 363 1233 Receptus
377 1181 452 1221 fuit
474 1181 517 1220 in
539 1180 728 1220 docum
742 1184 868 1220 enta
893 1180 1078 1221 maxime
1093 1179 1300 1221 solemnia
1322 1184 1364 1221 et
1385 1181 1643 1230 authentica,
1664 1185 1710 1221 ut
1731 1193 1758 1221 a
1777 1180 1890 1232 lega-

158 1252 210 1292 tis
225 1251 336 1292 sedis
350 1251 611 1304 apostolicae
634 1251 675 1291 in
698 1251 952 1292 sententiam
968 1250 1172 1292 adversus
1186 1251 1436 1293 Dioscorum
1460 1252 1504 1292 in
1526 1251 1707 1293 concilio
1722 1263 1745 1292 c
1778 1251 1891 1293 alce-

159 1322 337 1363 denensi
359 1321 581 1374 prolatam,
611 1320 683 1362 ubi
714 1321 933 1362 recensitis
956 1321 1046 1374 ejus
1068 1321 1300 1363 sceleribus
1322 1322 1381 1362 ita
1402 1323 1709 1375 pronunciant:
1748 1356 1763 1373 ‚,
1808 1321 1891 1363 nde

150 1406 208 1436 ss,
232 1396 274 1433 et
295 1391 362 1432 bb.
386 1392 734 1445 archiepiscopus
757 1404 939 1445 magnae
961 1396 1000 1433 et
1028 1393 1208 1434 senioris
1229 1392 1394 1434 Romae
1416 1393 1501 1434 Leo
1523 1405 1599 1446 per
1621 1397 1891 1446 praesentem

152 1469 347 1504 sanctam
369 1463 579 1517 synodum
602 1477 688 1505 una
711 1477 808 1505 cum
831 1469 895 1505 ter
915 1464 1164 1506 beatissimo
1197 1470 1238 1506 et
1269 1465 1386 1505 omni
1406 1464 1531 1505 laude
1554 1465 1680 1518 digno
1703 1464 1741 1508 b.
1764 1463 1890 1506 Petro

152 1534 360 1586 apostolo,
383 1534 455 1587 qui
477 1539 542 1575 est
562 1538 684 1587 petra
707 1540 748 1576 et
771 1534 941 1587 crepido
965 1535 1202 1577 catholicae
1215 1535 1430 1577 Ecclesiae
1452 1541 1495 1577 et
1515 1541 1659 1578 rectae
1682 1536 1777 1577 fidei
1797 1535 1892 1577 fun-

155 1605 414 1655 damentum,
445 1605 621 1646 nudavit
652 1617 749 1646 eum
781 1610 868 1646 tam
901 1606 1173 1659 episcopatus
1195 1606 1410 1659 dignitate,
1443 1619 1571 1660 quam
1603 1607 1732 1648 etiam
1764 1611 1806 1648 et
1836 1606 1890 1648 ab

153 1676 272 1716 omni
294 1676 551 1717 sacerdotali
573 1676 772 1717 alienavit
794 1677 1027 1718 ministerio
1045 1678 1090 1733 3).

273 1747 315 1792 4.
339 1746 624 1789 Consecratus
646 1747 723 1789 fuit
744 1752 890 1789 noster
912 1749 1247 1790 commentarius
1269 1762 1349 1790 usu
1370 1749 1653 1801 liturgico;
1685 1748 1892 1801 siquidem

152 1823 352 1871 receptus
382 1818 457 1860 fuit
487 1820 530 1860 in
560 1819 691 1860 libros
722 1820 939 1872 liturgicos
954 1820 989 1875 4)
1023 1817 1206 1861 Orientis
1237 1824 1279 1861 et
1311 1817 1554 1860 Occidentis
1586 1819 1715 1860 etiam
1747 1830 1896 1860 earum

154 1893 380 1940 sectarum,
410 1902 520 1943 quae
542 1902 588 1931 se
607 1891 697 1942 Jam
719 1902 801 1931 sec.
824 1889 871 1932 V.
894 1889 949 1931 ab
975 1890 1164 1932 Ecclesia
1186 1894 1452 1952 separarugit.
1497 1890 1543 1932 In
1575 1889 1724 1931 ordine
1745 1889 1894 1942 poeni-

152 1960 311 2001 tentiae
335 1961 541 2002 ecclesiae
563 1962 822 2013 copticae
845 1961 1021 2013 legimus
1045 1962 1284 2003 orationem
1301 1941 1598 2017 5):⁸„Domine
1621 1960 1734 2001 Deus
1756 1960 1895 2001 omni-

300 2090 322 2135 ¹)
341 2089 393 2126 Cf,
414 2091 593 2124 Arator
612 2091 656 2125 de
675 2091 819 2124 actibus
838 2092 957 2134 apost.
976 2090 999 2123 l.
1022 2094 1038 2124 1
1060 2103 1090 2124 v.
1115 2093 1203 2125 1013
1222 2102 1266 2124 ss.
1292 2091 1375 2126 coll.
1397 2093 1497 2125 1033.
1520 2092 1621 2124 1042.
1643 2092 1732 2124 1055
1750 2101 1798 2127 s.;
1823 2089 1896 2123 Ju-

151 2155 172 2175 v
186 2153 203 2176 e
217 2155 239 2176 n
252 2153 269 2176 c
280 2154 330 2176 us
348 2143 433 2178 hist..
452 2154 583 2189 evang.
602 2143 663 2182 ΙΙΙ,
684 2143 752 2178 278
771 2155 816 2177 ss,

295 2201 319 2238 2)
339 2197 532 2232 Habentur
548 2198 586 2232 hi
604 2209 729 2233 versus
747 2198 787 2231 in
805 2198 955 2242 hymno,
975 2199 1039 2242 qui
1057 2198 1097 2232 in
1114 2197 1308 2232 dominicis
1328 2197 1375 2231 ad
1392 2198 1519 2232 laudes
1547 2198 1631 2242 post,
1654 2197 1787 2242 Epiph.
1805 2197 1894 2231 reci-

149 2252 266 2284 tatur.
300 2249 404 2292 Quod
422 2251 451 2285 si
470 2253 501 2285 A
513 2264 534 2285 u
548 2263 572 2296 g
584 2263 605 2285 u
619 2251 720 2286 stin
732 2263 755 2285 u
768 2263 783 2285 s
812 2262 896 2285 cum
914 2251 997 2285 aliis
1016 2262 1097 2285 eam
1117 2252 1283 2296 praefert,
1308 2250 1672 2296 interpretationem,
1691 2260 1788 2295 quae
1804 2250 1895 2284 haec

151 2303 267 2337 verba
283 2303 328 2336 de
347 2304 492 2339 Christo
510 2304 709 2349 intelligit:
737 2304 840 2338 haud
866 2304 1051 2338 immerito
1079 2304 1152 2338 dici
1175 2304 1310 2349 potest,
1335 2304 1464 2339 eodem
1484 2314 1544 2338 eos
1563 2314 1670 2338 sensu
1689 2302 1804 2347 loqui,
1823 2313 1895 2347 quo

151 2357 289 2400 passim
308 2356 508 2398 inculcant,
527 2369 601 2392 non
620 2357 782 2400 Petrum,
802 2368 876 2392 non
894 2358 1087 2398 Joannem,
1114 2367 1189 2392 non
1208 2358 1397 2392 hominem
1415 2368 1504 2400 esse,
1534 2357 1598 2402 qui
1627 2356 1805 2401 baptizat,
1831 2356 1895 2391 sed

151 2408 352 2443 Christum.
387 2409 467 2451 Qua
483 2411 659 2455 loquendi
676 2411 822 2446 ratione
839 2411 1004 2456 profecto
1031 2422 1105 2445 non
1124 2410 1324 2445 excludunt
1341 2411 1531 2445 hominem
1550 2410 1688 2445 Christi
1706 2407 1896 2449 vicarium,

151 2462 216 2496 sed
236 2465 548 2498 sacramentorum
567 2464 897 2509 independentiam
925 2475 947 2497 a
977 2463 1228 2498 ministrorum
1248 2463 1436 2508 probitate
1464 2463 1687 2509 significant.
1722 2462 1842 2505 Quare
1859 2463 1897 2497 et

152 2518 222 2551 hac
239 2517 509 2560 interpretandi
527 2518 668 2553 ratione
687 2531 760 2554 non
779 2518 983 2554 excludunt
1009 2518 1159 2553 Petrum
1186 2521 1333 2563 petram
1349 2518 1537 2557 vicariam,
1564 2517 1625 2552 sed
1643 2515 1826 2551 Ecclesiae
1842 2516 1896 2550 in-

153 2570 438 2616 dependentiam
451 2582 473 2605 a
483 2572 665 2615 qualitate
678 2573 807 2607 morali
829 2572 987 2618 cujusvis
1002 2571 1165 2606 ministri
1179 2572 1349 2616 quamvis
1363 2571 1497 2605 summi
1510 2571 1708 2605 inculcant.
1726 2569 1897 2604 Ceterum

151 2625 320 2658 nostrum
339 2624 645 2659 commentarium
674 2626 917 2671 amplectitur
944 2637 1050 2667 serm,
1071 2629 1113 2660 52
1132 2638 1166 2660 n.
1189 2630 1219 2661 1.
1246 2626 1284 2659 in
1303 2624 1392 2660 bibl.
1412 2636 1508 2659 nova
1524 2624 1590 2659 PP.
1611 2625 1667 2659 ed.
1687 2624 1778 2658 Mai
1804 2624 1833 2659 t.
1851 2626 1897 2663 1.,

148 2677 196 2710 de
217 2687 332 2720 eoque
349 2677 587 2722 postmodum
618 2678 807 2713 dubitavit
835 2678 914 2712 sola
940 2678 1154 2723 ignorantia
1181 2678 1332 2724 linguae
1360 2677 1556 2712 hebraicae
1583 2677 1770 2721 deceptus,
1797 2676 1897 2721 quod

151 2729 317 2763 Christus
344 2740 417 2764 non
444 2730 578 2764 dixerit
603 2730 657 2764 Tu
685 2741 721 2765 es
749 2732 867 2775 petra,
896 2732 958 2766 sed
977 2733 1020 2766 tu
1038 2743 1075 2766 es
1093 2731 1234 2768 Petrus.
1274 2730 1326 2765 Cf.
1348 2730 1514 2765 Cercia
1545 2729 1590 2764 de
1607 2729 1703 2764 Eccl.
1723 2742 1748 2766 ε.
1769 2732 1801 2764 1.
1819 2729 1842 2765 l.
1861 2732 1894 2763 8.

150 2783 174 2817 S
188 2794 205 2817 c
217 2783 241 2816 h
252 2793 271 2817 e
282 2783 335 2817 eb
348 2793 366 2816 e
378 2795 402 2816 n
420 2783 559 2828 period.
583 2782 727 2817 Blatter
747 2787 847 2820 1871.
866 2785 928 2824 Ill,
949 2787 1019 2820 308
1036 2796 1080 2821 ss,

294 2839 320 2878 3)
336 2835 447 2881 Apud
464 2836 498 2870 H
510 2838 592 2870 ard
606 2847 626 2870 o
637 2837 720 2872 uin
738 2838 782 2874 Π,
801 2841 881 2874 346.
917 2838 971 2873 Cf.
992 2838 1020 2873 Ο
1032 2838 1102 2872 rie
1113 2850 1137 2872 n
1148 2837 1250 2872 tale
1262 2849 1277 2871 s
1304 2838 1341 2871 in
1363 2837 1438 2871 suis
1453 2837 1622 2881 precibus
1643 2837 1690 2870 ad
1704 2836 1893 2871 ,lustinum

151 2890 240 2934 imp,
260 2890 299 2923 in
316 2889 427 2934 hujus
446 2900 503 2934 ep.
526 2891 591 2923 129
610 2889 656 2923 ad
676 2890 913 2925 Hormisdam
931 2904 967 2926 n.
987 2897 1017 2926 5.
1036 2891 1092 2927 ed.
1110 2891 1251 2925 Thiel
1271 2902 1305 2934 p.
1325 2891 1404 2924 844.

293 2946 322 2985 ⁴)
341 2941 393 2976 Cf.
414 2941 559 2976 Sacram
566 2942 749 2976 eutarium
768 2941 798 2976 G
808 2955 826 2976 r
837 2954 855 2977 e
866 2955 892 2988 g
903 2955 923 2978 o
935 2944 998 2978 rii
1016 2944 1065 2978 M.
1079 2945 1194 2989 praef.
1209 2943 1248 2978 in
1266 2942 1361 2977 festo
1376 2943 1473 2976 cath.
1488 2953 1515 2976 s.
1529 2941 1647 2980 Petri;
1666 2940 1893 2976 Breviarium

156 2995 348 3039 gothicum
367 2994 401 3029 M
415 2994 473 3040 ig.
492 2997 549 3036 86,
573 2998 639 3031 113
656 2995 713 3041 (cf.
733 3006 856 3041 opusc.
876 2997 986 3038 XXX,
1008 2999 1101 3040 2⁶24).

296 3049 323 3092 ὅ)
343 3047 396 3082 cf.
417 3048 447 3081 D
459 3058 478 3082 e
490 3060 539 3081 nz
551 3048 560 3082 i
573 3060 597 3081 u
611 3058 696 3092 ger
713 3048 811 3083 ritus
830 3049 960 3083 orient.
980 3050 1006 3089 I,
1022 3051 1103 3085 437.
1121 3049 1266 3084 Eximia
1281 3049 1394 3094 plane
1411 3048 1626 3082 testimonia
1643 3058 1663 3082 e
1688 3057 1743 3081 ne
1755 3046 1895 3081 stori-

151 3111 172 3133 a
186 3112 208 3133 n
221 3111 241 3134 o
253 3111 272 3133 r
283 3112 304 3134 u
317 3112 354 3134 m
382 3101 421 3135 et
441 3100 491 3145 ja
503 3112 521 3134 c
533 3111 553 3135 o
564 3100 640 3134 bit
652 3111 673 3134 a
683 3113 736 3134 ru
748 3114 782 3135 m
815 3101 920 3137 libris
948 3103 992 3137 cf.
1020 3103 1060 3136 in
1076 3102 1168 3137 Tiib.
1186 3100 1347 3143 Qtlschr.
1367 3103 1457 3136 1850
1483 3113 1520 3145 p.
1538 3101 1720 3139 355—74;
1748 3099 1896 3143 aliaque
