2175 3382
960 89 1035 122 vita
1054 91 1295 124 sanctissima.
1940 107 1992 149 77

256 214 400 251 menta
430 209 599 249 veniam
632 209 823 249 exoravit
854 209 941 249 suis
972 207 1252 257 carnificibus
1284 221 1358 250 eos
1382 212 1493 262 apud
1516 212 1685 255 Patrem
1710 217 1837 258 etiam
1860 230 1992 261 excu-

256 280 402 323 sando.

373 349 674 392 Consideretur
705 350 746 393 3.
775 348 1028 390 Christus
1059 349 1101 389 in
1132 361 1196 390 se:
1230 355 1317 390 tam
1350 351 1511 392 alienus
1543 358 1605 393 est
1636 368 1677 398 a.
1702 357 1756 397 ab
1779 361 1895 401 omni
1918 362 1991 404 de-

253 420 365 462 fectu
384 421 452 462 vel
485 420 708 462 affectione
738 419 990 467 inordinata,
1023 431 1048 460 a
1080 421 1229 472 quavis
1260 421 1459 472 passione
1491 424 1855 478 praedominante,
1880 435 1925 472 ut
1948 437 1989 473 et

254 492 354 533 olim
376 492 570 532 inimicos
581 503 681 531 suos
696 490 774 531 etsi
795 490 1094 542 sagacissimos
1117 490 1378 532 confidenter
1401 504 1633 543 provocare
1656 500 1858 547 potuerit:
1887 501 1990 551 Quis

253 577 302 604 ezr
332 563 441 604 vobis
472 564 616 614 arqaet
646 574 708 600 me
738 560 786 601 de
812 564 977 614 peceato
1009 559 1146 616 (Joan.
1176 563 1214 609 8,
1236 562 1340 616 46)‘?
1373 566 1413 602 et
1445 563 1571 603 modo
1596 565 1722 606 etiam
1753 582 1989 619 provocare

252 633 387 686 possit
417 644 566 674 omnes
596 631 866 672 adversarios
896 631 1109 682 religionis
1131 643 1246 676 suae,
1277 635 1323 672 ut
1344 632 1410 673 vel
1432 646 1563 674 unum
1587 648 1780 685 naevum,
1813 641 1897 682 imo
1922 643 1987 683 vel

253 703 441 745 defectus
470 702 669 744 umbram
698 702 742 742 in
772 706 862 743 tota
903 713 982 742 sua
1012 701 1163 754 agendi
1194 703 1560 756 conversandique
1591 707 1757 748 ratione
1789 710 1987 753 indicent.

251 773 362 816 Nihil
391 774 617 815 invenient.
658 772 764 813 Hinc
801 773 929 814 etiam
969 785 1158 825 nunqam
1190 777 1464 825 peccatorum
1495 788 1669 829 suorum
1702 780 1987 834 miseriaeque

251 846 466 886 humanae
497 844 688 885 meminit
718 844 1056 896 poenitentisque
1088 843 1220 884 animi
1253 844 1371 896 signa
1403 857 1506 896 prae
1529 858 1573 887 se
1597 846 1685 895 fert,
1718 861 1814 890 cum
1837 857 1987 893 contra

250 915 484 968 prophetae
516 914 562 955 V.
594 914 637 957 T.
670 916 889 967 sanctique
931 925 1080 955 omnes
1110 918 1385 966 peccatorum
1417 928 1591 957 suorum
1622 920 1780 960 conscii
1811 923 1985 963 veniam

245 987 401 1039 Jugiter
422 986 705 1038 deprecantur
726 985 934 1026 scelerum
956 997 1131 1025 suorum
1154 985 1196 1041 ¹).
1231 984 1355 1026 Nulla
1378 987 1423 1029 b.
1448 986 1490 1026 in
1513 999 1563 1027 eo
1587 988 1821 1037 infirmitas,
1845 992 1986 1045 singu-

250 1058 395 1098 laritas
416 1070 541 1105 vana,
563 1069 774 1106 excessus,
797 1056 916 1097 fucus
938 1056 1086 1097 nullus.
1130 1055 1248 1097 Unde
1273 1069 1312 1100 c.
1336 1061 1455 1098 tanta
1477 1059 1607 1099 animi
1631 1072 1736 1110 pace
1758 1060 1918 1111 fruitur,
1941 1070 1986 1104 ut

249 1127 363 1169 nulla
383 1128 607 1169 hominum
632 1127 903 1180 ingratitudo,
933 1127 1049 1168 nulla
1071 1127 1304 1175 calamitas,
1336 1128 1452 1168 nulla
1475 1129 1739 1170 aemulorum
1762 1132 1921 1173 malitia
1944 1140 1985 1175 et

248 1200 487 1252 persecutio
511 1211 607 1240 eum
629 1199 695 1240 vel
717 1198 938 1239 minimum
962 1202 1233 1239 commoveat
1254 1203 1328 1239 aut
1348 1199 1665 1240 serenissimam
1687 1201 1816 1252 ipsius
1832 1204 1984 1244 mentis

248 1270 594 1323 tranquillitatem
617 1269 767 1311 turbet.
809 1269 930 1321 Quin,
954 1269 1066 1322 quod
1089 1269 1183 1322 plus
1205 1270 1335 1310 etiam
1358 1274 1431 1318 est,
1454 1271 1541 1311 vita
1563 1270 1717 1312 Christi
1739 1285 1825 1313 non
1846 1273 1982 1314 solum

249 1340 303 1382 ab
335 1341 450 1382 omni
481 1340 649 1382 macula
679 1341 878 1381 immunis
910 1345 985 1390 est,
1016 1352 1163 1381 verum
1192 1341 1239 1385 (l.
1263 1341 1401 1382 omnis
1432 1342 1597 1382 virtutis
1627 1342 1732 1392 idea,
1768 1344 1984 1396 exemplar

249 1412 386 1453 omnis
417 1411 686 1464 perfectionis
718 1411 951 1452 secundum
982 1416 1118 1452 totam
1140 1412 1258 1452 vocis
1290 1411 1555 1453 latitudinem
1580 1417 1621 1454 et
1644 1413 1983 1465 amplitudinem:

248 1482 356 1524 adeo
378 1486 425 1523 ut
445 1482 560 1524 nulla
581 1482 789 1535 assignari
812 1483 945 1535 possit
965 1483 1109 1530 virtus,
1132 1495 1262 1536 quam
1284 1496 1371 1523 non
1395 1483 1516 1535 plene
1539 1488 1580 1524 et
1602 1484 1770 1536 quidem
1794 1498 1834 1528 e.
1851 1486 1981 1537 gradu

246 1553 418 1594 heroico
441 1553 689 1605 possederit,
711 1565 840 1606 quam
862 1566 949 1594 non
973 1553 1154 1594 mirabili
1177 1554 1417 1595 constantia
1431 1566 1601 1607 semper
1618 1556 1863 1604 exercuerit,
1890 1569 1982 1596 om—

246 1635 407 1676 nesque
437 1624 475 1667 f.
500 1625 578 1666 etsi
611 1625 752 1677 specie
784 1629 907 1666 tenus
938 1624 1018 1665 sibi
1051 1636 1180 1677 saepe
1203 1625 1480 1666 adversantes
1504 1626 1611 1666 mira
1633 1626 1857 1667 harmonia
1879 1639 1982 1668 con-

241 1695 415 1747 jUnctae
445 1696 488 1735 in
522 1695 614 1748 ipso
637 1696 923 1748 reperiuntur;
955 1707 1007 1736 ex
1030 1707 1112 1748 quo
1136 1695 1181 1736 fit
1202 1709 1244 1749 g.
1267 1701 1313 1736 ut
1334 1696 1432 1736 licet
1453 1708 1580 1748 super
1601 1708 1750 1738 omnes
1773 1697 1979 1738 conditio-

245 1777 334 1815 nes,
355 1766 564 1811 nationes,
586 1770 729 1818 partes
751 1765 952 1814 elevatus,
976 1766 1090 1807 nulla
1111 1770 1257 1807 tamen
1278 1767 1331 1808 sit
1353 1767 1574 1808 hominum
1601 1768 1759 1815 classis,
1794 1768 1977 1808 conditio

244 1837 359 1878 nulla
381 1837 564 1889 cujusvis
586 1837 801 1890 temporis,
824 1837 906 1878 loci
928 1841 970 1878 et
990 1838 1189 1887 nationis,
1212 1850 1321 1891 quae
1343 1839 1386 1879 in
1400 1839 1491 1891 ipso
1509 1838 1867 1880 absolutissimum
1882 1851 1980 1892 per-

244 1907 436 1949 fectionis
458 1907 538 1948 sibi
560 1908 850 1949 convenientis
872 1908 1089 1961 exemplar
1110 1921 1198 1950 non
1220 1910 1416 1961 reperiat,
1440 1909 1554 1962 quod
1577 1922 1660 1962 quo
1684 1911 1921 1951 accuratius
1939 1914 1979 1950 in

244 1990 290 2020 se
313 1979 609 2031 expresserint,
643 1979 853 2029 meliores,
884 1978 1169 2032 perfectiores,
1201 1991 1252 2020 eo
1275 1981 1510 2021 sanctiores
1533 1980 1702 2033 quidem
1725 1985 1860 2030 erunt,
1884 1981 1980 2022 licet

243 2054 343 2091 ante
373 2049 527 2091 fuerint
547 2050 819 2100 vitiosissimi‚
850 2063 1068 2103 nunquam
1100 2056 1244 2092 tamen
1279 2051 1540 2092 adamussim
1563 2051 1661 2092 illud
1685 2057 1977 2104 assequentur.

243 2119 361 2172 Quae
382 2121 680 2174 praerogativa
702 2121 810 2162 adeo
833 2126 898 2162 est
919 2122 957 2163 ei
979 2122 1162 2174 propria,
1187 2127 1231 2163 ut
1250 2122 1352 2163 nulli
1366 2122 1436 2163 alii
1450 2122 1682 2171 hominum,
1705 2123 1774 2175 qui
1790 2123 1975 2174 alioquin

242 2205 465 2245 magnus
494 2193 733 2246 praedicari
767 2193 887 2242 solet,
918 2194 1163 2234 conveniat:
1197 2194 1336 2234 nullus
1359 2205 1507 2234 eorum
1533 2198 1596 2234 est
1618 2193 1813 2234 omnibus
1836 2193 1975 2232 imita-

242 2263 346 2308 bilis.
389 2263 511 2315 Quod
533 2265 568 2305 si
585 2264 676 2317 jam
698 2265 741 2305 in
762 2269 853 2306 tota
874 2277 953 2305 sua
973 2265 1062 2305 vita
1084 2265 1221 2306 omnis
1244 2265 1407 2305 virtutis
1430 2264 1505 2305 fuit
1527 2264 1756 2317 exemplar,
1781 2265 1975 2304 eminen-

239 2335 400 2376 tissime
421 2336 470 2378 h.
494 2335 538 2376 in
565 2340 702 2377 morte
724 2335 877 2376 reluxit
897 2336 1101 2376 sanctitas
1125 2335 1234 2388 ejus:
1268 2336 1472 2388 patientia
1494 2335 1726 2375 dirissimos
1748 2334 1856 2374 inter
1879 2346 1974 2373 cru-

240 2405 376 2446 ciatus
396 2418 615 2459 nunquam
647 2406 752 2447 alias
774 2406 866 2447 visa
883 2407 940 2462 2);
973 2407 1256 2447 mansuetudo
1279 2406 1500 2458 stupenda,
1533 2417 1642 2457 quae
1665 2405 1823 2445 nullum
1847 2404 1973 2444 edidit

239 2476 370 2517 animi
400 2476 466 2517 vel
503 2477 676 2518 minime
707 2477 912 2518 commoti
941 2477 1128 2529 signum3
1169 2478 1324 2518 caritas
1356 2477 1408 2518 de
1439 2477 1531 2528 ipsa
1563 2475 1806 2516 carnificum
1839 2473 1972 2514 salute

239 2550 417 2588 aeterna
437 2547 628 2591 sollicita.
670 2546 780 2588 Vere
809 2548 1026 2601 Speciosam
1055 2548 1195 2600 forma
1222 2561 1330 2601 prae
1357 2547 1458 2601 filiis
1488 2547 1696 2587 hominum
1729 2546 1883 2597 diffusa
1916 2548 1972 2583 est

234 2618 378 2671 qratia
409 2623 454 2658 in
483 2618 608 2659 labiis
630 2618 719 2671 ejus
743 2617 828 2674 (ΡΒ.
849 2621 919 2667 44,
943 2618 998 2674 3).
1040 2618 1167 2671 Atqui
1199 2630 1296 2659 cum
1328 2618 1402 2658 tali
1424 2619 1509 2658 vita
1533 2616 1852 2667 sanctitatisque
1877 2614 1968 2653 idea

381 2736 409 2782 ¹)
427 2734 480 2769 Cf.
503 2736 530 2769 H
544 2735 845 2775 ein1·ich§49‚
865 2735 928 2778 qui
947 2735 1015 2768 hoc
1034 2735 1163 2768 merito
1182 2734 1362 2773 inculcat;
1382 2735 1538 2768 Weiss
1557 2734 1661 2777 Apoi.
1683 2733 1705 2765 1.
1725 2732 1757 2764 d.
1784 2734 1834 2764 18.

385 2792 410 2829 2)
431 2786 618 2822 Praeclare
638 2787 771 2822 Christi
792 2788 1010 2832 patientiam
1027 2787 1201 2821 describit
1216 2787 1244 2821 T
1255 2798 1273 2820 e
1284 2788 1327 2821 rt
1338 2799 1359 2820 u
1374 2786 1459 2820 Ilia
1474 2799 1495 2819 n
1508 2797 1532 2818 u
1543 2800 1558 2818 s
1577 2798 1612 2819 m
1625 2785 1646 2818 1.
1662 2784 1704 2817 de
1716 2783 1894 2827 patientia
1908 2793 1933 2814 c.
1949 2784 1969 2813 :3

237 2848 372 2886 (opusc.
390 2843 417 2876 t.
435 2842 509 2885 IV),
531 2843 594 2876 ubi
612 2844 710 2876 inter
727 2842 801 2876 alia
814 2842 949 2877 habet:
970 2866 982 2880 ,
995 2841 1201 2885 Despuitur,
1219 2841 1441 2879 verberatur,
1461 2840 1657 2878 deridetur,
1675 2838 1788 2871 foedis
1803 2835 1964 2869 vestitur.

236 2894 462 2929 foedioribus
480 2897 689 2930 coronatur.
707 2896 802 2929 Mira
820 2895 1123 2938 aequanimitatis
1142 2894 1239 2928 fides.
1276 2893 1345 2935 Qui
1364 2895 1398 2927 in
1419 2892 1578 2926 hominis
1598 2894 1708 2935 tigni-21
1730 2889 1965 2933 proposuerat

234 2947 361 2989 latere,
381 2947 474 2982 nihil
493 2948 537 2982 de
555 2948 792 2993 impatientia
808 2948 969 2982 hominis
987 2948 1154 2981 imitatus
1170 2952 1234 2981 est.
1257 2947 1349 2980 Hinc
1368 2946 1425 2979 vel
1446 2945 1611 2978 maxime.
1632 2942 1823 2986 pharisaei.
1847 2940 1963 2973 Domi-

235 3013 325 3035 num
343 3012 537 3046 agnoscere
556 3001 753 3035 debuistis:
773 3001 989 3045 patientiam
1008 3000 1218 3045 hujusmodi
1238 3009 1345 3033 nemo
1364 2998 1554 3032 hominum
1572 2996 1826 3040 perpetraret.1
1851 2992 1905 3026 cf.
1927 2996 1961 3025 ct

236 3065 261 3087 s.
282 3054 527 3099 Cypriani]
541 3067 577 3088 m
596 3054 641 3088 de
659 3054 842 3098 patientia
860 3066 895 3087 n.
915 3056 946 3088 6.
964 3055 997 3090 7.
1017 3063 1138 3097 opusc.
1160 3053 1216 3093 IV,
1235 3054 1281 3088 70
1300 3064 1343 3085 ss.
