2175 3382
779 115 958 159 probatur
975 125 1017 149 ex
1036 115 1243 159 Scripturis.
1791 121 1877 163 433

148 239 323 276 firmatae
347 241 461 275 sunt:
495 238 570 275 tibi
592 239 631 274 et
653 238 777 275 claves
799 237 994 275 coelorum
1016 237 1219 281 commisit,
1252 238 1369 286 atque
1391 239 1512 288 ligare
1534 243 1573 277 et.
1595 241 1744 278 solvere
1765 244 1876 291 pote-

151 298 293 335 stative
316 294 422 350 (κατ>
436 293 631 347 &Eoo-now)
654 309 753 344 quae
774 297 815 333 in
836 298 942 333 terra
973 299 1013 333 et
1034 296 1076 333 in
1097 296 1212 333 coelis
1245 298 1349 341 sunt,
1382 299 1655 348 promulgavit.
1698 300 1756 337 Tu
1786 313 1875 350 pro-

148 357 328 393 fanarum
349 357 553 393 haeresum
574 355 771 403 depositor
792 355 948 392 exsistis
969 357 1015 392 ut
1036 355 1215 403 princeps
1251 356 1290 391 et
1313 355 1446 393 doctor
1469 358 1702 397 orthodoxae
1734 362 1773 397 et
1803 361 1876 397 im-

149 416 363 453 maculatae
385 415 485 455 fidei.
527 414 656 464 Igitur
677 426 755 452 non
777 414 965 462 despicias
987 416 1145 462 patrum
1166 416 1338 459 tuorum,
1360 418 1480 462 pater.
1505 417 1617 453 fidem
1634 421 1877 456 aestuantem

150 476 190 512 et
223 475 270 511 ab
293 474 494 523 aliquibus
526 473 732 510 haereticis
764 473 892 510 ventis
921 473 1176 510 violentatam
1207 484 1356 509 necnon
1386 475 1694 522 periclitantem:
1726 478 1877 515 resolve

149 533 332 570 nebulam
353 532 625 581 insipientium
648 532 796 569 lumine
818 534 909 569 tuae
932 531 1085 569 divinae
1120 531 1313 576 scientiae,
1343 543 1364 568 o
1388 534 1639 572 sanctissime.
1653 541 1669 559 «
1714 537 1823 580 Quod
1845 537 1876 574 si

149 592 256 629 hisce
277 603 435 629 romano
456 590 642 640 pontifici,
675 591 767 627 dum
802 592 934 638 petrae
966 591 1049 640 agit
1078 602 1236 637 munuS,
1269 589 1532 629 infallibilitas
1565 606 1643 631 non
1675 596 1876 641 asseritur,

149 651 294 688 desunt
314 651 433 688 verba
453 650 597 698 quibus
619 649 753 686 eadem
775 650 1029 699 significetur.

267 745 364 786 413.
396 743 440 785 2.
471 741 630 782 Eadem
664 742 963 793 praerogativa
995 740 1270 782 confirmatur
1311 754 1363 782 ex
1404 742 1544 783 verbis
1585 745 1878 796 sequentibus:

150 812 426 868 Quodcunque
447 813 640 866 Ziyaceris
669 825 794 866 super
827 816 998 865 terram,
1033 814 1109 853 erit
1142 813 1317 867 liqatum
1351 817 1387 854 et
1424 814 1464 854 in
1496 813 1613 854 coelis
1645 819 1721 859 etc,
1763 815 1877 857 Haec

150 884 261 925 enim
284 888 478 936 spectant
500 883 553 924 ad
576 887 830 936 potestatem
846 895 1014 936 quoque
1029 883 1221 933 docendi,
1244 895 1328 936 qua
1348 883 1535 936 pontifex
1557 884 1700 926 fideles
1724 886 1778 926 ad
1800 887 1876 927 ali-

151 955 249 1008 quid
271 954 529 996 credendum
561 966 635 995 seu
666 954 895 995 tenendum
919 954 1086 1007 obligat.
1128 953 1282 1007 Nequit
1313 959 1454 995 autem
1485 955 1527 995 id
1557 960 1697 997 ratum
1727 957 1876 999 haberi

149 1027 192 1067 in
213 1025 353 1073 coelis,
376 1025 411 1066 si
433 1036 660 1066 erroneum
682 1026 745 1066 sit.
788 1025 882 1078 Ipsa
906 1037 1005 1077 ergo
1029 1025 1289 1077 amplissima
1320 1025 1374 1066 ad
1399 1025 1613 1077 ligandum
1635 1027 1702 1068 vel
1725 1040 1875 1069 assen-

150 1110 244 1138 sum
265 1100 454 1149 potestas
477 1108 573 1137 cum
596 1096 766 1137 errandi
787 1095 1065 1148 possibilitate
1087 1108 1175 1136 non
1195 1100 1336 1148 potest
1358 1096 1585 1137 conciliari.

267 1194 366 1235 414,
398 1191 440 1235 3.
473 1190 630 1231 Eadem
652 1189 923 1231 infallibilitas
946 1190 1153 1243 colligitur
1175 1202 1227 1231 ex
1248 1189 1388 1231 verbis
1411 1190 1585 1231 Christi:
1616 1191 1704 1245 Eyo
1736 1198 1870 1235 atatem

151 1263 294 1316 roquri
308 1276 392 1318 pro
414 1266 463 1310 te,
488 1265 530 1301 ut
552 1274 629 1302 non
653 1261 815 1314 deficiat
834 1261 936 1314 fides
957 1265 1042 1315 tua,
1065 1266 1101 1302 et
1122 1265 1167 1301 tu
1190 1261 1416 1315 aliquando
1440 1275 1656 1303 conversus
1679 1264 1875 1317 confirma

150 1332 308 1385 fratres
330 1337 419 1373 tuos
440 1332 538 1373 Luc.
560 1333 628 1381 22,
661 1335 716 1376 32
739 1345 791 1374 s:
822 1331 974 1384 quibus
1004 1331 1262 1384 praedicitur
1292 1331 1394 1373 fides
1418 1331 1542 1381 Petri,
1574 1338 1782 1385 quatenus
1814 1340 1878 1376 est

150 1403 324 1445 fratrum
359 1403 644 1451 confirmator,
676 1415 763 1443 non
796 1402 1022 1451 defectura,
1054 1402 1156 1443 nulli
1185 1402 1362 1455 proinde
1394 1403 1484 1444 fore
1516 1405 1649 1445 errori
1681 1405 1876 1447 obnoxia.

152 1472 467 1524 „Considerate,
490 1474 624 1526 inquit
645 1474 782 1514 citatis
805 1473 921 1514 hisce
943 1473 1085 1514 verbis
1107 1473 1365 1526 Pelagius
1387 1474 1419 1514 II
1442 1486 1507 1526 ep.
1532 1478 1569 1524 3,
1601 1476 1699 1529 quia
1720 1478 1877 1518 veritas

121 1546 318 1624 §mentiri
340 1558 427 1587 non
447 1546 594 1598 potuit,
625 1557 704 1586 nec
734 1545 837 1586 fides
860 1544 1005 1586 Petri
995 1558 1038 1585 in
1061 1549 1282 1586 aeternum
1305 1547 1499 1598 quassari
1520 1547 1674 1598 poterit
1696 1548 1761 1589 vel
1783 1561 1876 1590 mu—

98 1617 250 1699 §tariz
274 1629 375 1657 nam
397 1629 495 1657 cum
518 1628 666 1657 omnes
689 1616 917 1668 discipulos
939 1615 1133 1656 diabolus
1156 1615 1209 1656 ad
1232 1615 1502 1676 cribrandum
1526 1620 1778 1669 poposcerit,
1801 1633 1877 1672 pro

150 1687 241 1728 solo
264 1687 388 1729 Petro
421 1699 466 1728 se
496 1687 700 1728 Dominus
725 1698 900 1738 rogasse
923 1687 1085 1727 dicitur
1123 1691 1164 1727 et
1195 1686 1248 1726 ab
1281 1698 1332 1727 eo
1364 1687 1496 1728 voluit
1528 1693 1694 1729 ceteros
1725 1690 1878 1731 confir-

152 1758 270 1798 mari
279 1763 293 1780 “
343 1756 483 1809 Quare
506 1758 541 1798 si
561 1758 669 1799 haec
690 1757 822 1798 verba
845 1757 897 1798 ad
921 1758 1010 1809 ejus
1033 1769 1200 1809 quoque
1222 1757 1265 1797 in
1285 1757 1470 1809 primatu
1491 1770 1761 1802 successores
1783 1773 1878 1814 per-

151 1829 297 1879 tinent,
319 1829 370 1869 de
392 1828 544 1869 horum
567 1828 751 1869 dubitari
765 1829 909 1881 nequit
923 1827 1225 1869 infallibilitate.
1247 1827 1307 1868 Ea
1330 1832 1472 1870 autem
1495 1829 1549 1869 ad
1571 1830 1664 1871 illos
1686 1836 1878 1884 spectare

151 1900 380 1941 tenendum
404 1905 466 1941 esf

269 1997 311 2027 a.
336 1989 508 2038 propter
529 1986 736 2037 insignem
757 1985 1090 2038 parallelismum
1113 1997 1208 2025 cum
1230 1985 1375 2026 Matth.
1403 1989 1465 2033 16,
1491 1988 1543 2030 18
1567 1987 1623 2041 (n.
1648 1989 1785 2042 3571),
1809 1989 1879 2041 qui

150 2058 290 2096 textus
313 2060 428 2098 certo
451 2061 615 2109 spectat
636 2056 690 2097 ad
712 2056 823 2097 Petri
847 2068 1128 2100 successores
1170 2055 1236 2096 Ad
1257 2056 1364 2097 haec

270 2140 316 2182 b.
342 2136 530 2179 Christus
562 2143 734 2191 propter
756 2151 909 2179 munus
933 2138 1211 2179 confirmandi
1232 2138 1383 2179 fratres
1404 2139 1645 2191 impetravit
1667 2139 1792 2181 Petro
1814 2141 1879 2181 in-

152 2208 508 2251 defectibilitatem
539 2210 583 2250 in
614 2209 704 2257 fide,
738 2221 918 2262 eumque
950 2210 1086 2250 reddit
1106 2214 1272 2261 petram
1304 2209 1358 2250 ad
1390 2210 1713 2251 sustentandam
1734 2211 1877 2253 Eccle-

152 2281 278 2321 siam:
302 2281 410 2321 sicut
431 2280 634 2332 apostolis
648 2281 858 2321 concessit
871 2279 1173 2320 infallibilitatis
1187 2280 1540 2332 praerogativam,
1562 2285 1608 2321 ut
1630 2287 1772 2323 essent
1793 2284 1880 2336 apti

153 2351 207 2392 ad
238 2351 452 2392 docendas
485 2361 633 2391 omnes
664 2355 820 2402 gentes.
863 2351 989 2403 Atqui
1020 2350 1297 2391 confirmandi
1328 2363 1480 2391 munus
1503 2356 1653 2403 sponte
1676 2365 1754 2393 sua
1776 2365 1878 2394 con-

153 2423 341 2474 sequitur
370 2422 611 2473 primatum,
644 2421 824 2474 ideoque
859 2423 1011 2462 transit
1045 2433 1141 2462 cum
1174 2422 1358 2473 primatu
1388 2422 1430 2462 in
1452 2421 1566 2462 Petri
1596 2435 1878 2475 successores,

153 2494 261 2534 sicut
282 2506 434 2534 munus
458 2493 637 2534 docendi
658 2493 701 2532 in
722 2504 993 2533 successores
1014 2493 1316 2544 apostolorum.
1338 2491 1446 2545 Ergo
1469 2498 1511 2533 et
1531 2493 1630 2534 illud
1653 2495 1877 2544 charisma,

153 2564 266 2617 quod
281 2563 470 2605 Christus
483 2564 723 2616 impetravit
737 2563 875 2612 Petro,
898 2568 944 2603 ut
966 2563 1276 2604 confirmatoris
1298 2575 1474 2604 munere
1496 2564 1574 2605 rite
1597 2566 1731 2616 possit
1752 2564 1876 2620 fungi,

152 2635 304 2676 transit
323 2635 367 2675 in
380 2634 493 2675 Petri
519 2646 800 2683 successores,
823 2635 930 2674 sicut
952 2634 1164 2674 charisma
1185 2632 1490 2674 infallibilitatis
1512 2636 1677 2676 muneri
1698 2636 1878 2678 docendi

154 2705 365 2746 adnexum
387 2706 539 2746 transit
559 2706 602 2745 in
624 2717 896 2746 successores
919 2705 1222 2757 apostolorum.

272 2800 312 2831 c,
334 2785 446 2828 Sane
468 2788 600 2828 verba
622 2788 941 2840 praecedentia:
976 2786 1078 2828 Ecce
1099 2792 1275 2828 satanas
1296 2789 1485 2842 expetivit
1506 2802 1589 2839 vos,
1614 2794 1656 2828 zet
1678 2791 1878 2830 cribraret

154 2859 258 2899 sicut
280 2859 461 2898 triticum
475 2858 588 2899 nullo
603 2859 922 2911 adstringuntur
935 2859 1127 2910 tempori,
1149 2857 1355 2900 illimitata
1377 2864 1485 2908 sunt,
1510 2859 1564 2900 ad
1587 2861 1876 2912 apostolorum

154 2940 423 2970 successores
439 2941 606 2981 quoque
620 2934 823 2981 spectant.
859 2929 998 2980 Quare
1022 2933 1063 2969 et
1084 2929 1330 2977 remedium,
1353 2930 1565 2979 auxilium,
1589 2943 1671 2983 quo
1689 2929 1877 2971 Christus

157 2999 243 3040 suis
267 2998 396 3042 adest.
438 2999 565 3052 Atqui
594 3000 676 3041 hoc
707 3001 946 3041 continetur
972 2999 1112 3040 verbis
1134 2998 1306 3040 Christi:
1339 3001 1426 3054 qu
1458 3006 1592 3041 (netem
1627 3002 1768 3053 rossan-i
1799 3005 1876 3041 etc.

155 3069 262 3122 Ergo
287 3074 328 3111 et
348 3070 454 3111 haec
477 3070 729 3123 spectabunt
756 3071 809 3112 ad
833 3083 981 3112 omnes
1003 3070 1115 3112 Petri
1136 3083 1418 3121 successores,
1451 3083 1585 3124 eoque
1608 3072 1741 3121 magis
1764 3071 1876 3123 quod

296 3141 457 3173 Hurter,
478 3141 624 3173 Compend.
644 3142 796 3175 theologiae
818 3142 840 3168 Ι.
863 3141 905 3166 10.
928 3141 972 3167 ed.
1599 3143 1642 3174 28
