2175 3382
696 111 895 156 Dispositio
914 111 959 144 ad
977 110 1186 155 theologiae
1205 111 1379 144 studium.
1875 116 1897 156 7

171 233 341 273 ritatem
363 230 680 272 creduntur:
712 229 949 280 theologiae
981 233 1135 277 autem,
1168 233 1376 281 quatenus
1408 241 1457 270 ex
1481 229 1622 270 divina
1642 230 1901 271 revelatione

172 303 659 344 demonstrantur.“
700 300 806 340 Hinc
829 299 1024 340 differunt
1046 300 1173 340 etiam
1197 299 1457 348 certitudine,
1490 312 1599 352 quae
1620 300 1743 352 longe
1765 301 1902 354 major

172 377 236 414 est
265 374 308 413 in
339 383 515 413 assensu
541 371 638 413 fidei
663 383 791 425 quam
814 372 857 411 in
879 371 1223 412 conclusionibus
1246 370 1512 422 theologicis:
1544 371 1586 410 in
1608 372 1677 413 illo
1700 373 1810 413 enim
1833 373 1900 414 in-

171 443 316 484 nititur
336 443 460 484 unice
491 443 744 484 auctoritate
765 442 852 490 Dei,
880 442 923 482 in
945 442 1009 482 his
1031 453 1132 482 vero
1157 442 1285 482 etiam
1306 442 1485 482 veritate
1507 443 1808 495 principiorum
1831 456 1900 485 ra-

169 514 392 556 tionalium
413 518 455 555 et
475 513 665 555 bonitate
686 513 895 554 illationis.
917 512 977 552 Ex
999 512 1119 553 dictis
1143 517 1285 553 autem
1307 517 1434 565 patet,
1458 517 1621 554 tantum
1640 525 1732 555 esse
1747 526 1901 555 nexum

170 586 280 626 inter
299 585 556 636 theologiam
580 588 622 625 et
643 583 780 633 fidem,
813 588 859 624 ut
880 583 960 624 nisi
981 583 1050 624 illa
1073 583 1115 623 in
1137 583 1218 623 hac
1240 583 1464 633 radicetur,
1496 583 1560 624 vel
1583 585 1900 625 accuratissima

169 655 440 697 revelationis
463 655 646 707 cognitio
669 667 757 695 non
779 659 868 694 tam
890 654 943 695 sit
964 654 1178 705 theologia
1199 654 1369 706 proprie
1385 654 1495 694 dicta
1511 654 1752 702 christiana,
1775 667 1902 707 quam

169 726 310 779 potius
331 726 509 767 scientia
530 725 742 778 quaedam
764 725 979 773 historica,
1011 724 1346 775 archaeologica,
1382 724 1528 765 critica
1551 729 1640 773 etc„
1674 724 1808 777 qualis
1829 725 1901 765 ha-

169 797 260 838 beri
280 797 436 849 poterit
457 796 508 837 de
531 796 680 849 quovis
702 800 933 849 systemate
955 795 1149 847 religioso
1174 807 1236 835 ex.
1259 808 1314 848 gr.
1338 795 1699 844 manichaeorum,
1722 795 1902 836 buddhi-

169 871 343 917 starum,
364 867 823 908 mohammedanorum
845 867 873 922 1)
898 871 975 907 etc.

286 936 369 982 Vll.
391 938 618 991 Dispositio
650 938 706 978 acl
738 936 961 992 tlzeoloqiae
992 937 1188 979 studium.
1215 963 1273 967 —
1294 936 1386 987 Quo
1410 948 1511 977 vero
1534 937 1819 988 praestantior
1841 942 1904 977 est

169 1009 380 1060 theologia
411 1012 537 1061 atque
568 1008 740 1049 uberior
763 1008 955 1060 ejusdem
978 1007 1137 1049 fructus
1153 1008 1200 1064 ²),
1233 1020 1283 1049 eo
1306 1008 1456 1048 melior
1477 1019 1645 1060 quoque
1668 1007 1798 1048 animi
1820 1007 1903 1048 dis-

168 1079 322 1131 positio
346 1083 388 1120 et
408 1079 679 1132 praeparatio
711 1079 952 1132 requiritur.
995 1078 1303 1119 Praetermissa
1326 1090 1378 1119 ea
1400 1078 1686 1130 dispositione,
1710 1089 1818 1130 quae
1840 1078 1903 1117 in-

168 1149 358 1191 tellectus
389 1150 554 1191 cultura
584 1161 660 1202 per
691 1162 841 1190 sanam
872 1149 1185 1202 philosophiam
1214 1150 1464 1198 continetur,
1490 1149 1714 1201 plurimum
1738 1151 1792 1189 ad
1815 1148 1903 1201 ejus

168 1220 354 1261 studium
375 1221 620 1261 conducunt
633 1221 729 1261 viva
751 1219 768 1261 f
775 1220 827 1261 id
840 1232 916 1261 es:
938 1233 1039 1261 nam
1069 1224 1209 1270 „tanto
1229 1220 1406 1272 quisque
1421 1219 1594 1268 facilius,
1616 1220 1749 1272 inquit
1763 1232 1793 1259 s.
1807 1218 1903 1259 Au-

167 1291 417 1342 gustinus
449 1291 500 1332 de
532 1304 668 1344 agone
699 1292 839 1335 christ.
862 1303 895 1332 C.
923 1295 988 1340 13,
1022 1291 1178 1344 aliquid
1201 1290 1460 1343 proficiendo
1485 1290 1713 1342 cognoscit,
1745 1293 1902 1342 quanto

167 1362 413 1413 religiosius,
445 1350 676 1416 antequam
699 1367 988 1415 cognosceret,
1019 1362 1106 1403 Deo
1131 1362 1354 1410 credidit;“
1379 1362 1545 1403 fervens
1569 1361 1771 1409 oratio,
1803 1373 1903 1401 nam

168 1433 204 1472 si
225 1433 317 1488 qais
337 1437 514 1474 vestrum
540 1434 693 1488 inclc'yet
714 1435 937 1487 sapientia,
962 1434 1141 1487 postulet
1164 1448 1189 1474 a
1212 1433 1313 1485 Deo,
1336 1434 1406 1488 qui
1428 1437 1499 1473 dat
1523 1432 1706 1473 ommibus
1729 1431 1903 1484 affluen-

168 1507 228 1543 ter
258 1502 359 1557 (JaC.
394 1506 429 1551 1,
463 1505 527 1561 5);
558 1505 866 1554 humilitas,
898 1503 1010 1545 Deus
1044 1504 1167 1553 enim,
1200 1504 1271 1556 qui
1301 1503 1524 1544 humilibus
1558 1503 1631 1544 slat
1658 1502 1902 1556 512·caetia2›z³†>.

315 1642 338 1679 ¹)
358 1639 411 1672 Ea
428 1639 634 1684 disciplina,
654 1650 748 1683 quae
767 1651 809 1673 ex
827 1639 933 1673 libris
952 1639 1163 1682 symbolicis
1181 1639 1354 1672 historice
1375 1639 1410 1671 et
1430 1638 1553 1671 critice
1572 1636 1730 1681 exponit,
1751 1637 1839 1680 quid
1859 1636 1902 1669 (le

168 1692 403 1737 dogmatibus
421 1693 558 1737 integri
575 1694 701 1727 coetus
721 1694 919 1727 statuerint
943 1692 1165 1737 publiceque
1192 1692 1347 1735 professi
1375 1692 1461 1730 sint,
1490 1702 1509 1724 a
1537 1690 1723 1724 nonnullis
1750 1690 1903 1724 vocatur

164 1746 357 1790 theologia
375 1746 667 1791 symbolica.

311 1802 338 1841 2)
356 1798 425 1840 Qui
444 1799 641 1843 diligenter
669 1800 705 1834 et
732 1801 774 1833 ut
802 1810 868 1843 par
896 1801 951 1833 est
978 1798 1162 1832 studuerit
1187 1797 1408 1842 theologiae,
1435 1799 1600 1842 repetere
1626 1797 1765 1841 poterit
1790 1796 1901 1830 verba

167 1851 355 1896 Sapientis
372 1852 456 1896 Sap.
471 1853 505 1893 7,
522 1855 561 1886 11
583 1864 628 1886 s.:
656 1854 829 1886 Venerunt
846 1857 961 1886 autem
980 1853 1066 1884 mihi
1082 1853 1199 1885 omnia
1216 1852 1307 1884 bona
1319 1852 1460 1895 pariter
1477 1863 1553 1884 cum
1572 1852 1636 1884 villa
1654 1856 1683 1884 et
1702 1851 1902 1883 innumera-

166 1907 244 1939 bilis
259 1907 419 1940 honestas
431 1917 498 1949 per
517 1918 642 1940 manus
660 1907 764 1940 illius.
798 1906 846 1940 Et
863 1907 1013 1939 laetatus
1039 1916 1117 1938 sum
1147 1908 1181 1939 in
1211 1906 1392 1938 omnibus:
1418 1906 1582 1948 quoniam
1610 1904 1826 1937 antecedebat
1851 1914 1904 1935 mv

169 1962 236 1993 ista
251 1960 435 2004 sapientia,
455 1965 485 1993 et
504 1960 722 2004 iynorabam,
742 1961 907 2003 quoniam
925 1960 1051 1993 horum
1079 1961 1235 1992 omnium
1262 1964 1375 1992 mater
1392 1963 1439 1991 est
1459 1985 1465 1992 .
1487 1984 1493 1991 .
1515 1987 1522 1994 ,
1541 1958 1706 2000 Infinitus
1724 1959 1815 1990 enim
1833 1957 1902 1989 the-

166 2023 298 2046 saurus
314 2018 363 2046 est
378 2013 592 2047 hominibus:
617 2025 695 2057 quo,
714 2015 776 2056 qui
793 2014 847 2046 usi
862 2018 954 2055 sunt,
967 2013 1163 2055 participes
1180 2012 1269 2053 facti
1283 2016 1363 2045 sunt
1381 2012 1553 2044 amicitiae
1571 2011 1647 2054 Dei,
1661 2015 1811 2053 propter
1829 2010 1899 2042 dis-

166 2066 315 2109 czplinae
332 2066 424 2099 dona
441 2067 678 2100 commendati.
714 2065 766 2099 ef.
786 2065 899 2099 etiam
918 2065 1027 2098 Eccli.
1049 2069 1081 2103 4,
1103 2067 1144 2098 12
1166 2076 1210 2098 ss.

313 2119 338 2163 ¹)
355 2118 432 2152 Jac.
447 2122 479 2161 4,
495 2121 533 2163 6;
551 2119 686 2153 Matth.
703 2121 756 2159 11,
773 2122 827 2153 25.
847 2118 1042 2162 Multiplex
1055 2127 1138 2151 vero
1151 2118 1204 2151 est
1222 2118 1329 2159 ratio,
1349 2128 1461 2161 quare
1479 2117 1504 2150 h
1515 2130 1537 2151 u
1548 2129 1584 2150 m
1595 2118 1607 2151 i
1619 2118 1631 2150 1
1643 2117 1655 2150 i
1667 2118 1681 2150 t
1693 2128 1711 2150 a
1725 2128 1740 2150 s
1760 2117 1901 2161 optima

168 2170 278 2204 simul
296 2172 333 2205 et
349 2172 557 2206 necessaria
574 2171 622 2206 sit
640 2172 687 2205 ad
700 2172 912 2217 theologiae
926 2171 1089 2205 studium
1105 2171 1317 2215 dispositio:
1337 2178 1414 2204 tam
1429 2171 1517 2214 quia
1530 2170 1719 2214 theologia
1732 2180 1904 2214 praesup-

167 2224 273 2268 ponit
290 2224 433 2259 firmam
450 2225 646 2269 vivamque
665 2225 792 2259 fidem:
812 2225 898 2258 talis
916 2235 999 2258 vero
1019 2224 1107 2258 fides
1124 2224 1304 2258 humilem
1329 2224 1443 2268 exigit
1462 2223 1635 2258 animum.
1664 2223 1727 2266 qui
1744 2223 1904 2256 libenter

167 2277 329 2322 captivet
345 2278 575 2313 intellectum
593 2279 661 2313 sub
679 2279 747 2312 Dei
764 2278 1004 2316 auctoritate:
1033 2280 1112 2312 tum
1133 2279 1220 2322 quia
1238 2278 1433 2322 theologus
1451 2278 1609 2322 pendere
1638 2276 1744 2310 debet
1773 2276 1819 2309 ab
1843 2285 1903 2308 ore

166 2331 363 2373 Ecclesiae,
382 2332 486 2377 cujus
504 2332 692 2366 custodiae
710 2330 959 2365 concreditum
979 2333 1034 2366 est
1051 2331 1288 2365 revelationis
1308 2331 1527 2375 depositum,
1551 2331 1595 2364 de
1615 2340 1686 2374 quo
1706 2329 1902 2363 excolendo

165 2384 360 2430 theologus
378 2386 434 2419 est
451 2384 646 2424 sollicitus;
664 2385 752 2419 hinc
769 2384 867 2419 belle
887 2384 914 2419 O
927 2385 1003 2430 rig
1015 2395 1032 2418 e
1044 2397 1068 2418 n
1079 2395 1097 2418 e
1110 2396 1126 2418 s
1143 2385 1241 2418 hom.
1261 2388 1305 2419 20
1324 2385 1362 2418 in
1377 2384 1462 2418 Luc.
1482 2383 1678 2428 respiciens
1693 2383 1776 2416 Luc.
1792 2386 1822 2423 ⁶2,
1839 2384 1903 2416 46:

168 2438 408 2483 ,Ubicunque
419 2439 587 2485 magistri
598 2440 747 2480 fuerint,
761 2439 895 2482 inquit,
913 2439 952 2473 in
969 2439 1093 2473 medio
1112 2439 1373 2483 magistrorum
1390 2438 1576 2471 invenitur
1589 2437 1710 2471 Jesus:
1731 2437 1761 2470 si
1779 2437 1903 2469 tamen

167 2492 343 2536 magister
360 2492 485 2526 sedeat
502 2492 541 2526 in
553 2492 695 2537 templo
711 2493 747 2533 (i.
763 2503 792 2526 e.
807 2493 845 2526 in
860 2492 1021 2526 Ecclesia
1036 2492 1079 2530 cf:
1096 2492 1193 2528 hom.
1214 2493 1269 2538 18)
1284 2493 1321 2526 et
1334 2502 1526 2535 nunquam
1540 2490 1749 2535 egrediatur
1764 2500 1806 2523 ex
1822 2498 1879 2522 eo:
1897 2496 1901 2508 ³

165 2545 246 2578 tum
262 2545 413 2590 propter
430 2546 690 2589 mysteriorum
708 2546 987 2586 sublimitatem,
1016 2556 1063 2579 ne
1081 2545 1274 2590 contingat
1292 2544 1404 2579 illud:
1435 2545 1503 2585 Qui
1519 2549 1698 2577 scrutator
1724 2547 1773 2575 est
1799 2543 1903 2582 mafe-

165 2599 276 2640 statis,
296 2601 515 2642 opprt'metm·
532 2611 554 2633 a
569 2601 686 2642 ylorz'a
699 2599 800 2633 Prov.
818 2602 873 2640 25,
891 2600 946 2634 27.
966 2598 1017 2633 Cf.
1038 2598 1165 2643 Hugo
1185 2610 1205 2632 a
1224 2610 1250 2632 s.
1265 2598 1413 2631 Victore
1428 2596 1645 2631 eruditionis
1660 2596 1901 2629 didascalicae

166 2652 189 2685 1.
209 2654 230 2684 2
249 2663 279 2686 c.
299 2655 344 2686 14
360 2652 522 2698 (Migne
540 2653 675 2696 patrol.
698 2654 774 2694 176,
793 2654 895 2694 773);
915 2653 1032 2687 Ruiz
1052 2654 1096 2686 de
1115 2652 1269 2686 scientia
1286 2651 1353 2685 Dei
1373 2651 1465 2695 disp.
1486 2653 1530 2685 30
1550 2650 1636 2684 sect.
1653 2652 1683 2682 2.
1714 2649 1759 2682 Et
1778 2658 1899 2681 revera

165 2704 378 2749 theologiae
396 2705 552 2739 historia
571 2706 745 2746 ostendit,
775 2717 936 2740 summos
955 2706 1161 2750 theologos,
1192 2707 1234 2739 ut
1254 2707 1469 2748 Gregorium
1488 2704 1759 2743 nazianzenum,
1781 2704 1899 2745 Augu-

167 2758 316 2798 stinum,
336 2757 525 2799 Thomam,
545 2758 854 2799 Bonaventuram,
881 2759 1050 2793 Suarium
1070 2766 1149 2800 etc.,
1175 2759 1274 2792 viros
1301 2757 1413 2791 fuisse
1431 2757 1541 2802 plane
1569 2756 1746 2789 humiles:
1776 2758 1900 2788 contra

167 2810 377 2855 superbiam
404 2821 480 2845 esse
506 2811 667 2846 radicem
693 2812 889 2846 fecundam
915 2813 1106 2846 haeresum
1134 2812 1245 2855 atque
1274 2822 1448 2845 errorum.
1484 2809 1586 2843 Unde
1606 2808 1731 2842 scribit
1750 2809 1899 2850 Augu-

167 2874 182 2896 s
194 2862 302 2897 tinu
313 2875 329 2897 s
348 2863 495 2897 devera
506 2863 613 2908 relig.
628 2875 658 2899 c.
672 2868 734 2899 25:
755 2890 767 2904 ,
778 2864 817 2898 Si
834 2864 1007 2908 superbia
1025 2874 1098 2897 non
1117 2865 1221 2903 esset,
1239 2874 1312 2897 non
1328 2864 1447 2896 essent
1461 2860 1636 2895 haeretici
1651 2870 1769 2903 neque
1788 2858 1900 2891 sthi<-

166 2916 333 2956 matici;‘
353 2918 389 2951 et
407 2929 434 2951 s.
447 2920 491 2952 46
510 2929 545 2951 n.
562 2920 623 2951 18:
646 2917 828 2956 „Diversis
842 2918 932 2951 locis
949 2919 1033 2952 sunt
1048 2917 1211 2951 diversae
1225 2917 1410 2953 haereses;
1431 2915 1491 2948 sed
1510 2925 1581 2947 una
1598 2915 1715 2946 mater
1732 2912 1897 2955 superbia

168 2980 294 3004 omnes
311 2970 457 3016 genuit:
486 2971 581 3005 sicut
597 2982 671 3005 una
690 2972 807 3005 mater
824 2974 949 3005 nostra
967 2971 1160 3005 Catholica
1179 2980 1302 3003 omnes
1321 2968 1541 3003 christianos
1566 2966 1690 2999 fideles
1717 2967 1794 2997 toto
1814 2963 1898 2996 orbe

167 3021 352 3059 diffusos.‘
387 3023 468 3057 Huc
487 3033 633 3067 quoque
650 3024 777 3057 referri
795 3025 952 3068 possunt
969 3023 1131 3068 ejusdem
1149 3033 1258 3056 aurea
1274 3022 1387 3056 verba
1406 3032 1462 3065 ep.
1484 3022 1549 3054 147
1567 3030 1600 3051 n.
1624 3021 1638 3051 1
1657 3032 1662 3051 :
1699 3016 1787 3057 „Qui
1807 3016 1899 3048 didi-

168 3075 286 3109 cerint
305 3086 327 3109 a
343 3075 500 3110 Domino
521 3077 606 3111 Jesu
626 3076 770 3111 Christo
788 3076 895 3110 mites
915 3086 989 3110 esse
1009 3077 1047 3110 et
1065 3075 1223 3109 humiles
1243 3075 1361 3115 corde,
1391 3074 1474 3117 plus
1494 3069 1688 3116 cogitando
1708 3072 1743 3103 et
1761 3068 1899 3102 orando
