2175 3382
243 130 297 168 232
613 122 730 155 'ri-act.
751 121 775 154 Ι.
795 121 978 165 Apologia
996 121 1098 165 relig.
1119 121 1242 155 christ.
1261 121 1325 155 Th.
1350 120 1406 154 Vl.
1426 121 1605 155 Miracula

243 242 398 282 (latum.
421 241 527 291 Ergo
552 252 768 293 nunquam
794 245 882 281 tuto
907 253 1133 293 possumus
1157 251 1414 292 cognoscere
1438 241 1698 282 miraculum.
1731 241 1780 282 Et
1801 254 1906 284 sane
1929 255 1978 284 ex

243 324 391 364 virium
416 324 638 376 legumque
662 324 917 364 naturalium
942 324 1206 375 ignoratione
1231 324 1384 364 sactum
1410 328 1484 372 est,
1511 328 1557 364 ut
1579 324 1699 376 plura
1722 324 1982 367 haberentur

242 396 340 436 olim
374 408 450 447 pro
486 396 712 441 miraculis,
744 408 854 448 quae
883 396 1010 436 modo
1034 396 1284 436 naturaliter
1306 396 1580 448 explicantur.
1604 395 1857 447 Contingere
1881 408 1979 449 ergo

242 471 389 518 potest,
413 471 458 506 ut
480 466 637 519 aliquid
661 467 702 507 in
725 467 940 519 praesenti
955 478 1004 507 ex
1028 466 1151 506 simili
1167 467 1407 518 ignorantia
1425 467 1637 519 judicetur
1652 471 1855 519 superare
1870 467 1979 508 vires

240 537 436 589 legesque
468 541 649 578 naturae
681 541 807 590 atque
841 537 995 577 idcirco
1029 548 1123 577 esse
1157 537 1418 586 miraculum,
1451 538 1564 590 quod
1588 543 1733 579 tamen
1755 538 1980 590 posteritas

242 607 375 659 magis
399 607 565 648 exculta
588 607 805 648 effectibus
827 607 1092 648 naturalibus
1115 608 1369 650 accensebit.

360 677 517 718 Verum
541 679 622 719 hac
645 679 839 730 speciosa
860 679 1109 730 exceptione
1130 691 1217 719 non
1238 678 1436 719 obstante
1459 679 1767 728 contendimus,
1791 684 1881 721 tuto
1904 691 1984 720 nos

241 760 366 801 posse
390 748 632 790 discernere
656 749 860 790 miracula
883 748 938 789 ab
961 748 1179 790 effectibus
1202 760 1318 790 mere
1342 749 1619 797 naturalibus,
1642 751 1677 791 si
1699 763 1786 791 non
1806 750 1985 802 singula,

241 819 389 860 saltem
414 820 447 860 si
472 820 629 871 plura
662 824 940 861 concurrunt:
975 820 1009 860 si
1032 832 1117 860 non
1142 820 1340 860 omnibus
1362 820 1404 860 in
1428 820 1650 873 adjunctis,
1683 821 1834 863 saltem
1857 823 1982 863 certis

240 891 282 930 in
305 890 525 942 adjunctis,
548 891 799 942 praesertim
815 891 905 931 siin
921 890 1289 932 confirmationem
1313 890 1492 943 alicujus
1514 890 1733 933 doctrinae
1757 891 1869 934 fiunt.
1911 892 1981 933 Di-

241 961 386 1006 cimus,
409 961 444 1001 si
467 974 553 1001 non
576 960 752 1012 singula,
780 961 931 1002 saltem
953 962 988 1002 si
1010 961 1169 1014 plura
1194 966 1462 1002 concurrunt.
1495 961 1696 1003 Fatemur
1718 963 1830 1004 enim
1853 975 1981 1016 saepe

240 1031 415 1076 difficile.
439 1034 524 1073 imo
547 1031 807 1084 impossibile
829 1044 934 1080 esse,
958 1037 1074 1073 certo
1098 1032 1320 1081 affirmare,
1345 1033 1495 1074 miram
1512 1033 1697 1085 aliquam
1713 1034 1980 1075 sanationem

238 1114 331 1143 esse
353 1103 674 1150 miraculosam3
697 1103 771 1144 sed
786 1115 869 1156 quo
887 1103 1006 1155 plura
1021 1108 1291 1152 concurrunt,
1315 1116 1365 1145 eo
1383 1104 1544 1145 facilius
1558 1104 1747 1145 redditur
1755 1104 1979 1157 judicium,

241 1173 474 1216 excluditur
506 1174 677 1215 errandi
708 1174 954 1226 periculum,
987 1174 1141 1216 clarius
1172 1176 1468 1217 manifestatur
1498 1176 1761 1217 interventus
1804 1175 1980 1218 divinus.

240 1244 438 1293 DicimuS,
467 1245 501 1284 si
523 1257 608 1286 non
633 1245 830 1287 omnibus
854 1246 897 1286 in
920 1246 1142 1299 adjunctiS,
1175 1246 1324 1288 saltem
1349 1247 1521 1288 certis
1543 1247 1586 1287 in
1609 1246 1830 1299 adjunctis.
1872 1245 1981 1288 Nam

240 1327 326 1355 non
349 1319 412 1355 est
433 1327 603 1368 semper
625 1328 814 1365 necesse,
836 1322 881 1358 ut
903 1317 1156 1358 miraculum
1179 1323 1295 1358 certo
1318 1318 1578 1366 innotescat3
1613 1317 1859 1371 nullumque
1880 1330 1980 1370 pro-

240 1386 349 1426 t'ecto
365 1386 558 1427 imminet
573 1387 790 1439 damnum,
812 1389 979 1429 etiamsi
994 1389 1145 1441 aliquis
1161 1388 1333 1430 effectus
1348 1389 1566 1439 naturalis,
1591 1389 1829 1442 cujusmodi
1844 1394 1982 1441 potest

240 1469 334 1498 esse
356 1458 465 1498 mira
488 1458 631 1511 aliqua
654 1464 695 1500 et
717 1460 941 1501 subitanea
963 1461 1144 1509 sanatio,
1180 1460 1435 1514 quandoque
1452 1460 1666 1512 judicetur
1689 1461 1981 1505 miraculosus.

243 1527 366 1568 Hisce
399 1528 524 1580 igitur
553 1529 596 1569 in
627 1529 798 1570 casibus
829 1530 941 1571 Deus
972 1542 1060 1571 non
1091 1535 1259 1571 tenetur
1289 1530 1493 1583 impedire
1526 1542 1735 1579 errorem;
1766 1535 1981 1572 teneretur

242 1602 385 1640 tamen
407 1600 442 1640 si
464 1600 602 1652 agitur
624 1600 676 1642 de
700 1613 750 1642 eo
775 1614 888 1649 casu,
913 1601 964 1643 de
988 1614 1070 1654 quo
1094 1602 1164 1642 hic
1186 1602 1227 1642 in
1250 1602 1395 1654 primis
1415 1602 1638 1654 loquimur,
1662 1602 1804 1655 siquis
1819 1603 1862 1642 in
1876 1614 1979 1643 con-

241 1668 525 1711 firmationem
550 1671 770 1713 doctrinae
793 1673 899 1713 mira
923 1684 1055 1724 opera
1076 1677 1277 1725 patraret.

360 1744 427 1786 26.
452 1743 814 1786 Demonstratio
838 1757 884 1799 p.
900 1744 964 1787 ΙΙ.
989 1744 1030 1786 1.
1047 1743 1101 1785 Ut
1123 1748 1333 1785 assertum
1359 1749 1551 1785 nostrum
1565 1743 1808 1796 probemus,
1826 1744 1979 1796 juverit

242 1812 357 1863 prius
389 1812 442 1852 ad
478 1815 742 1866 propositam
765 1815 1026 1867 respondere
1047 1815 1354 1867 exceptionem,
1378 1815 1651 1856 ostendentes
1674 1826 1769 1856 eam
1793 1826 1887 1856 esse
1909 1827 1980 1856 ca-

240 1882 435 1934 ptiosam.
477 1883 663 1926 Necesse
698 1886 784 1926 scil.
807 1898 894 1926 non
917 1890 991 1935 est,
1024 1898 1174 1927 omnes
1195 1887 1307 1927 vires
1342 1890 1382 1927 et
1404 1885 1517 1938 leges
1539 1891 1719 1927 naturae
1741 1886 1979 1938 positive

241 1965 513 2006 cognoscere,
545 1960 591 1996 ut
612 1961 703 1997 tuto
727 1956 939 1998 affirmare
963 1957 1186 2009 possimus,
1219 1962 1418 1998 eventum
1442 1956 1625 2009 aliquem
1648 1969 1742 1998 esse
1764 1969 1895 2010 supra
1916 1957 1981 1998 vel

243 2030 391 2066 contra
423 2027 617 2075 easdemf.
653 2039 859 2080 persaepe
891 2027 1041 2069 sufficit
1065 2040 1335 2080 cognoscere,
1368 2027 1646 2080 quoadusque
1668 2032 1848 2069 naturae
1869 2028 1979 2069 vires

241 2108 328 2136 non
350 2097 600 2150 pertingant,
624 2104 665 2140 et
686 2099 822 2151 legem
844 2099 959 2140 illam
981 2111 1058 2140 seu
1080 2112 1251 2140 cursum
1274 2104 1466 2148 naturae,
1488 2101 1560 2152 qui
1582 2100 1698 2140 hisce
1712 2100 1756 2140 in
1771 2099 1978 2152 adjunctis

242 2179 410 2220 semper
431 2170 540 2210 solet
562 2171 734 2214 servari.
758 2172 819 2212 lta
840 2172 1054 2212 nescimus
1077 2176 1290 2219 accurate,
1313 2175 1519 2224 quantum
1537 2171 1678 2212 oneris
1694 2175 1865 2223 portare
1879 2182 1978 2223 pos-

242 2240 296 2279 sit
316 2239 458 2289 homo,
491 2242 565 2288 sed
588 2247 704 2283 certo
728 2243 897 2292 scimus,
929 2247 1118 2284 montem
1143 2242 1197 2283 ab
1220 2242 1289 2283 illo
1312 2254 1399 2282 non
1422 2253 1548 2294 posse
1570 2241 1808 2290 transferri3
1842 2241 1979 2282 nesci-

242 2322 336 2350 mus
368 2314 569 2353 accurate
599 2312 752 2353 limites
784 2318 954 2354 noctem
987 2314 1097 2354 inter
1119 2317 1246 2365 atque
1269 2313 1392 2360 diem,
1425 2317 1649 2365 utramque
1672 2317 1817 2353 tamen
1839 2311 1894 2352 ab
1915 2311 1980 2352 in-

244 2381 378 2421 vicem
410 2386 500 2423 tuto
533 2383 836 2434 discernimus;
868 2384 1114 2435 ignoramus
1141 2384 1248 2425 sorte
1270 2388 1406 2425 totum
1428 2383 1567 2436 legum
1589 2383 1780 2424 codicem
1803 2382 1979 2435 alicujus

242 2452 511 2504 reipublicae,
543 2455 814 2496 nihilominus
845 2467 974 2508 saepe
1007 2461 1124 2496 certo
1156 2456 1313 2496 scimus
1344 2455 1457 2495 hunc
1478 2454 1545 2495 vel
1575 2454 1692 2495 illum
1721 2458 1863 2495 actum
1885 2465 1979 2495 esse

244 2527 393 2563 contra
425 2524 614 2576 ejusdem
646 2525 792 2578 legem.
835 2526 896 2567 Ita
928 2527 1141 2567 constanti
1172 2525 1433 2578 experientia
1459 2529 1666 2573 tenemus,
1697 2525 1837 2576 ignem
1859 2536 1978 2565 com-

243 2594 409 2644 burere,
430 2608 569 2649 neque
591 2598 787 2639 homines
809 2599 852 2638 in
876 2611 926 2639 eo
949 2610 1076 2651 posse
1098 2598 1282 2638 servari:
1305 2597 1340 2637 si
1362 2609 1462 2649 ergo
1478 2596 1682 2644 videmus,
1704 2600 1790 2636 tres
1800 2595 1978 2647 juvenes

245 2666 287 2705 in
317 2664 490 2707 fornace
521 2666 777 2721 babylonica
804 2681 892 2710 non
915 2669 1119 2718 comburi,
1151 2669 1225 2710 sed
1247 2668 1410 2709 servari
1431 2667 1686 2708 incolumes:
1709 2665 1979 2707 manifestum

244 2740 319 2786 est,
353 2736 509 2789 aliquid
540 2737 628 2779 fieri
660 2745 810 2780 contra
840 2744 1019 2781 naturae
1051 2740 1198 2792 legem.
1240 2739 1345 2780 Hinc
1377 2738 1544 2780 etiamsi
1571 2737 1742 2790 aliquod
1764 2749 1871 2789 opus
1892 2748 1979 2777 non

245 2807 423 2848 excedat
444 2819 520 2860 per
541 2820 587 2849 se
610 2822 634 2849 o
648 2822 795 2851 mnes
817 2816 998 2851 naturae
1021 2808 1247 2851 creatae
1270 2822 1333 2852 ex.
1355 2821 1412 2861 gr.
1435 2807 1573 2860 angeli
1595 2808 1716 2856 vires,
1747 2806 1976 2848 dummodo

245 2877 504 2928 ostendatur,
536 2879 636 2920 illud
666 2880 735 2920 hic
767 2885 809 2921 et
840 2894 953 2922 nunc
985 2893 1079 2922 esse
1111 2886 1260 2922 contra
1291 2883 1560 2921 constantem
1590 2882 1770 2918 naturae
1796 2889 1977 2926 cursum,

245 2948 396 2989 sufficit
426 2949 481 2990 ad
502 2950 770 3002 probandum
793 2953 1022 3004 specialem
1045 2952 1119 2993 Dei
1141 2952 1423 2992 interventum
1446 2951 1534 2990 sive
1555 2948 1859 2997 immediatum,
1889 2949 1977 2989 sive

244 3019 476 3060 mediatum
498 3033 574 3073 per
595 3021 769 3073 angelos
792 3035 892 3063 suos
915 3022 1064 3070 bonos,
1087 3023 1158 3075 qui
1181 3022 1286 3062 citra
1308 3020 1535 3073 specialem
1551 3019 1641 3072 ejus
1655 3020 1977 3072 permissionem

244 3096 460 3143 nequeunt
492 3091 668 3136 turbare
689 3097 759 3133 vet
789 3092 1040 3145 praepedire
1076 3097 1326 3134 consuetum
1349 3095 1528 3132 naturae
1551 3090 1764 3134 ordinem:
1796 3090 1974 3143 ideoque
