<?xml version="1.0" encoding="UTF-8"?>
<!DOCTYPE html PUBLIC "-//W3C//DTD XHTML 1.0 Transitional//EN"
    "http://www.w3.org/TR/xhtml1/DTD/xhtml1-transitional.dtd">
<html xmlns="http://www.w3.org/1999/xhtml" xml:lang="en" lang="en">
 <head>
  <title>
</title>
<meta http-equiv="Content-Type" content="text/html;charset=utf-8" />
  <meta name='ocr-system' content='tesseract 3.04.00' />
  <meta name='ocr-capabilities' content='ocr_page ocr_carea ocr_par ocr_line ocrx_word'/>
</head>
<body>
  <div class='ocr_page' id='page_1' title='image "./theologiaedogmat01hurt/theologiaedogmat01hurt_0529.png"; bbox 0 0 2175 3382; ppageno 0'>
   <div class='ocr_carea' id='block_1_1' title="bbox 704 116 1919 161">
    <p class='ocr_par' dir='ltr' id='par_1_1' title="bbox 704 116 1919 161">
     <span class='ocr_line' id='line_1_1' title="bbox 704 116 1919 161; baseline -0.002 -10"><span class='ocrx_word' id='word_1_1' title='bbox 704 117 755 151; x_wconf 88' lang='lat' dir='ltr'>De</span> <span class='ocrx_word' id='word_1_2' title='bbox 772 117 904 151; x_wconf 83' lang='lat' dir='ltr'>habitu</span> <span class='ocrx_word' id='word_1_3' title='bbox 921 117 1017 150; x_wconf 81' lang='lat' dir='ltr'>inter</span> <span class='ocrx_word' id='word_1_4' title='bbox 1034 116 1143 150; x_wconf 85' lang='lat' dir='ltr'>fidem</span> <span class='ocrx_word' id='word_1_5' title='bbox 1161 116 1197 150; x_wconf 88' lang='lat' dir='ltr'>et</span> <span class='ocrx_word' id='word_1_6' title='bbox 1213 116 1406 150; x_wconf 82' lang='lat' dir='ltr'>rationem.</span> <span class='ocrx_word' id='word_1_7' title='bbox 1835 120 1919 161; x_wconf 80' lang='lat'>519</span> 
     </span>
    </p>
   </div>
   <div class='ocr_carea' id='block_1_2' title="bbox 182 233 1923 1208">
    <p class='ocr_par' dir='ltr' id='par_1_2' title="bbox 182 233 1923 1208">
     <span class='ocr_line' id='line_1_2' title="bbox 305 233 1919 288; baseline -0.001 -11"><span class='ocrx_word' id='word_1_8' title='bbox 305 236 423 287; x_wconf 89' lang='lat' dir='ltr'>Quae</span> <span class='ocrx_word' id='word_1_9' title='bbox 447 236 591 278; x_wconf 88' lang='lat' dir='ltr'>omnia</span> <span class='ocrx_word' id='word_1_10' title='bbox 615 235 839 276; x_wconf 75' lang='lat' dir='ltr'>confirmat</span> <span class='ocrx_word' id='word_1_11' title='bbox 861 234 954 275; x_wconf 90' lang='lat' dir='ltr'>Piu</span> <span class='ocrx_word' id='word_1_12' title='bbox 969 248 989 275; x_wconf 94' lang='lat' dir='ltr'>s</span> <span class='ocrx_word' id='word_1_13' title='bbox 1011 233 1077 274; x_wconf 87' lang='lat' dir='ltr'>IX.</span> <span class='ocrx_word' id='word_1_14' title='bbox 1111 235 1365 275; x_wconf 85' lang='lat' dir='ltr'>auctoritate</span> <span class='ocrx_word' id='word_1_15' title='bbox 1397 246 1475 275; x_wconf 85' lang='lat' dir='ltr'>sua</span> <span class='ocrx_word' id='word_1_16' title='bbox 1502 235 1660 275; x_wconf 89' lang='lat' dir='ltr'>docens</span> <span class='ocrx_word' id='word_1_17' title='bbox 1681 234 1737 277; x_wconf 87' lang='lat' dir='ltr'>lit.</span> <span class='ocrx_word' id='word_1_18' title='bbox 1761 235 1919 288; x_wconf 77' lang='lat' dir='ltr'>encycl.</span> 
     </span>
     <span class='ocr_line' id='line_1_3' title="bbox 185 305 1916 357; baseline -0.001 -9"><span class='ocrx_word' id='word_1_19' title='bbox 185 312 223 352; x_wconf 83' lang='grc'>9.</span> <span class='ocrx_word' id='word_1_20' title='bbox 246 306 350 351; x_wconf 81' lang='lat' dir='ltr'>Nov,</span> <span class='ocrx_word' id='word_1_21' title='bbox 376 311 509 352; x_wconf 78' lang='lat'>1846:</span> <span class='ocrx_word' id='word_1_22' title='bbox 532 306 643 355; x_wconf 87' lang='lat' dir='ltr'>„Etsi</span> <span class='ocrx_word' id='word_1_23' title='bbox 667 306 779 347; x_wconf 90' lang='lat' dir='ltr'>enim</span> <span class='ocrx_word' id='word_1_24' title='bbox 802 305 904 346; x_wconf 83' lang='lat' dir='ltr'>fides</span> <span class='ocrx_word' id='word_1_25' title='bbox 927 306 981 346; x_wconf 90' lang='lat' dir='ltr'>sit</span> <span class='ocrx_word' id='word_1_26' title='bbox 1002 317 1132 357; x_wconf 85' lang='lat' dir='ltr'>supra</span> <span class='ocrx_word' id='word_1_27' title='bbox 1154 305 1377 353; x_wconf 86' lang='lat' dir='ltr'>rationem,</span> <span class='ocrx_word' id='word_1_28' title='bbox 1404 305 1518 345; x_wconf 88' lang='lat' dir='ltr'>nulla</span> <span class='ocrx_word' id='word_1_29' title='bbox 1541 310 1684 346; x_wconf 80' lang='lat' dir='ltr'>tamen</span> <span class='ocrx_word' id='word_1_30' title='bbox 1707 317 1807 346; x_wconf 85' lang='lat' dir='ltr'>vera</span> <span class='ocrx_word' id='word_1_31' title='bbox 1830 306 1916 346; x_wconf 90' lang='lat' dir='ltr'>dis-</span> 
     </span>
     <span class='ocr_line' id='line_1_4' title="bbox 185 375 1918 430; baseline -0.001 -11"><span class='ocrx_word' id='word_1_32' title='bbox 185 379 326 419; x_wconf 83' lang='lat' dir='ltr'>sensio</span> <span class='ocrx_word' id='word_1_33' title='bbox 349 378 595 430; x_wconf 89' lang='lat' dir='ltr'>nullumque</span> <span class='ocrx_word' id='word_1_34' title='bbox 618 376 835 417; x_wconf 82' lang='lat' dir='ltr'>dissidium</span> <span class='ocrx_word' id='word_1_35' title='bbox 859 377 968 417; x_wconf 87' lang='lat' dir='ltr'>inter</span> <span class='ocrx_word' id='word_1_36' title='bbox 989 376 1104 428; x_wconf 87' lang='lat' dir='ltr'>ipsas</span> <span class='ocrx_word' id='word_1_37' title='bbox 1126 375 1305 415; x_wconf 89' lang='lat' dir='ltr'>inveniri</span> <span class='ocrx_word' id='word_1_38' title='bbox 1327 388 1514 427; x_wconf 88' lang='lat' dir='ltr'>unquam</span> <span class='ocrx_word' id='word_1_39' title='bbox 1537 381 1686 427; x_wconf 86' lang='lat' dir='ltr'>potest,</span> <span class='ocrx_word' id='word_1_40' title='bbox 1710 388 1805 417; x_wconf 90' lang='lat' dir='ltr'>cum</span> <span class='ocrx_word' id='word_1_41' title='bbox 1828 389 1918 417; x_wconf 87' lang='grc'>3111-</span> 
     </span>
     <span class='ocr_line' id='line_1_5' title="bbox 185 444 1919 500; baseline 0 -11"><span class='ocrx_word' id='word_1_42' title='bbox 185 449 266 489; x_wconf 84' lang='lat' dir='ltr'>bae</span> <span class='ocrx_word' id='word_1_43' title='bbox 291 448 345 489; x_wconf 85' lang='lat' dir='ltr'>ab</span> <span class='ocrx_word' id='word_1_44' title='bbox 369 461 455 489; x_wconf 91' lang='lat' dir='ltr'>uno</span> <span class='ocrx_word' id='word_1_45' title='bbox 479 448 714 500; x_wconf 89' lang='lat' dir='ltr'>eodemque</span> <span class='ocrx_word' id='word_1_46' title='bbox 746 446 1019 488; x_wconf 82' lang='lat' dir='ltr'>immutabilis</span> <span class='ocrx_word' id='word_1_47' title='bbox 1042 451 1327 498; x_wconf 75' lang='lat' dir='ltr'>aeternaeque</span> <span class='ocrx_word' id='word_1_48' title='bbox 1359 446 1547 486; x_wconf 85' lang='lat' dir='ltr'>veritatis</span> <span class='ocrx_word' id='word_1_49' title='bbox 1579 446 1693 486; x_wconf 84' lang='lat' dir='ltr'>fonte</span> <span class='ocrx_word' id='word_1_50' title='bbox 1716 446 1803 487; x_wconf 88' lang='lat' dir='ltr'>Deo</span> <span class='ocrx_word' id='word_1_51' title='bbox 1828 444 1919 499; x_wconf 84' lang='lat' dir='ltr'>Opt.</span> 
     </span>
     <span class='ocr_line' id='line_1_6' title="bbox 183 516 1920 571; baseline -0.002 -12"><span class='ocrx_word' id='word_1_52' title='bbox 183 518 367 559; x_wconf 85' lang='lat' dir='ltr'>Maximo</span> <span class='ocrx_word' id='word_1_53' title='bbox 392 519 594 568; x_wconf 85' lang='lat' dir='ltr'>oriantur,</span> <span class='ocrx_word' id='word_1_54' title='bbox 617 524 743 571; x_wconf 81' lang='lat' dir='ltr'>atque</span> <span class='ocrx_word' id='word_1_55' title='bbox 768 519 826 558; x_wconf 88' lang='lat' dir='ltr'>ita</span> <span class='ocrx_word' id='word_1_56' title='bbox 848 517 928 558; x_wconf 87' lang='lat' dir='ltr'>sibi</span> <span class='ocrx_word' id='word_1_57' title='bbox 949 522 1142 557; x_wconf 89' lang='lat' dir='ltr'>mutuam</span> <span class='ocrx_word' id='word_1_58' title='bbox 1167 528 1292 568; x_wconf 89' lang='lat' dir='ltr'>opem</span> <span class='ocrx_word' id='word_1_59' title='bbox 1315 516 1463 564; x_wconf 87' lang='lat' dir='ltr'>ferant,</span> <span class='ocrx_word' id='word_1_60' title='bbox 1488 521 1532 556; x_wconf 87' lang='lat' dir='ltr'>ut</span> <span class='ocrx_word' id='word_1_61' title='bbox 1554 522 1671 556; x_wconf 85' lang='lat' dir='ltr'>recta</span> <span class='ocrx_word' id='word_1_62' title='bbox 1693 517 1801 557; x_wconf 86' lang='lat' dir='ltr'>ratio</span> <span class='ocrx_word' id='word_1_63' title='bbox 1826 517 1920 557; x_wconf 83' lang='lat' dir='ltr'>lidei</span> 
     </span>
     <span class='ocr_line' id='line_1_7' title="bbox 183 586 1920 638; baseline -0.001 -8"><span class='ocrx_word' id='word_1_64' title='bbox 183 589 406 630; x_wconf 85' lang='lat' dir='ltr'>veritatem</span> <span class='ocrx_word' id='word_1_65' title='bbox 421 589 694 638; x_wconf 80' lang='lat' dir='ltr'>demonstret,</span> <span class='ocrx_word' id='word_1_66' title='bbox 715 593 895 636; x_wconf 87' lang='lat' dir='ltr'>tueatur,</span> <span class='ocrx_word' id='word_1_67' title='bbox 919 587 1138 635; x_wconf 84' lang='lat' dir='ltr'>defendat;</span> <span class='ocrx_word' id='word_1_68' title='bbox 1162 587 1264 627; x_wconf 82' lang='lat' dir='ltr'>tides</span> <span class='ocrx_word' id='word_1_69' title='bbox 1289 599 1388 628; x_wconf 85' lang='lat' dir='ltr'>vero</span> <span class='ocrx_word' id='word_1_70' title='bbox 1411 587 1622 627; x_wconf 82' lang='lat' dir='ltr'>rationem</span> <span class='ocrx_word' id='word_1_71' title='bbox 1646 586 1700 627; x_wconf 87' lang='lat' dir='ltr'>ab</span> <span class='ocrx_word' id='word_1_72' title='bbox 1724 587 1920 628; x_wconf 89' lang='lat' dir='ltr'>omnibus</span> 
     </span>
     <span class='ocr_line' id='line_1_8' title="bbox 184 657 1919 712; baseline -0.002 -11"><span class='ocrx_word' id='word_1_73' title='bbox 184 660 403 701; x_wconf 84' lang='lat' dir='ltr'>erroribus</span> <span class='ocrx_word' id='word_1_74' title='bbox 434 660 595 708; x_wconf 86' lang='lat' dir='ltr'>liberet,</span> <span class='ocrx_word' id='word_1_75' title='bbox 627 671 808 712; x_wconf 86' lang='lat' dir='ltr'>eamque</span> <span class='ocrx_word' id='word_1_76' title='bbox 841 659 1080 699; x_wconf 85' lang='lat' dir='ltr'>divinarum</span> <span class='ocrx_word' id='word_1_77' title='bbox 1106 670 1249 698; x_wconf 86' lang='lat' dir='ltr'>rerum</span> <span class='ocrx_word' id='word_1_78' title='bbox 1272 658 1512 709; x_wconf 80' lang='lat' dir='ltr'>cognitione</span> <span class='ocrx_word' id='word_1_79' title='bbox 1534 657 1708 698; x_wconf 79' lang='lat' dir='ltr'>mirifice</span> <span class='ocrx_word' id='word_1_80' title='bbox 1731 657 1919 706; x_wconf 73' lang='lat' dir='ltr'>illustret,</span> 
     </span>
     <span class='ocr_line' id='line_1_9' title="bbox 185 728 1920 783; baseline -0.002 -12"><span class='ocrx_word' id='word_1_81' title='bbox 185 731 407 771; x_wconf 84' lang='lat' dir='ltr'>confirmet</span> <span class='ocrx_word' id='word_1_82' title='bbox 428 736 556 783; x_wconf 88' lang='lat' dir='ltr'>atque</span> <span class='ocrx_word' id='word_1_83' title='bbox 578 729 802 782; x_wconf 85' lang='lat' dir='ltr'>perficiat.“</span> <span class='ocrx_word' id='word_1_84' title='bbox 852 729 901 769; x_wconf 90' lang='lat' dir='ltr'>Et</span> <span class='ocrx_word' id='word_1_85' title='bbox 934 741 1053 772; x_wconf 90' lang='lat' dir='ltr'>conc.</span> <span class='ocrx_word' id='word_1_86' title='bbox 1087 730 1403 769; x_wconf 86' lang='lat' dir='ltr'>vaticanum</span> <span class='ocrx_word' id='word_1_87' title='bbox 1435 740 1536 772; x_wconf 82' lang='lat' dir='ltr'>sess,</span> <span class='ocrx_word' id='word_1_88' title='bbox 1561 732 1586 772; x_wconf 80' lang='lat'><strong>3</strong></span> <span class='ocrx_word' id='word_1_89' title='bbox 1618 740 1709 780; x_wconf 89' lang='lat' dir='ltr'>cap.</span> <span class='ocrx_word' id='word_1_90' title='bbox 1731 731 1759 771; x_wconf 79' lang='lat'>4</span> <span class='ocrx_word' id='word_1_91' title='bbox 1782 728 1832 768; x_wconf 90' lang='lat' dir='ltr'>de</span> <span class='ocrx_word' id='word_1_92' title='bbox 1854 728 1920 768; x_wconf 80' lang='lat' dir='ltr'>tid.</span> 
     </span>
     <span class='ocr_line' id='line_1_10' title="bbox 184 799 1920 854; baseline -0.002 -12"><span class='ocrx_word' id='word_1_93' title='bbox 184 807 226 843; x_wconf 85' lang='lat' dir='ltr'>et</span> <span class='ocrx_word' id='word_1_94' title='bbox 248 808 347 842; x_wconf 70' lang='lat' dir='ltr'>rat:</span> <span class='ocrx_word' id='word_1_95' title='bbox 386 800 556 854; x_wconf 88' lang='lat' dir='ltr'>„Neque</span> <span class='ocrx_word' id='word_1_96' title='bbox 579 801 717 841; x_wconf 91' lang='lat' dir='ltr'>solum</span> <span class='ocrx_word' id='word_1_97' title='bbox 740 800 843 841; x_wconf 89' lang='lat' dir='ltr'>fides</span> <span class='ocrx_word' id='word_1_98' title='bbox 870 805 912 840; x_wconf 85' lang='lat' dir='ltr'>et</span> <span class='ocrx_word' id='word_1_99' title='bbox 933 801 1042 840; x_wconf 86' lang='lat' dir='ltr'>ratio</span> <span class='ocrx_word' id='word_1_100' title='bbox 1066 800 1175 840; x_wconf 86' lang='lat' dir='ltr'>inter</span> <span class='ocrx_word' id='word_1_101' title='bbox 1197 811 1242 840; x_wconf 91' lang='lat' dir='ltr'>se</span> <span class='ocrx_word' id='word_1_102' title='bbox 1266 799 1469 840; x_wconf 85' lang='lat' dir='ltr'>dissidere</span> <span class='ocrx_word' id='word_1_103' title='bbox 1491 811 1708 851; x_wconf 89' lang='lat' dir='ltr'>nunquam</span> <span class='ocrx_word' id='word_1_104' title='bbox 1732 802 1920 851; x_wconf 81' lang='lat' dir='ltr'>possunt,</span> 
     </span>
     <span class='ocr_line' id='line_1_11' title="bbox 185 869 1923 924; baseline -0.002 -11"><span class='ocrx_word' id='word_1_105' title='bbox 185 872 261 913; x_wconf 89' lang='lat' dir='ltr'>sed</span> <span class='ocrx_word' id='word_1_106' title='bbox 284 884 409 924; x_wconf 88' lang='lat' dir='ltr'>opem</span> <span class='ocrx_word' id='word_1_107' title='bbox 432 884 601 924; x_wconf 90' lang='lat' dir='ltr'>quoque</span> <span class='ocrx_word' id='word_1_108' title='bbox 624 871 702 912; x_wconf 85' lang='lat' dir='ltr'>sibi</span> <span class='ocrx_word' id='word_1_109' title='bbox 725 875 917 912; x_wconf 85' lang='lat' dir='ltr'>mutuam</span> <span class='ocrx_word' id='word_1_110' title='bbox 940 871 1089 919; x_wconf 85' lang='lat' dir='ltr'>ferunt,</span> <span class='ocrx_word' id='word_1_111' title='bbox 1122 883 1218 911; x_wconf 88' lang='lat' dir='ltr'>cum</span> <span class='ocrx_word' id='word_1_112' title='bbox 1250 876 1367 911; x_wconf 86' lang='lat' dir='ltr'>recta</span> <span class='ocrx_word' id='word_1_113' title='bbox 1397 871 1505 911; x_wconf 84' lang='lat' dir='ltr'>ratio</span> <span class='ocrx_word' id='word_1_114' title='bbox 1529 869 1625 911; x_wconf 88' lang='lat' dir='ltr'>fidei</span> <span class='ocrx_word' id='word_1_115' title='bbox 1647 870 1923 911; x_wconf 85' lang='lat' dir='ltr'>fundamenta</span> 
     </span>
     <span class='ocr_line' id='line_1_12' title="bbox 183 941 1920 995; baseline -0.001 -12"><span class='ocrx_word' id='word_1_116' title='bbox 183 943 445 984; x_wconf 86' lang='lat' dir='ltr'>demonstret</span> <span class='ocrx_word' id='word_1_117' title='bbox 467 943 641 995; x_wconf 83' lang='lat' dir='ltr'>ejusque</span> <span class='ocrx_word' id='word_1_118' title='bbox 663 943 821 983; x_wconf 88' lang='lat' dir='ltr'>lumine</span> <span class='ocrx_word' id='word_1_119' title='bbox 844 943 1055 983; x_wconf 81' lang='lat' dir='ltr'>illustrata</span> <span class='ocrx_word' id='word_1_120' title='bbox 1070 954 1213 983; x_wconf 88' lang='lat' dir='ltr'>rerum</span> <span class='ocrx_word' id='word_1_121' title='bbox 1231 942 1467 982; x_wconf 89' lang='lat' dir='ltr'>divinarum</span> <span class='ocrx_word' id='word_1_122' title='bbox 1491 942 1712 982; x_wconf 88' lang='lat' dir='ltr'>scientiam</span> <span class='ocrx_word' id='word_1_123' title='bbox 1735 941 1920 989; x_wconf 80' lang='lat' dir='ltr'>excolat3</span> 
     </span>
     <span class='ocr_line' id='line_1_13' title="bbox 182 1012 1922 1065; baseline -0.001 -12"><span class='ocrx_word' id='word_1_124' title='bbox 182 1013 289 1054; x_wconf 90' lang='lat' dir='ltr'>fides</span> <span class='ocrx_word' id='word_1_125' title='bbox 321 1025 423 1054; x_wconf 86' lang='lat' dir='ltr'>vero</span> <span class='ocrx_word' id='word_1_126' title='bbox 455 1013 666 1054; x_wconf 89' lang='lat' dir='ltr'>rationem</span> <span class='ocrx_word' id='word_1_127' title='bbox 699 1013 752 1053; x_wconf 89' lang='lat' dir='ltr'>ab</span> <span class='ocrx_word' id='word_1_128' title='bbox 785 1013 1001 1054; x_wconf 86' lang='lat' dir='ltr'>erroribus</span> <span class='ocrx_word' id='word_1_129' title='bbox 1023 1013 1173 1053; x_wconf 86' lang='lat' dir='ltr'>liberet</span> <span class='ocrx_word' id='word_1_130' title='bbox 1207 1025 1258 1053; x_wconf 88' lang='lat' dir='ltr'>ac</span> <span class='ocrx_word' id='word_1_131' title='bbox 1290 1018 1469 1062; x_wconf 86' lang='lat' dir='ltr'>tueatur,</span> <span class='ocrx_word' id='word_1_132' title='bbox 1501 1024 1681 1065; x_wconf 85' lang='lat' dir='ltr'>eamque</span> <span class='ocrx_word' id='word_1_133' title='bbox 1704 1012 1922 1064; x_wconf 77' lang='lat' dir='ltr'>multiplici</span> 
     </span>
     <span class='ocr_line' id='line_1_14' title="bbox 183 1083 1921 1136; baseline -0.001 -12"><span class='ocrx_word' id='word_1_134' title='bbox 183 1084 423 1135; x_wconf 80' lang='lat' dir='ltr'>cognitione</span> <span class='ocrx_word' id='word_1_135' title='bbox 444 1084 659 1124; x_wconf 85' lang='lat' dir='ltr'>instruat.“</span> <span class='ocrx_word' id='word_1_136' title='bbox 709 1083 837 1125; x_wconf 86' lang='lat' dir='ltr'>Plene</span> <span class='ocrx_word' id='word_1_137' title='bbox 860 1096 961 1125; x_wconf 88' lang='lat' dir='ltr'>vero</span> <span class='ocrx_word' id='word_1_138' title='bbox 995 1089 1034 1124; x_wconf 90' lang='lat' dir='ltr'>et</span> <span class='ocrx_word' id='word_1_139' title='bbox 1065 1084 1190 1135; x_wconf 89' lang='lat' dir='ltr'>plane</span> <span class='ocrx_word' id='word_1_140' title='bbox 1214 1084 1378 1136; x_wconf 80' lang='lat' dir='ltr'>egregie</span> <span class='ocrx_word' id='word_1_141' title='bbox 1402 1084 1454 1124; x_wconf 90' lang='lat' dir='ltr'>de</span> <span class='ocrx_word' id='word_1_142' title='bbox 1477 1083 1723 1124; x_wconf 83' lang='lat' dir='ltr'>muneribus</span> <span class='ocrx_word' id='word_1_143' title='bbox 1745 1083 1921 1124; x_wconf 80' lang='lat' dir='ltr'>rationis</span> 
     </span>
     <span class='ocr_line' id='line_1_15' title="bbox 183 1154 1761 1208; baseline 0.002 -13"><span class='ocrx_word' id='word_1_144' title='bbox 183 1155 297 1195; x_wconf 84' lang='lat' dir='ltr'>circa</span> <span class='ocrx_word' id='word_1_145' title='bbox 319 1155 625 1195; x_wconf 82' lang='lat' dir='ltr'>revelationem</span> <span class='ocrx_word' id='word_1_146' title='bbox 649 1155 816 1196; x_wconf 87' lang='lat' dir='ltr'>disserit</span> <span class='ocrx_word' id='word_1_147' title='bbox 836 1155 920 1195; x_wconf 92' lang='lat' dir='ltr'>Leo</span> <span class='ocrx_word' id='word_1_148' title='bbox 944 1154 1044 1199; x_wconf 81' lang='lat' dir='ltr'><strong>XIII.</strong></span> <span class='ocrx_word' id='word_1_149' title='bbox 1067 1156 1109 1195; x_wconf 91' lang='lat' dir='ltr'>in</span> <span class='ocrx_word' id='word_1_150' title='bbox 1132 1155 1187 1195; x_wconf 84' lang='lat' dir='ltr'>lit.</span> <span class='ocrx_word' id='word_1_151' title='bbox 1212 1155 1368 1208; x_wconf 78' lang='lat' dir='ltr'>encycl.</span> <span class='ocrx_word' id='word_1_152' title='bbox 1391 1155 1577 1203; x_wconf 79' lang='lat' dir='ltr'>,Aeterni</span> <span class='ocrx_word' id='word_1_153' title='bbox 1601 1154 1761 1198; x_wconf 53' lang='lat' dir='ltr'>Patris&amp;</span> 
     </span>
    </p>
   </div>
   <div class='ocr_carea' id='block_1_3' title="bbox 179 1238 1921 2238">
    <p class='ocr_par' dir='ltr' id='par_1_3' title="bbox 180 1238 1918 1349">
     <span class='ocr_line' id='line_1_16' title="bbox 303 1238 1918 1288; baseline -0.002 -8"><span class='ocrx_word' id='word_1_154' title='bbox 303 1247 397 1281; x_wconf 75' lang='lat'>497.</span> <span class='ocrx_word' id='word_1_155' title='bbox 422 1238 667 1281; x_wconf 72' lang='lat' dir='ltr'>Scholion.</span> <span class='ocrx_word' id='word_1_156' title='bbox 690 1242 932 1278; x_wconf 77' lang='lat' dir='ltr'>Relationem</span> <span class='ocrx_word' id='word_1_157' title='bbox 955 1241 1059 1277; x_wconf 83' lang='lat' dir='ltr'>inter</span> <span class='ocrx_word' id='word_1_158' title='bbox 1072 1241 1187 1278; x_wconf 85' lang='lat' dir='ltr'>fidem</span> <span class='ocrx_word' id='word_1_159' title='bbox 1203 1243 1242 1278; x_wconf 87' lang='lat' dir='ltr'>et</span> <span class='ocrx_word' id='word_1_160' title='bbox 1256 1241 1444 1277; x_wconf 83' lang='lat' dir='ltr'>rationem</span> <span class='ocrx_word' id='word_1_161' title='bbox 1467 1240 1805 1288; x_wconf 86' lang='lat' dir='ltr'>quadruplici</span> <span class='ocrx_word' id='word_1_162' title='bbox 1827 1253 1918 1277; x_wconf 91' lang='lat' dir='ltr'>ana-</span> 
     </span>
     <span class='ocr_line' id='line_1_17' title="bbox 180 1299 1777 1349; baseline -0.001 -12"><span class='ocrx_word' id='word_1_163' title='bbox 180 1300 284 1349; x_wconf 84' lang='lat' dir='ltr'>logia</span> <span class='ocrx_word' id='word_1_164' title='bbox 307 1300 506 1337; x_wconf 85' lang='lat' dir='ltr'>illustrare</span> <span class='ocrx_word' id='word_1_165' title='bbox 528 1300 639 1338; x_wconf 86' lang='lat' dir='ltr'>licet:</span> <span class='ocrx_word' id='word_1_166' title='bbox 663 1300 862 1338; x_wconf 83' lang='lat' dir='ltr'>Revelatio</span> <span class='ocrx_word' id='word_1_167' title='bbox 886 1312 925 1337; x_wconf 89' lang='lat' dir='ltr'>se</span> <span class='ocrx_word' id='word_1_168' title='bbox 948 1300 1065 1336; x_wconf 90' lang='lat' dir='ltr'>habet</span> <span class='ocrx_word' id='word_1_169' title='bbox 1086 1300 1134 1337; x_wconf 84' lang='lat' dir='ltr'>ad</span> <span class='ocrx_word' id='word_1_170' title='bbox 1157 1300 1358 1345; x_wconf 86' lang='lat' dir='ltr'>rationem,</span> <span class='ocrx_word' id='word_1_171' title='bbox 1382 1300 1478 1336; x_wconf 86' lang='lat' dir='ltr'>fides</span> <span class='ocrx_word' id='word_1_172' title='bbox 1501 1299 1548 1336; x_wconf 83' lang='lat' dir='ltr'>ad</span> <span class='ocrx_word' id='word_1_173' title='bbox 1572 1299 1777 1336; x_wconf 84' lang='lat' dir='ltr'>scientiam</span> 
     </span>
    </p>

    <p class='ocr_par' dir='ltr' id='par_1_4' title="bbox 179 1356 1921 1645">
     <span class='ocr_line' id='line_1_18' title="bbox 303 1356 1919 1410; baseline -0.001 -13"><span class='ocrx_word' id='word_1_174' title='bbox 303 1357 341 1400; x_wconf 90' lang='lat' dir='ltr'>l.</span> <span class='ocrx_word' id='word_1_175' title='bbox 363 1362 410 1396; x_wconf 88' lang='lat' dir='ltr'>ut</span> <span class='ocrx_word' id='word_1_176' title='bbox 432 1359 633 1396; x_wconf 86' lang='lat' dir='ltr'>domina</span> <span class='ocrx_word' id='word_1_177' title='bbox 657 1360 704 1397; x_wconf 90' lang='lat' dir='ltr'>ad</span> <span class='ocrx_word' id='word_1_178' title='bbox 726 1359 971 1396; x_wconf 83' lang='lat' dir='ltr'>ancillam</span> <span class='ocrx_word' id='word_1_179' title='bbox 992 1356 1033 1410; x_wconf 87' lang='grc'>1).</span> <span class='ocrx_word' id='word_1_180' title='bbox 1058 1359 1168 1396; x_wconf 88' lang='lat' dir='ltr'>Sicut</span> <span class='ocrx_word' id='word_1_181' title='bbox 1191 1361 1295 1396; x_wconf 88' lang='lat' dir='ltr'>enim</span> <span class='ocrx_word' id='word_1_182' title='bbox 1319 1369 1361 1398; x_wconf 78' lang='lat' dir='ltr'>a.</span> <span class='ocrx_word' id='word_1_183' title='bbox 1386 1359 1530 1396; x_wconf 86' lang='lat' dir='ltr'>ancilla</span> <span class='ocrx_word' id='word_1_184' title='bbox 1551 1358 1730 1395; x_wconf 82' lang='lat' dir='ltr'>dominae</span> <span class='ocrx_word' id='word_1_185' title='bbox 1752 1371 1829 1395; x_wconf 88' lang='lat' dir='ltr'>non</span> <span class='ocrx_word' id='word_1_186' title='bbox 1853 1359 1919 1395; x_wconf 86' lang='lat' dir='ltr'>ad-</span> 
     </span>
     <span class='ocr_line' id='line_1_19' title="bbox 181 1416 1921 1468; baseline -0.001 -12"><span class='ocrx_word' id='word_1_187' title='bbox 181 1422 371 1464; x_wconf 75' lang='lat' dir='ltr'>versatur,</span> <span class='ocrx_word' id='word_1_188' title='bbox 405 1418 472 1455; x_wconf 86' lang='lat' dir='ltr'>sed</span> <span class='ocrx_word' id='word_1_189' title='bbox 494 1418 598 1455; x_wconf 91' lang='lat' dir='ltr'>viam</span> <span class='ocrx_word' id='word_1_190' title='bbox 620 1421 837 1468; x_wconf 89' lang='lat' dir='ltr'>praeparat,</span> <span class='ocrx_word' id='word_1_191' title='bbox 870 1431 953 1455; x_wconf 86' lang='lat' dir='ltr'>eam</span> <span class='ocrx_word' id='word_1_192' title='bbox 976 1416 1023 1458; x_wconf 80' lang='lat' dir='ltr'>b.</span> <span class='ocrx_word' id='word_1_193' title='bbox 1047 1420 1248 1456; x_wconf 72' lang='lat' dir='ltr'>reveretur</span> <span class='ocrx_word' id='word_1_194' title='bbox 1278 1419 1318 1454; x_wconf 91' lang='lat' dir='ltr'>in</span> <span class='ocrx_word' id='word_1_195' title='bbox 1350 1418 1533 1467; x_wconf 87' lang='lat' dir='ltr'>propriis,</span> <span class='ocrx_word' id='word_1_196' title='bbox 1569 1427 1610 1457; x_wconf 66' lang='grc' dir='ltr'>(ἓ.</span> <span class='ocrx_word' id='word_1_197' title='bbox 1635 1418 1682 1455; x_wconf 88' lang='lat' dir='ltr'>ab</span> <span class='ocrx_word' id='word_1_198' title='bbox 1706 1430 1749 1454; x_wconf 87' lang='grc'>53</span> <span class='ocrx_word' id='word_1_199' title='bbox 1769 1419 1921 1467; x_wconf 79' lang='lat' dir='ltr'>regitur</span> 
     </span>
     <span class='ocr_line' id='line_1_20' title="bbox 182 1475 1918 1526; baseline -0.001 -12"><span class='ocrx_word' id='word_1_200' title='bbox 182 1489 300 1526; x_wconf 91' lang='lat' dir='ltr'>seque</span> <span class='ocrx_word' id='word_1_201' title='bbox 324 1475 367 1518; x_wconf 80' lang='lat' dir='ltr'>(l.</span> <span class='ocrx_word' id='word_1_202' title='bbox 390 1478 448 1514; x_wconf 90' lang='lat' dir='ltr'>illi</span> <span class='ocrx_word' id='word_1_203' title='bbox 473 1477 729 1515; x_wconf 70' lang='lat' dir='ltr'>instrumenti</span> <span class='ocrx_word' id='word_1_204' title='bbox 751 1479 875 1515; x_wconf 85' lang='lat' dir='ltr'>instar</span> <span class='ocrx_word' id='word_1_205' title='bbox 892 1478 1061 1523; x_wconf 79' lang='lat' dir='ltr'>exhibet,</span> <span class='ocrx_word' id='word_1_206' title='bbox 1098 1491 1173 1525; x_wconf 80' lang='lat' dir='ltr'>quo</span> <span class='ocrx_word' id='word_1_207' title='bbox 1199 1477 1356 1514; x_wconf 85' lang='lat' dir='ltr'>domina</span> <span class='ocrx_word' id='word_1_208' title='bbox 1378 1480 1516 1514; x_wconf 84' lang='lat' dir='ltr'>utatur</span> <span class='ocrx_word' id='word_1_209' title='bbox 1539 1478 1585 1514; x_wconf 62' lang='lat' dir='ltr'>anl</span> <span class='ocrx_word' id='word_1_210' title='bbox 1609 1490 1702 1514; x_wconf 87' lang='lat' dir='ltr'>usus</span> <span class='ocrx_word' id='word_1_211' title='bbox 1727 1489 1838 1514; x_wconf 90' lang='lat' dir='ltr'>suos:</span> <span class='ocrx_word' id='word_1_212' title='bbox 1863 1477 1918 1513; x_wconf 81' lang='grc'>113</span> 
     </span>
     <span class='ocr_line' id='line_1_21' title="bbox 179 1536 1920 1587; baseline -0.001 -13"><span class='ocrx_word' id='word_1_213' title='bbox 179 1537 279 1574; x_wconf 90' lang='lat' dir='ltr'>ratio</span> <span class='ocrx_word' id='word_1_214' title='bbox 301 1537 536 1586; x_wconf 81' lang='lat' dir='ltr'>obsequitur</span> <span class='ocrx_word' id='word_1_215' title='bbox 556 1538 799 1582; x_wconf 75' lang='lat' dir='ltr'>revelationi,</span> <span class='ocrx_word' id='word_1_216' title='bbox 825 1537 986 1574; x_wconf 84' lang='lat' dir='ltr'>scientia</span> <span class='ocrx_word' id='word_1_217' title='bbox 1008 1537 1100 1574; x_wconf 86' lang='lat' dir='ltr'>fidei</span> <span class='ocrx_word' id='word_1_218' title='bbox 1123 1538 1176 1587; x_wconf 85' lang='lat' dir='ltr'>(n.</span> <span class='ocrx_word' id='word_1_219' title='bbox 1193 1538 1306 1585; x_wconf 70' lang='lat'>496).</span> <span class='ocrx_word' id='word_1_220' title='bbox 1329 1537 1466 1584; x_wconf 78' lang='lat' dir='ltr'>Neque</span> <span class='ocrx_word' id='word_1_221' title='bbox 1490 1537 1559 1573; x_wconf 90' lang='lat' dir='ltr'>hoc</span> <span class='ocrx_word' id='word_1_222' title='bbox 1583 1536 1816 1584; x_wconf 84' lang='lat' dir='ltr'>obsequium</span> <span class='ocrx_word' id='word_1_223' title='bbox 1840 1548 1920 1573; x_wconf 86' lang='lat' dir='ltr'>ser-</span> 
     </span>
     <span class='ocr_line' id='line_1_22' title="bbox 179 1596 1594 1645; baseline -0.001 -13"><span class='ocrx_word' id='word_1_224' title='bbox 179 1596 257 1633; x_wconf 89' lang='lat' dir='ltr'>vile</span> <span class='ocrx_word' id='word_1_225' title='bbox 280 1600 360 1633; x_wconf 88' lang='lat' dir='ltr'>est:</span> <span class='ocrx_word' id='word_1_226' title='bbox 384 1597 450 1633; x_wconf 90' lang='lat' dir='ltr'>sed</span> <span class='ocrx_word' id='word_1_227' title='bbox 471 1596 513 1632; x_wconf 88' lang='lat' dir='ltr'>in</span> <span class='ocrx_word' id='word_1_228' title='bbox 535 1609 578 1633; x_wconf 92' lang='lat' dir='ltr'>eo</span> <span class='ocrx_word' id='word_1_229' title='bbox 602 1596 720 1634; x_wconf 90' lang='lat' dir='ltr'>etiam</span> <span class='ocrx_word' id='word_1_230' title='bbox 743 1596 898 1634; x_wconf 88' lang='lat' dir='ltr'>obtinet</span> <span class='ocrx_word' id='word_1_231' title='bbox 919 1596 1018 1632; x_wconf 88' lang='lat' dir='ltr'>illud</span> <span class='ocrx_word' id='word_1_232' title='bbox 1042 1597 1201 1640; x_wconf 74' lang='lat' dir='ltr'>,servire</span> <span class='ocrx_word' id='word_1_233' title='bbox 1226 1596 1302 1633; x_wconf 90' lang='lat' dir='ltr'>Deo</span> <span class='ocrx_word' id='word_1_234' title='bbox 1326 1609 1488 1645; x_wconf 81' lang='lat' dir='ltr'>regnare</span> <span class='ocrx_word' id='word_1_235' title='bbox 1510 1598 1594 1632; x_wconf 55' lang='lat' dir='ltr'>est:</span> 
     </span>
    </p>

    <p class='ocr_par' dir='ltr' id='par_1_5' title="bbox 179 1654 1921 2001">
     <span class='ocr_line' id='line_1_23' title="bbox 298 1654 1920 1704; baseline -0.002 -10"><span class='ocrx_word' id='word_1_236' title='bbox 298 1654 341 1695; x_wconf 76' lang='lat'>2.</span> <span class='ocrx_word' id='word_1_237' title='bbox 367 1655 413 1692; x_wconf 88' lang='lat' dir='ltr'>Se</span> <span class='ocrx_word' id='word_1_238' title='bbox 437 1655 552 1692; x_wconf 89' lang='lat' dir='ltr'>habet</span> <span class='ocrx_word' id='word_1_239' title='bbox 574 1660 620 1692; x_wconf 88' lang='lat' dir='ltr'>ut</span> <span class='ocrx_word' id='word_1_240' title='bbox 643 1668 863 1704; x_wconf 86' lang='lat' dir='ltr'>sponsus</span> <span class='ocrx_word' id='word_1_241' title='bbox 887 1656 934 1691; x_wconf 83' lang='lat' dir='ltr'>ad</span> <span class='ocrx_word' id='word_1_242' title='bbox 957 1667 1201 1703; x_wconf 85' lang='lat' dir='ltr'>sponsam.</span> <span class='ocrx_word' id='word_1_243' title='bbox 1244 1655 1428 1699; x_wconf 80' lang='lat' dir='ltr'>Quamvis</span> <span class='ocrx_word' id='word_1_244' title='bbox 1460 1656 1562 1692; x_wconf 87' lang='lat' dir='ltr'>enim</span> <span class='ocrx_word' id='word_1_245' title='bbox 1586 1667 1831 1692; x_wconf 87' lang='lat' dir='ltr'>communem</span> <span class='ocrx_word' id='word_1_246' title='bbox 1853 1654 1920 1691; x_wconf 88' lang='lat' dir='ltr'>ha-</span> 
     </span>
     <span class='ocr_line' id='line_1_24' title="bbox 179 1712 1921 1764; baseline 0 -14"><span class='ocrx_word' id='word_1_247' title='bbox 179 1714 297 1751; x_wconf 83' lang='lat' dir='ltr'>beant</span> <span class='ocrx_word' id='word_1_248' title='bbox 329 1715 522 1764; x_wconf 84' lang='lat' dir='ltr'>originem</span> <span class='ocrx_word' id='word_1_249' title='bbox 554 1724 596 1754; x_wconf 65' lang='grc'>3.</span> <span class='ocrx_word' id='word_1_250' title='bbox 620 1716 722 1752; x_wconf 84' lang='lat' dir='ltr'>ratio</span> <span class='ocrx_word' id='word_1_251' title='bbox 756 1714 1038 1752; x_wconf 82' lang='lat' dir='ltr'>subordinatur</span> <span class='ocrx_word' id='word_1_252' title='bbox 1068 1715 1321 1759; x_wconf 77' lang='lat' dir='ltr'>revelationi3</span> <span class='ocrx_word' id='word_1_253' title='bbox 1354 1718 1493 1752; x_wconf 83' lang='lat' dir='ltr'>mutuo</span> <span class='ocrx_word' id='word_1_254' title='bbox 1529 1712 1572 1754; x_wconf 87' lang='lat' dir='ltr'>b.</span> <span class='ocrx_word' id='word_1_255' title='bbox 1599 1726 1638 1750; x_wconf 87' lang='lat' dir='ltr'>se</span> <span class='ocrx_word' id='word_1_256' title='bbox 1669 1714 1859 1762; x_wconf 80' lang='lat' dir='ltr'>adjuvant</span> <span class='ocrx_word' id='word_1_257' title='bbox 1881 1716 1921 1750; x_wconf 91' lang='lat' dir='ltr'>et</span> 
     </span>
     <span class='ocr_line' id='line_1_25' title="bbox 179 1773 1919 1824; baseline -0.001 -14"><span class='ocrx_word' id='word_1_258' title='bbox 179 1774 398 1821; x_wconf 83' lang='lat' dir='ltr'>perficiunt,</span> <span class='ocrx_word' id='word_1_259' title='bbox 432 1778 477 1811; x_wconf 88' lang='lat' dir='ltr'>ut</span> <span class='ocrx_word' id='word_1_260' title='bbox 508 1786 551 1810; x_wconf 76' lang='lat' dir='ltr'>ex</span> <span class='ocrx_word' id='word_1_261' title='bbox 583 1787 716 1811; x_wconf 80' lang='lat' dir='ltr'>earum</span> <span class='ocrx_word' id='word_1_262' title='bbox 748 1774 923 1824; x_wconf 82' lang='lat' dir='ltr'>synthesi</span> <span class='ocrx_word' id='word_1_263' title='bbox 955 1774 1105 1811; x_wconf 86' lang='lat' dir='ltr'>oriatur</span> <span class='ocrx_word' id='word_1_264' title='bbox 1136 1774 1229 1811; x_wconf 85' lang='lat' dir='ltr'>fides</span> <span class='ocrx_word' id='word_1_265' title='bbox 1262 1777 1301 1811; x_wconf 92' lang='lat' dir='ltr'>et</span> <span class='ocrx_word' id='word_1_266' title='bbox 1326 1774 1534 1823; x_wconf 80' lang='lat' dir='ltr'>theologia.</span> <span class='ocrx_word' id='word_1_267' title='bbox 1578 1773 1776 1810; x_wconf 81' lang='lat' dir='ltr'>Revelatio</span> <span class='ocrx_word' id='word_1_268' title='bbox 1800 1782 1841 1812; x_wconf 72' lang='lat'>(3.</span> <span class='ocrx_word' id='word_1_269' title='bbox 1865 1773 1919 1809; x_wconf 79' lang='lat' dir='ltr'>fe-</span> 
     </span>
     <span class='ocr_line' id='line_1_26' title="bbox 179 1826 1919 1882; baseline -0.001 -13"><span class='ocrx_word' id='word_1_270' title='bbox 179 1832 324 1870; x_wconf 84' lang='lat' dir='ltr'>cundat</span> <span class='ocrx_word' id='word_1_271' title='bbox 351 1826 555 1877; x_wconf 86' lang='lat' dir='ltr'>rationem,</span> <span class='ocrx_word' id='word_1_272' title='bbox 589 1834 688 1871; x_wconf 83' lang='lat' dir='ltr'>ratio</span> <span class='ocrx_word' id='word_1_273' title='bbox 721 1834 865 1882; x_wconf 81' lang='lat' dir='ltr'>excipit</span> <span class='ocrx_word' id='word_1_274' title='bbox 896 1833 1116 1881; x_wconf 82' lang='lat' dir='ltr'>excolitque</span> <span class='ocrx_word' id='word_1_275' title='bbox 1148 1846 1299 1877; x_wconf 73' lang='lat' dir='ltr'>semen3</span> <span class='ocrx_word' id='word_1_276' title='bbox 1332 1834 1471 1882; x_wconf 85' lang='lat' dir='ltr'>copula</span> <span class='ocrx_word' id='word_1_277' title='bbox 1494 1831 1540 1872; x_wconf 84' lang='lat' dir='ltr'>(l.</span> <span class='ocrx_word' id='word_1_278' title='bbox 1566 1833 1692 1870; x_wconf 88' lang='lat' dir='ltr'>oritur</span> <span class='ocrx_word' id='word_1_279' title='bbox 1714 1844 1758 1868; x_wconf 78' lang='lat' dir='ltr'>ex</span> <span class='ocrx_word' id='word_1_280' title='bbox 1781 1832 1919 1869; x_wconf 91' lang='lat' dir='ltr'>volun-</span> 
     </span>
     <span class='ocr_line' id='line_1_27' title="bbox 179 1890 1920 1942; baseline -0.001 -14"><span class='ocrx_word' id='word_1_281' title='bbox 179 1892 279 1929; x_wconf 87' lang='lat' dir='ltr'>tario</span> <span class='ocrx_word' id='word_1_282' title='bbox 303 1904 466 1930; x_wconf 88' lang='lat' dir='ltr'>assensu</span> <span class='ocrx_word' id='word_1_283' title='bbox 487 1892 650 1929; x_wconf 88' lang='lat' dir='ltr'>rationis</span> <span class='ocrx_word' id='word_1_284' title='bbox 664 1894 743 1930; x_wconf 85' lang='lat' dir='ltr'>Deo</span> <span class='ocrx_word' id='word_1_285' title='bbox 766 1892 1004 1930; x_wconf 84' lang='lat' dir='ltr'>revelatione</span> <span class='ocrx_word' id='word_1_286' title='bbox 1027 1893 1199 1942; x_wconf 82' lang='lat' dir='ltr'>gratiose</span> <span class='ocrx_word' id='word_1_287' title='bbox 1222 1893 1266 1929; x_wconf 82' lang='lat' dir='ltr'>ad</span> <span class='ocrx_word' id='word_1_288' title='bbox 1291 1893 1415 1940; x_wconf 84' lang='lat' dir='ltr'>ipsam</span> <span class='ocrx_word' id='word_1_289' title='bbox 1440 1905 1480 1929; x_wconf 90' lang='lat' dir='ltr'>se</span> <span class='ocrx_word' id='word_1_290' title='bbox 1496 1892 1721 1929; x_wconf 84' lang='lat' dir='ltr'>demittenti</span> <span class='ocrx_word' id='word_1_291' title='bbox 1736 1890 1920 1936; x_wconf 80' lang='lat' dir='ltr'>exhibito,</span> 
     </span>
     <span class='ocr_line' id='line_1_28' title="bbox 180 1951 1558 2001; baseline -0.001 -14"><span class='ocrx_word' id='word_1_292' title='bbox 180 1954 219 1987; x_wconf 86' lang='lat' dir='ltr'>et</span> <span class='ocrx_word' id='word_1_293' title='bbox 239 1964 310 2000; x_wconf 88' lang='lat' dir='ltr'>per</span> <span class='ocrx_word' id='word_1_294' title='bbox 331 1964 415 1988; x_wconf 89' lang='lat' dir='ltr'>eam</span> <span class='ocrx_word' id='word_1_295' title='bbox 439 1962 480 1991; x_wconf 80' lang='lat' dir='ltr'>e.</span> <span class='ocrx_word' id='word_1_296' title='bbox 503 1951 751 1999; x_wconf 82' lang='lat' dir='ltr'>nobilitatur,</span> <span class='ocrx_word' id='word_1_297' title='bbox 774 1952 937 1996; x_wconf 85' lang='lat' dir='ltr'>ditatur;</span> <span class='ocrx_word' id='word_1_298' title='bbox 963 1953 1029 1988; x_wconf 90' lang='lat' dir='ltr'>sed</span> <span class='ocrx_word' id='word_1_299' title='bbox 1054 1954 1093 1989; x_wconf 91' lang='lat' dir='ltr'>et</span> <span class='ocrx_word' id='word_1_300' title='bbox 1115 1952 1265 2001; x_wconf 82' lang='lat' dir='ltr'>ligatur</span> <span class='ocrx_word' id='word_1_301' title='bbox 1287 1956 1323 1989; x_wconf 86' lang='lat' dir='ltr'>et</span> <span class='ocrx_word' id='word_1_302' title='bbox 1347 1952 1558 2001; x_wconf 84' lang='lat' dir='ltr'>obligatur.</span> 
     </span>
    </p>

    <p class='ocr_par' dir='ltr' id='par_1_6' title="bbox 298 2007 1585 2060">
     <span class='ocr_line' id='line_1_29' title="bbox 298 2007 1585 2060; baseline -0.002 -11"><span class='ocrx_word' id='word_1_303' title='bbox 298 2007 338 2051; x_wconf 80' lang='lat'>3.</span> <span class='ocrx_word' id='word_1_304' title='bbox 363 2011 409 2047; x_wconf 89' lang='lat' dir='ltr'>Se</span> <span class='ocrx_word' id='word_1_305' title='bbox 431 2011 549 2048; x_wconf 82' lang='lat' dir='ltr'>habet</span> <span class='ocrx_word' id='word_1_306' title='bbox 570 2014 616 2048; x_wconf 88' lang='lat' dir='ltr'>ut</span> <span class='ocrx_word' id='word_1_307' title='bbox 639 2011 872 2060; x_wconf 84' lang='lat' dir='ltr'>Spiritus</span> <span class='ocrx_word' id='word_1_308' title='bbox 895 2023 922 2048; x_wconf 89' lang='lat' dir='ltr'>s.</span> <span class='ocrx_word' id='word_1_309' title='bbox 946 2011 993 2047; x_wconf 88' lang='lat' dir='ltr'>ad</span> <span class='ocrx_word' id='word_1_310' title='bbox 1015 2011 1051 2049; x_wconf 88' lang='lat' dir='ltr'>b.</span> <span class='ocrx_word' id='word_1_311' title='bbox 1074 2011 1283 2048; x_wconf 85' lang='lat' dir='ltr'>Mariam</span> <span class='ocrx_word' id='word_1_312' title='bbox 1304 2011 1521 2060; x_wconf 79' lang='lat' dir='ltr'>Virginem,</span> <span class='ocrx_word' id='word_1_313' title='bbox 1547 2012 1585 2046; x_wconf 87' lang='lat' dir='ltr'>et</span> 
     </span>
    </p>

    <p class='ocr_par' dir='ltr' id='par_1_7' title="bbox 179 2067 1921 2238">
     <span class='ocr_line' id='line_1_30' title="bbox 298 2067 1919 2116; baseline -0.002 -8"><span class='ocrx_word' id='word_1_314' title='bbox 298 2067 342 2110; x_wconf 79' lang='lat'>4.</span> <span class='ocrx_word' id='word_1_315' title='bbox 365 2073 413 2107; x_wconf 87' lang='lat' dir='ltr'>ut</span> <span class='ocrx_word' id='word_1_316' title='bbox 443 2070 659 2108; x_wconf 88' lang='lat' dir='ltr'>Verbum</span> <span class='ocrx_word' id='word_1_317' title='bbox 691 2082 890 2108; x_wconf 86' lang='lat' dir='ltr'>assumens</span> <span class='ocrx_word' id='word_1_318' title='bbox 921 2070 968 2107; x_wconf 88' lang='lat' dir='ltr'>ad</span> <span class='ocrx_word' id='word_1_319' title='bbox 1004 2073 1242 2107; x_wconf 88' lang='lat' dir='ltr'>naturam</span> <span class='ocrx_word' id='word_1_320' title='bbox 1275 2071 1481 2107; x_wconf 82' lang='lat' dir='ltr'>humanam</span> <span class='ocrx_word' id='word_1_321' title='bbox 1514 2071 1778 2116; x_wconf 67' lang='lat' dir='ltr'>assumptam,</span> <span class='ocrx_word' id='word_1_322' title='bbox 1820 2080 1919 2115; x_wconf 83' lang='lat' dir='ltr'>quae</span> 
     </span>
     <span class='ocr_line' id='line_1_31' title="bbox 179 2127 1921 2178; baseline -0.001 -14"><span class='ocrx_word' id='word_1_323' title='bbox 179 2141 341 2165; x_wconf 86' lang='lat' dir='ltr'>manens</span> <span class='ocrx_word' id='word_1_324' title='bbox 373 2129 527 2178; x_wconf 83' lang='lat' dir='ltr'>integra</span> <span class='ocrx_word' id='word_1_325' title='bbox 557 2132 596 2167; x_wconf 89' lang='lat' dir='ltr'>et</span> <span class='ocrx_word' id='word_1_326' title='bbox 626 2130 839 2174; x_wconf 86' lang='lat' dir='ltr'>inconfusa,</span> <span class='ocrx_word' id='word_1_327' title='bbox 872 2130 1047 2167; x_wconf 84' lang='lat' dir='ltr'>retinens</span> <span class='ocrx_word' id='word_1_328' title='bbox 1080 2142 1190 2167; x_wconf 88' lang='lat' dir='ltr'>suam</span> <span class='ocrx_word' id='word_1_329' title='bbox 1212 2130 1408 2178; x_wconf 84' lang='lat' dir='ltr'>propriam</span> <span class='ocrx_word' id='word_1_330' title='bbox 1431 2128 1709 2177; x_wconf 75' lang='lat' dir='ltr'>operationem,</span> <span class='ocrx_word' id='word_1_331' title='bbox 1742 2140 1821 2164; x_wconf 91' lang='lat' dir='ltr'>non</span> <span class='ocrx_word' id='word_1_332' title='bbox 1844 2127 1921 2163; x_wconf 85' lang='lat' dir='ltr'>fuit</span> 
     </span>
     <span class='ocr_line' id='line_1_32' title="bbox 179 2187 1838 2238; baseline -0.001 -15"><span class='ocrx_word' id='word_1_333' title='bbox 179 2188 311 2224; x_wconf 88' lang='lat' dir='ltr'>tamen</span> <span class='ocrx_word' id='word_1_334' title='bbox 332 2201 353 2224; x_wconf 90' lang='lat' dir='ltr'>a</span> <span class='ocrx_word' id='word_1_335' title='bbox 375 2188 502 2226; x_wconf 89' lang='lat' dir='ltr'>Verbo</span> <span class='ocrx_word' id='word_1_336' title='bbox 525 2189 791 2238; x_wconf 85' lang='lat' dir='ltr'>independens</span> <span class='ocrx_word' id='word_1_337' title='bbox 813 2189 954 2237; x_wconf 81' lang='lat' dir='ltr'>suique</span> <span class='ocrx_word' id='word_1_338' title='bbox 971 2189 1086 2238; x_wconf 84' lang='lat' dir='ltr'>juris,</span> <span class='ocrx_word' id='word_1_339' title='bbox 1111 2189 1176 2226; x_wconf 90' lang='lat' dir='ltr'>sed</span> <span class='ocrx_word' id='word_1_340' title='bbox 1200 2189 1508 2226; x_wconf 83' lang='lat' dir='ltr'>instrumentum</span> <span class='ocrx_word' id='word_1_341' title='bbox 1532 2187 1594 2224; x_wconf 88' lang='lat' dir='ltr'>illi</span> <span class='ocrx_word' id='word_1_342' title='bbox 1615 2187 1838 2224; x_wconf 80' lang='lat' dir='ltr'>obnoxium.</span> 
     </span>
    </p>
   </div>
   <div class='ocr_carea' id='block_1_4' title="bbox 179 2258 1920 2899">
    <p class='ocr_par' dir='ltr' id='par_1_8' title="bbox 179 2258 1920 2899">
     <span class='ocr_line' id='line_1_33' title="bbox 300 2258 1919 2310; baseline -0.001 -15"><span class='ocrx_word' id='word_1_343' title='bbox 300 2258 437 2307; x_wconf 86' lang='lat' dir='ltr'>Neque</span> <span class='ocrx_word' id='word_1_344' title='bbox 468 2260 560 2297; x_wconf 86' lang='lat' dir='ltr'>haec</span> <span class='ocrx_word' id='word_1_345' title='bbox 589 2260 776 2306; x_wconf 79' lang='lat' dir='ltr'>doctrina,</span> <span class='ocrx_word' id='word_1_346' title='bbox 813 2273 912 2309; x_wconf 86' lang='lat' dir='ltr'>quae</span> <span class='ocrx_word' id='word_1_347' title='bbox 945 2261 1150 2310; x_wconf 83' lang='lat' dir='ltr'>colligitur</span> <span class='ocrx_word' id='word_1_348' title='bbox 1181 2273 1225 2297; x_wconf 81' lang='lat' dir='ltr'>ex</span> <span class='ocrx_word' id='word_1_349' title='bbox 1256 2260 1388 2297; x_wconf 76' lang='lat' dir='ltr'>verbis</span> <span class='ocrx_word' id='word_1_350' title='bbox 1420 2259 1533 2295; x_wconf 83' lang='lat' dir='ltr'>Pauli</span> <span class='ocrx_word' id='word_1_351' title='bbox 1568 2265 1602 2298; x_wconf 86' lang='lat'>2.</span> <span class='ocrx_word' id='word_1_352' title='bbox 1635 2258 1716 2297; x_wconf 78' lang='lat' dir='ltr'>Cor.</span> <span class='ocrx_word' id='word_1_353' title='bbox 1747 2265 1808 2302; x_wconf 88' lang='grc'>10,</span> <span class='ocrx_word' id='word_1_354' title='bbox 1843 2263 1866 2296; x_wconf 83' lang='lat'>4</span> <span class='ocrx_word' id='word_1_355' title='bbox 1891 2269 1919 2294; x_wconf 89' lang='grc'>5.</span> 
     </span>
     <span class='ocr_line' id='line_1_34' title="bbox 181 2316 1920 2370; baseline 0.001 -18"><span class='ocrx_word' id='word_1_356' title='bbox 181 2316 231 2365; x_wconf 90' lang='lat' dir='ltr'>(n.</span> <span class='ocrx_word' id='word_1_357' title='bbox 259 2322 339 2358; x_wconf 76' lang='lat'>256</span> <span class='ocrx_word' id='word_1_358' title='bbox 358 2317 391 2370; x_wconf 78' lang='grc'>2)</span> <span class='ocrx_word' id='word_1_359' title='bbox 415 2320 454 2356; x_wconf 83' lang='grc'>51</span> <span class='ocrx_word' id='word_1_360' title='bbox 474 2319 566 2356; x_wconf 89' lang='lat' dir='ltr'>fluit</span> <span class='ocrx_word' id='word_1_361' title='bbox 599 2331 645 2356; x_wconf 79' lang='lat' dir='ltr'>ex</span> <span class='ocrx_word' id='word_1_362' title='bbox 678 2333 810 2358; x_wconf 88' lang='lat' dir='ltr'>rerum</span> <span class='ocrx_word' id='word_1_363' title='bbox 832 2320 995 2366; x_wconf 86' lang='lat' dir='ltr'>naturis,</span> <span class='ocrx_word' id='word_1_364' title='bbox 1023 2321 1085 2357; x_wconf 90' lang='lat' dir='ltr'>vel</span> <span class='ocrx_word' id='word_1_365' title='bbox 1106 2319 1393 2369; x_wconf 81' lang='lat' dir='ltr'>philosophiam</span> <span class='ocrx_word' id='word_1_366' title='bbox 1417 2318 1569 2364; x_wconf 86' lang='lat' dir='ltr'>evertit,</span> <span class='ocrx_word' id='word_1_367' title='bbox 1594 2317 1655 2354; x_wconf 92' lang='lat' dir='ltr'>vel</span> <span class='ocrx_word' id='word_1_368' title='bbox 1676 2316 1861 2365; x_wconf 84' lang='lat' dir='ltr'>injuriam</span> <span class='ocrx_word' id='word_1_369' title='bbox 1884 2316 1920 2353; x_wconf 88' lang='lat' dir='ltr'>ei</span> 
     </span>
     <span class='ocr_line' id='line_1_35' title="bbox 180 2372 1919 2428; baseline -0.001 -15"><span class='ocrx_word' id='word_1_370' title='bbox 180 2379 249 2413; x_wconf 86' lang='lat' dir='ltr'>aut</span> <span class='ocrx_word' id='word_1_371' title='bbox 280 2377 465 2415; x_wconf 88' lang='lat' dir='ltr'>damnum</span> <span class='ocrx_word' id='word_1_372' title='bbox 498 2378 639 2424; x_wconf 82' lang='lat' dir='ltr'>infert3</span> <span class='ocrx_word' id='word_1_373' title='bbox 672 2380 820 2416; x_wconf 84' lang='lat' dir='ltr'>intacta</span> <span class='ocrx_word' id='word_1_374' title='bbox 852 2380 956 2416; x_wconf 89' lang='lat' dir='ltr'>enim</span> <span class='ocrx_word' id='word_1_375' title='bbox 981 2392 1052 2428; x_wconf 87' lang='lat' dir='ltr'>per</span> <span class='ocrx_word' id='word_1_376' title='bbox 1073 2391 1156 2416; x_wconf 89' lang='lat' dir='ltr'>eam</span> <span class='ocrx_word' id='word_1_377' title='bbox 1180 2384 1340 2416; x_wconf 77' lang='lat' dir='ltr'>manent</span> <span class='ocrx_word' id='word_1_378' title='bbox 1361 2388 1401 2418; x_wconf 81' lang='lat' dir='ltr'>a.</span> <span class='ocrx_word' id='word_1_379' title='bbox 1424 2372 1919 2426; x_wconf 84' lang='lat' dir='ltr'>principiumcognitionis</span> 
     </span>
     <span class='ocr_line' id='line_1_36' title="bbox 179 2434 1920 2488; baseline -0.001 -16"><span class='ocrx_word' id='word_1_380' title='bbox 179 2435 490 2485; x_wconf 82' lang='lat' dir='ltr'>philosophicae;</span> <span class='ocrx_word' id='word_1_381' title='bbox 518 2435 564 2477; x_wconf 83' lang='lat' dir='ltr'>b.</span> <span class='ocrx_word' id='word_1_382' title='bbox 588 2438 694 2487; x_wconf 85' lang='lat' dir='ltr'>leges</span> <span class='ocrx_word' id='word_1_383' title='bbox 718 2438 925 2488; x_wconf 81' lang='lat' dir='ltr'>cogitandi,</span> <span class='ocrx_word' id='word_1_384' title='bbox 955 2438 1169 2475; x_wconf 89' lang='lat' dir='ltr'>secundum</span> <span class='ocrx_word' id='word_1_385' title='bbox 1193 2450 1290 2485; x_wconf 88' lang='lat' dir='ltr'>quas</span> <span class='ocrx_word' id='word_1_386' title='bbox 1312 2437 1412 2474; x_wconf 86' lang='lat' dir='ltr'>ratio</span> <span class='ocrx_word' id='word_1_387' title='bbox 1436 2448 1474 2473; x_wconf 91' lang='lat' dir='ltr'>se</span> <span class='ocrx_word' id='word_1_388' title='bbox 1497 2435 1642 2473; x_wconf 89' lang='lat' dir='ltr'>evolvit</span> <span class='ocrx_word' id='word_1_389' title='bbox 1664 2448 1706 2473; x_wconf 87' lang='lat' dir='ltr'>ac</span> <span class='ocrx_word' id='word_1_390' title='bbox 1728 2434 1920 2484; x_wconf 82' lang='lat' dir='ltr'>cognitio-</span> 
     </span>
     <span class='ocr_line' id='line_1_37' title="bbox 179 2494 1919 2545; baseline -0.001 -14"><span class='ocrx_word' id='word_1_391' title='bbox 179 2507 247 2532; x_wconf 90' lang='lat' dir='ltr'>nes</span> <span class='ocrx_word' id='word_1_392' title='bbox 269 2496 440 2544; x_wconf 84' lang='lat' dir='ltr'>acquirit</span> <span class='ocrx_word' id='word_1_393' title='bbox 461 2497 771 2545; x_wconf 78' lang='lat' dir='ltr'>philosophicas3</span> <span class='ocrx_word' id='word_1_394' title='bbox 794 2507 832 2537; x_wconf 74' lang='lat'>(3.</span> <span class='ocrx_word' id='word_1_395' title='bbox 850 2497 1043 2534; x_wconf 86' lang='lat' dir='ltr'>motivum</span> <span class='ocrx_word' id='word_1_396' title='bbox 1064 2497 1278 2545; x_wconf 89' lang='lat' dir='ltr'>proprium,</span> <span class='ocrx_word' id='word_1_397' title='bbox 1302 2496 1365 2533; x_wconf 86' lang='lat' dir='ltr'>cui</span> <span class='ocrx_word' id='word_1_398' title='bbox 1387 2495 1576 2532; x_wconf 88' lang='lat' dir='ltr'>innititur</span> <span class='ocrx_word' id='word_1_399' title='bbox 1598 2494 1770 2544; x_wconf 81' lang='lat' dir='ltr'>cognitio</span> <span class='ocrx_word' id='word_1_400' title='bbox 1792 2494 1919 2542; x_wconf 90' lang='lat' dir='ltr'>philo-</span> 
     </span>
     <span class='ocr_line' id='line_1_38' title="bbox 182 2553 1919 2605; baseline 0 -16"><span class='ocrx_word' id='word_1_401' title='bbox 182 2555 349 2602; x_wconf 89' lang='lat' dir='ltr'>sophica.</span> <span class='ocrx_word' id='word_1_402' title='bbox 373 2556 484 2600; x_wconf 79' lang='lat' dir='ltr'>Quod</span> <span class='ocrx_word' id='word_1_403' title='bbox 508 2556 541 2593; x_wconf 87' lang='lat' dir='ltr'>si</span> <span class='ocrx_word' id='word_1_404' title='bbox 562 2557 750 2594; x_wconf 83' lang='lat' dir='ltr'>revelatio</span> <span class='ocrx_word' id='word_1_405' title='bbox 773 2568 931 2594; x_wconf 86' lang='lat' dir='ltr'>normae</span> <span class='ocrx_word' id='word_1_406' title='bbox 953 2556 1079 2592; x_wconf 83' lang='lat' dir='ltr'>instar</span> <span class='ocrx_word' id='word_1_407' title='bbox 1102 2559 1162 2592; x_wconf 88' lang='grc'>551</span> <span class='ocrx_word' id='word_1_408' title='bbox 1183 2555 1414 2605; x_wconf 83' lang='lat' dir='ltr'>corrigentis</span> <span class='ocrx_word' id='word_1_409' title='bbox 1437 2566 1598 2600; x_wconf 85' lang='lat' dir='ltr'>errores,</span> <span class='ocrx_word' id='word_1_410' title='bbox 1635 2554 1676 2590; x_wconf 91' lang='grc'>111</span> <span class='ocrx_word' id='word_1_411' title='bbox 1699 2566 1796 2601; x_wconf 89' lang='lat' dir='ltr'>quos</span> <span class='ocrx_word' id='word_1_412' title='bbox 1819 2553 1919 2589; x_wconf 85' lang='lat' dir='ltr'>forte</span> 
     </span>
     <span class='ocr_line' id='line_1_39' title="bbox 180 2612 1920 2664; baseline -0.001 -15"><span class='ocrx_word' id='word_1_413' title='bbox 180 2613 440 2664; x_wconf 88' lang='lat' dir='ltr'>philosophus</span> <span class='ocrx_word' id='word_1_414' title='bbox 473 2615 669 2660; x_wconf 86' lang='lat' dir='ltr'>inciderit,</span> <span class='ocrx_word' id='word_1_415' title='bbox 703 2618 821 2664; x_wconf 83' lang='lat' dir='ltr'>atque</span> <span class='ocrx_word' id='word_1_416' title='bbox 843 2615 928 2651; x_wconf 90' lang='lat' dir='ltr'>viae</span> <span class='ocrx_word' id='word_1_417' title='bbox 960 2615 1070 2651; x_wconf 83' lang='lat' dir='ltr'>ducis</span> <span class='ocrx_word' id='word_1_418' title='bbox 1100 2615 1214 2651; x_wconf 89' lang='lat' dir='ltr'>illum</span> <span class='ocrx_word' id='word_1_419' title='bbox 1246 2615 1287 2651; x_wconf 93' lang='lat' dir='ltr'>in</span> <span class='ocrx_word' id='word_1_420' title='bbox 1319 2614 1401 2651; x_wconf 88' lang='lat' dir='ltr'>suis</span> <span class='ocrx_word' id='word_1_421' title='bbox 1433 2613 1573 2650; x_wconf 86' lang='lat' dir='ltr'>studiis</span> <span class='ocrx_word' id='word_1_422' title='bbox 1608 2612 1825 2661; x_wconf 83' lang='lat' dir='ltr'>dirigentis,</span> <span class='ocrx_word' id='word_1_423' title='bbox 1849 2612 1920 2648; x_wconf 92' lang='lat' dir='ltr'>hoc</span> 
     </span>
     <span class='ocr_line' id='line_1_40' title="bbox 179 2671 1918 2723; baseline -0.001 -15"><span class='ocrx_word' id='word_1_424' title='bbox 179 2675 344 2711; x_wconf 86' lang='lat' dir='ltr'>naturae</span> <span class='ocrx_word' id='word_1_425' title='bbox 385 2676 424 2711; x_wconf 88' lang='lat' dir='ltr'>et</span> <span class='ocrx_word' id='word_1_426' title='bbox 455 2674 576 2711; x_wconf 88' lang='lat' dir='ltr'>indoli</span> <span class='ocrx_word' id='word_1_427' title='bbox 607 2674 876 2723; x_wconf 87' lang='lat' dir='ltr'>philosophiae</span> <span class='ocrx_word' id='word_1_428' title='bbox 916 2674 1146 2710; x_wconf 87' lang='lat' dir='ltr'>nullatenus</span> <span class='ocrx_word' id='word_1_429' title='bbox 1178 2674 1416 2711; x_wconf 84' lang='lat' dir='ltr'>adversatur.</span> <span class='ocrx_word' id='word_1_430' title='bbox 1459 2672 1654 2716; x_wconf 81' lang='lat' dir='ltr'>Quamdiu</span> <span class='ocrx_word' id='word_1_431' title='bbox 1685 2672 1788 2708; x_wconf 90' lang='lat' dir='ltr'>enim</span> <span class='ocrx_word' id='word_1_432' title='bbox 1821 2671 1918 2707; x_wconf 87' lang='lat' dir='ltr'>ratio</span> 
     </span>
     <span class='ocr_line' id='line_1_41' title="bbox 180 2730 1917 2781; baseline -0.002 -13"><span class='ocrx_word' id='word_1_433' title='bbox 180 2731 350 2770; x_wconf 87' lang='lat' dir='ltr'>humana</span> <span class='ocrx_word' id='word_1_434' title='bbox 380 2737 438 2770; x_wconf 89' lang='lat' dir='ltr'>est</span> <span class='ocrx_word' id='word_1_435' title='bbox 469 2736 608 2778; x_wconf 85' lang='lat' dir='ltr'>creata,</span> <span class='ocrx_word' id='word_1_436' title='bbox 639 2733 761 2777; x_wconf 76' lang='lat' dir='ltr'>finita,</span> <span class='ocrx_word' id='word_1_437' title='bbox 795 2733 916 2770; x_wconf 87' lang='lat' dir='ltr'>errori</span> <span class='ocrx_word' id='word_1_438' title='bbox 949 2733 1114 2770; x_wconf 79' lang='lat' dir='ltr'>obnoxia</span> <span class='ocrx_word' id='word_1_439' title='bbox 1144 2732 1297 2769; x_wconf 84' lang='lat' dir='ltr'>tamdiu</span> <span class='ocrx_word' id='word_1_440' title='bbox 1326 2732 1484 2781; x_wconf 87' lang='lat' dir='ltr'>probari</span> <span class='ocrx_word' id='word_1_441' title='bbox 1514 2744 1593 2768; x_wconf 91' lang='lat' dir='ltr'>non</span> <span class='ocrx_word' id='word_1_442' title='bbox 1624 2731 1769 2779; x_wconf 89' lang='lat' dir='ltr'>poterit</span> <span class='ocrx_word' id='word_1_443' title='bbox 1790 2730 1917 2778; x_wconf 91' lang='lat' dir='ltr'>philo-</span> 
     </span>
     <span class='ocr_line' id='line_1_42' title="bbox 182 2789 1915 2842; baseline -0.003 -13"><span class='ocrx_word' id='word_1_444' title='bbox 182 2792 359 2840; x_wconf 85' lang='lat' dir='ltr'>sophiam</span> <span class='ocrx_word' id='word_1_445' title='bbox 382 2804 466 2828; x_wconf 89' lang='lat' dir='ltr'>esse</span> <span class='ocrx_word' id='word_1_446' title='bbox 488 2793 660 2842; x_wconf 79' lang='lat' dir='ltr'>exlegem</span> <span class='ocrx_word' id='word_1_447' title='bbox 692 2795 732 2829; x_wconf 88' lang='lat' dir='ltr'>et</span> <span class='ocrx_word' id='word_1_448' title='bbox 760 2791 1090 2840; x_wconf 86' lang='lat' dir='ltr'>independentem</span> <span class='ocrx_word' id='word_1_449' title='bbox 1122 2804 1143 2828; x_wconf 90' lang='lat' dir='ltr'>a</span> <span class='ocrx_word' id='word_1_450' title='bbox 1163 2792 1313 2829; x_wconf 89' lang='lat' dir='ltr'>ratione</span> <span class='ocrx_word' id='word_1_451' title='bbox 1346 2791 1531 2833; x_wconf 86' lang='lat' dir='ltr'>increata,</span> <span class='ocrx_word' id='word_1_452' title='bbox 1565 2790 1612 2826; x_wconf 89' lang='lat' dir='ltr'>ab</span> <span class='ocrx_word' id='word_1_453' title='bbox 1636 2790 1717 2838; x_wconf 87' lang='lat' dir='ltr'>ipsa</span> <span class='ocrx_word' id='word_1_454' title='bbox 1738 2789 1915 2831; x_wconf 82' lang='lat' dir='ltr'>veritate,</span> 
     </span>
     <span class='ocr_line' id='line_1_43' title="bbox 182 2847 1917 2899; baseline -0.003 -11"><span class='ocrx_word' id='word_1_455' title='bbox 182 2863 280 2898; x_wconf 88' lang='lat' dir='ltr'>quae</span> <span class='ocrx_word' id='word_1_456' title='bbox 311 2851 519 2888; x_wconf 86' lang='lat' dir='ltr'>revelando</span> <span class='ocrx_word' id='word_1_457' title='bbox 551 2863 591 2888; x_wconf 90' lang='lat' dir='ltr'>se</span> <span class='ocrx_word' id='word_1_458' title='bbox 623 2851 860 2888; x_wconf 82' lang='lat' dir='ltr'>manifestat.</span> <span class='ocrx_word' id='word_1_459' title='bbox 904 2850 1035 2895; x_wconf 84' lang='lat' dir='ltr'>Qualis</span> <span class='ocrx_word' id='word_1_460' title='bbox 1069 2851 1170 2887; x_wconf 88' lang='lat' dir='ltr'>enim</span> <span class='ocrx_word' id='word_1_461' title='bbox 1197 2854 1257 2887; x_wconf 83' lang='lat' dir='ltr'>est</span> <span class='ocrx_word' id='word_1_462' title='bbox 1279 2850 1349 2887; x_wconf 87' lang='lat' dir='ltr'>illa</span> <span class='ocrx_word' id='word_1_463' title='bbox 1371 2849 1626 2899; x_wconf 84' lang='lat' dir='ltr'>philosophia,</span> <span class='ocrx_word' id='word_1_464' title='bbox 1659 2860 1758 2896; x_wconf 80' lang='lat' dir='ltr'>quae</span> <span class='ocrx_word' id='word_1_465' title='bbox 1781 2847 1917 2894; x_wconf 83' lang='lat' dir='ltr'>utique</span> 
     </span>
    </p>
   </div>
   <div class='ocr_carea' id='block_1_5' title="bbox 182 2972 1919 3126">
    <p class='ocr_par' dir='ltr' id='par_1_9' title="bbox 182 2972 1919 3126">
     <span class='ocr_line' id='line_1_44' title="bbox 325 2972 1919 3022; baseline -0.004 -12"><span class='ocrx_word' id='word_1_466' title='bbox 325 2977 350 3022; x_wconf 80' lang='lat'>¹)</span> <span class='ocrx_word' id='word_1_467' title='bbox 369 2976 499 3010; x_wconf 88' lang='lat' dir='ltr'>Fusius</span> <span class='ocrx_word' id='word_1_468' title='bbox 515 2977 606 3010; x_wconf 84' lang='lat' dir='ltr'>haec</span> <span class='ocrx_word' id='word_1_469' title='bbox 624 2977 759 3010; x_wconf 84' lang='lat' dir='ltr'>evolvit</span> <span class='ocrx_word' id='word_1_470' title='bbox 788 2977 809 3010; x_wconf 79' lang='lat' dir='ltr'>S</span> <span class='ocrx_word' id='word_1_471' title='bbox 822 2977 873 3009; x_wconf 86' lang='lat' dir='ltr'>ch</span> <span class='ocrx_word' id='word_1_472' title='bbox 887 2977 967 3009; x_wconf 90' lang='lat' dir='ltr'>eeb</span> <span class='ocrx_word' id='word_1_473' title='bbox 980 2985 997 3008; x_wconf 89' lang='lat' dir='ltr'>e</span> <span class='ocrx_word' id='word_1_474' title='bbox 1010 2987 1034 3009; x_wconf 91' lang='lat' dir='ltr'>n</span> <span class='ocrx_word' id='word_1_475' title='bbox 1052 2979 1069 3016; x_wconf 65' lang='grc' dir='ltr'>ξ</span> <span class='ocrx_word' id='word_1_476' title='bbox 1089 2978 1152 3014; x_wconf 76' lang='grc' dir='ltr'>53ς</span> <span class='ocrx_word' id='word_1_477' title='bbox 1182 2975 1384 3019; x_wconf 66' lang='lat' dir='ltr'>Mysterien</span> <span class='ocrx_word' id='word_1_478' title='bbox 1403 2976 1419 3011; x_wconf 65' lang='grc' dir='ltr'><strong>ἓ</strong></span> <span class='ocrx_word' id='word_1_479' title='bbox 1441 2977 1506 3009; x_wconf 88' lang='grc'>106</span> <span class='ocrx_word' id='word_1_480' title='bbox 1527 2986 1571 3008; x_wconf 79' lang='lat' dir='ltr'>ss.</span> <span class='ocrx_word' id='word_1_481' title='bbox 1607 2974 1658 3007; x_wconf 80' lang='lat' dir='ltr'>De</span> <span class='ocrx_word' id='word_1_482' title='bbox 1676 2972 1796 3016; x_wconf 77' lang='lat' dir='ltr'>prima</span> <span class='ocrx_word' id='word_1_483' title='bbox 1824 2981 1919 3004; x_wconf 88' lang='lat' dir='ltr'>com-</span> 
     </span>
     <span class='ocr_line' id='line_1_45' title="bbox 182 3023 1918 3074; baseline -0.004 -11"><span class='ocrx_word' id='word_1_484' title='bbox 182 3030 377 3074; x_wconf 86' lang='lat' dir='ltr'>paratione</span> <span class='ocrx_word' id='word_1_485' title='bbox 390 3029 435 3063; x_wconf 82' lang='lat' dir='ltr'>cf.</span> <span class='ocrx_word' id='word_1_486' title='bbox 447 3029 552 3063; x_wconf 83' lang='lat' dir='ltr'>docte</span> <span class='ocrx_word' id='word_1_487' title='bbox 565 3030 804 3063; x_wconf 82' lang='lat' dir='ltr'>disserentem</span> <span class='ocrx_word' id='word_1_488' title='bbox 819 3028 899 3063; x_wconf 85' lang='lat' dir='ltr'>Cle</span> <span class='ocrx_word' id='word_1_489' title='bbox 912 3040 947 3062; x_wconf 83' lang='grc'>111</span> <span class='ocrx_word' id='word_1_490' title='bbox 959 3039 977 3061; x_wconf 88' lang='grc'>5</span> <span class='ocrx_word' id='word_1_491' title='bbox 988 3040 1009 3061; x_wconf 88' lang='lat' dir='ltr'>n</span> <span class='ocrx_word' id='word_1_492' title='bbox 1025 3040 1040 3062; x_wconf 88' lang='lat' dir='ltr'>s</span> <span class='ocrx_word' id='word_1_493' title='bbox 1055 3028 1099 3062; x_wconf 88' lang='lat' dir='ltr'>de</span> <span class='ocrx_word' id='word_1_494' title='bbox 1111 3028 1412 3062; x_wconf 83' lang='lat' dir='ltr'>scholasticorum</span> <span class='ocrx_word' id='word_1_495' title='bbox 1425 3027 1623 3062; x_wconf 80' lang='lat' dir='ltr'>sententia:</span> <span class='ocrx_word' id='word_1_496' title='bbox 1644 3023 1918 3071; x_wconf 79' lang='lat' dir='ltr'>philosophiam</span> 
     </span>
     <span class='ocr_line' id='line_1_46' title="bbox 188 3080 1580 3126; baseline -0.004 -9"><span class='ocrx_word' id='word_1_497' title='bbox 188 3092 266 3117; x_wconf 86' lang='lat' dir='ltr'>esse</span> <span class='ocrx_word' id='word_1_498' title='bbox 284 3082 459 3116; x_wconf 85' lang='lat' dir='ltr'>ancillam</span> <span class='ocrx_word' id='word_1_499' title='bbox 479 3082 696 3126; x_wconf 83' lang='lat' dir='ltr'>theologiae,</span> <span class='ocrx_word' id='word_1_500' title='bbox 715 3082 928 3116; x_wconf 81' lang='lat' dir='ltr'>Monasterii</span> <span class='ocrx_word' id='word_1_501' title='bbox 950 3083 1050 3116; x_wconf 79' lang='lat'>1860.</span> <span class='ocrx_word' id='word_1_502' title='bbox 1084 3080 1137 3115; x_wconf 89' lang='lat' dir='ltr'>Cf.</span> <span class='ocrx_word' id='word_1_503' title='bbox 1157 3081 1403 3125; x_wconf 86' lang='lat' dir='ltr'>Kleutgen</span> <span class='ocrx_word' id='word_1_504' title='bbox 1423 3081 1444 3116; x_wconf 93' lang='grc'>1.</span> <span class='ocrx_word' id='word_1_505' title='bbox 1465 3092 1492 3114; x_wconf 89' lang='lat' dir='ltr'>c.</span> <span class='ocrx_word' id='word_1_506' title='bbox 1513 3082 1528 3117; x_wconf 69' lang='grc' dir='ltr'>ξ</span> <span class='ocrx_word' id='word_1_507' title='bbox 1549 3082 1580 3113; x_wconf 82' lang='grc'>3.</span> 
     </span>
    </p>
   </div>
  </div>
 </body>
</html>
