2175 3382
164 153 249 192 3722
477 145 598 179 'Prach
621 144 679 178 [ΙΙ.
700 144 743 178 de
762 144 934 188 primatu.
954 143 1080 177 'rhesis
1102 142 1256 177 hxxm.
1278 143 1460 176 Primatus
1479 142 1574 177 Petri

163 269 320 307 seorsim
345 282 365 306 a
390 269 523 305 Petro:
547 268 662 316 plura
683 279 774 304 vero
799 266 965 303 conferri
989 266 1104 301 Petro
1126 264 1288 301 seorsim
1311 277 1331 300 a
1354 264 1516 312 reliquis
1543 265 1752 312 apostolis:
1790 266 1844 302 ita
1866 270 1904 303 et

164 329 223 365 hic
245 341 323 365 non
346 327 501 364 omniuo
524 326 656 363 eadem
679 325 798 363 verba
820 325 866 362 ad
889 324 1062 373 reliquos
1097 322 1185 362 dici.
1221 323 1286 360 sed
1319 335 1363 360 ex
1386 325 1503 372 part
1518 335 1538 360 e
1569 325 1747 360 tantum:
1778 336 1907 373 neque

163 388 266 424 enim
297 386 376 424 illis
398 386 562 424 dicitur:
606 385 731 433 Super
751 385 849 421 hanc
867 389 1018 432 petram
1050 385 1143 426 etc.;
1175 382 1241 418 tibi
1272 382 1369 419 dabo
1400 383 1519 418 clave-⁵·
1555 383 1661 431 reyni
1693 383 1907 420 coelorum:

163 459 282 494 quare
304 458 382 483 non
405 445 583 494 sequitur
605 444 703 481 nihil
739 443 889 492 proprii
924 443 994 479 hoc
1025 441 1066 478 in
1096 441 1121 477 1.
1152 441 1332 489 promitti
1365 441 1400 478 b.
1426 441 1551 485 Petro,
1587 441 1662 487 cui,
1695 444 1742 478 ut
1772 442 1902 490 inquit

162 504 470 543 Bonis-acius
492 505 520 541 Ι.
546 517 638 548 ,arx
662 502 870 540 sacerdotii
893 500 1085 538 dominica
1109 511 1199 537 voce
1222 511 1405 537 concessa
1427 503 1489 537 est
1511 497 1586 550 (ep.
1612 506 1634 539 :3
1659 513 1694 537 n.
1724 497 1802 552 1).‘
1846 502 1904 538 Ad

162 565 256 602 haec
278 562 323 604 b,
345 563 467 601 verba
488 563 624 600 Matth.
654 569 716 605 16,
747 569 795 601 19
820 560 985 609 praemii
1009 559 1155 596 habent
1169 559 1373 602 rationem,
1398 572 1514 606 quam
1531 559 1733 604 amitt-unt,
1759 560 1790 597 si
1804 560 1903 597 nihil

162 623 312 673 proprii
334 623 382 660 iis
405 622 652 671 promittitur
674 622 804 657 Petro.
848 619 996 656 Deinde
1019 628 1058 658 (¹.
1082 617 1294 655 eorundem
1329 618 1541 655 verborum
1571 621 1743 666 potestas
1774 619 1904 656 inten-

163 683 272 720 ditur
294 682 355 719 vel
378 681 596 719 remittitur
617 692 686 729 pro
709 679 815 716 varia
838 678 1032 727 dignitate
1067 677 1257 725 subjecti3
1291 677 1401 725 atqui
1431 677 1568 714 Petrus
1599 681 1733 726 petrae
1766 677 1906 715 funda-

163 742 366 790 mentique
401 740 594 790 dignitate
623 751 716 788 prae
747 737 911 786 reliquis
942 736 1020 774 fuit
1050 735 1266 785 insignitus
1297 736 1504 784 apostolis;
1537 749 1629 786 ergo
1662 749 1739 774 non
1771 737 1905 775 eodem

163 813 322 850 prorsus
344 800 457 838 modo
492 799 624 836 eadem
647 797 764 835 verba
795 796 842 834 ad
875 808 964 833 eum
996 795 1247 843 reliquosque
1279 796 1471 844 apostolos
1507 798 1700 845 spectant,
1742 796 1908 845 Insuper

165 858 212 900 d.
236 872 313 909 quo
335 859 547 897 solemnius
570 858 662 894 haec
684 856 804 893 verba
825 855 871 892 ad
893 867 1020 892 unum
1042 854 1190 891 directa
1212 857 1307 891 sunt
1329 855 1501 899 Petrum,
1525 867 1570 892 eo
1593 854 1762 903 pleniori
1785 855 1906 905 signi-

165 919 342 957 ficatione
375 918 421 955 ad
454 930 543 954 euni
573 916 771 965 pertinere
803 914 995 952 censenda
1037 916 1139 952 sunt.
1184 913 1408 950 Traditione
1441 914 1543 951 enim
1577 914 1763 959 clavium,
1806 926 1906 963 quae

166 979 262 1016 soli
285 979 401 1015 Petro
424 975 666 1014 concreditae
688 975 889 1024 leguntur.
927 973 1022 1010 satis
1054 975 1185 1021 aperte
1208 972 1463 1022 significatur,
1488 975 1726 1021 potestatem
1756 973 1907 1022 ligandi

166 1037 418 1084 solvendique
439 1036 480 1073 in
502 1035 618 1072 Petro
641 1046 724 1071 esse
745 1033 918 1082 origin
933 1033 979 1070 al
993 1045 1073 1074 em,
1098 1031 1440 1080 independentem‚
1472 1044 1697 1081 supremam
1718 1045 1760 1069 ac
1782 1032 1906 1070 veluti

167 1098 208 1134 in
230 1096 248 1133 f
255 1098 383 1137 onte,
408 1094 512 1143 quod
535 1094 664 1131 verbis
689 1092 737 1130 ad
761 1092 958 1142 apostolos
995 1091 1111 1128 dictis
1142 1103 1220 1128 non
1250 1092 1307 1143 ita
1337 1091 1585 1139 exprimitur.
1629 1091 1737 1135 Quod
1763 1102 1804 1132 e.
1827 1102 1907 1128 non

164 1156 269 1206 fugit
297 1157 441 1205 patres,
473 1156 520 1191 ut
548 1153 720 1190 vidimus
752 1148 808 1205 (n.
834 1148 947 1203 353),
979 1153 1098 1199 atque
1128 1150 1273 1187 iterum
1304 1150 1477 1188 inculcat
1508 1162 1537 1187 6.
1568 1150 1663 1188 Leo
1691 1162 1749 1199 ep.
1781 1158 1826 1192 10
1859 1151 1907 1187 ad

166 1216 281 1264 episc.
304 1226 410 1263 prov.
433 1213 534 1250 vien.
558 1225 587 1250 c.
614 1218 658 1251 2:
684 1211 782 1256 „Cui
802 1211 919 1248 Pet-ro
942 1223 1028 1248 cum
1054 1222 1145 1258 prae
1168 1209 1310 1247 ceteris
1333 1209 1510 1247 solvendi
1532 1211 1573 1247 et
1593 1209 1745 1259 ligandi
1758 1209 1905 1247 tradita

167 1275 219 1312 sit
240 1276 423 1323 potestas,
446 1272 727 1321 pascendarum
749 1272 881 1307 tamen
904 1269 1036 1307 ovium
1061 1280 1153 1306 cura
1175 1269 1355 1316 specialis
1387 1269 1572 1306 mandata.
1602 1272 1664 1306 est
1685 1266 1814 1321 (Joan.
1839 1274 1904 1309 21.

174 1331 264 1378 153:
289 1333 352 1370 cui
374 1331 554 1380 quisquis
577 1330 841 1379 principatum
854 1328 1035 1366 aestimet
1046 1328 1330 1377 denegandum.
1354 1328 1463 1365 illius
1486 1328 1648 1376 quidem
1668 1328 1779 1365 nullo
1792 1328 1906 1366 modo

168 1382 299 1441 potest-
320 1392 497 1428 minuere
519 1389 766 1440 dignitatem,
801 1388 867 1426 sed
891 1388 1051 1425 inflatus
1076 1387 1221 1436 spiritu
1243 1387 1448 1436 superbiae
1472 1399 1567 1425 suae
1590 1387 1846 1436 semetipsum
1867 1387 1908 1424 in

167 1452 319 1489 inferna
341 1450 573 1499 demergit.‘
617 1449 667 1485 Et
689 1461 747 1497 ep.
776 1454 825 1488 14
850 1447 898 1484 ad
920 1447 1173 1484 Anastasium
1197 1458 1226 1483 6.
1257 1454 1268 1486 l
1287 1454 1300 1486 l
1319 1460 1326 1483 :
1352 1473 1368 1491 ⁷>
1382 1447 1574 1484 Connexio
1597 1446 1721 1484 totius
1735 1446 1909 1495 corporis

167 1524 286 1549 unam
308 1510 528 1552 sanitatem,
552 1521 671 1546 unam
693 1506 1029 1556 pulchritudinem
1051 1506 1164 1551 facit3
1197 1510 1237 1542 at
1268 1506 1361 1543 haec
1384 1506 1571 1543 connexio
1593 1506 1717 1543 totius
1748 1505 1907 1555 quidem

168 1569 340 1619 corporis
361 1568 662 1606 unanimitatem
689 1566 870 1615 requirit,
894 1566 957 1603 sed
991 1565 1195 1614 praecipue
1228 1565 1350 1615 exigit
1371 1565 1620 1603 concordiam
1654 1565 1910 1605 sacerdotum.

169 1629 320 1674 Quibus
352 1641 440 1666 cum
473 1627 645 1677 dignitas
677 1623 871 1679 (potestas
902 1625 1063 1669 ordinis,
1096 1624 1296 1661 character
1327 1623 1570 1676 episcopalis)
1602 1624 1655 1661 sit
1682 1624 1908 1662 communis.

168 1701 247 1726 non
269 1691 327 1725 est
360 1689 493 1725 tamen
525 1686 618 1724 ordo
649 1685 843 1735 generalis
877 1681 988 1736 (ordo
1019 1684 1061 1721 in
1092 1683 1308 1720 hierarchia
1332 1683 1621 1732 jurisdictionis
1652 1682 1911 1735 communis);

168 1747 352 1797 quoniam
375 1749 413 1785 et
436 1746 539 1783 inter
560 1745 624 1782 bb.
646 1745 842 1810 apostolos
872 1743 914 1780 in
935 1743 1196 1781 similitudine
1226 1743 1383 1780 honoris
1413 1743 1491 1780 fuit
1513 1742 1704 1790 quaedam
1727 1742 1913 1780 discretio

167 1807 386 1856 potestatis,
410 1808 450 1843 et
472 1818 560 1843 cum
583 1804 758 1841 omnium
780 1816 850 1852 par
871 1805 974 1840 esset
995 1802 1146 1847 electio,
1183 1802 1254 1839 uni
1276 1805 1408 1839 tamen
1431 1802 1566 1839 datum
1589 1814 1630 1838 66
1633 1805 1661 1847 t,
1692 1804 1739 1839 ut
1770 1801 1909 1839 ceteris

168 1866 464 1915 praeemineret.
475 1870 493 1888 <'
526 1864 627 1901 Hinc
649 1860 686 1903 f.
710 1863 752 1900 in
774 1861 1062 1910 antiquissimis
1085 1861 1181 1898 artis
1204 1861 1440 1898 christianae
1471 1861 1735 1898 monumentis
1768 1861 1913 1917 solus

168 1926 310 1963 Petrus
333 1937 422 1962 cum
445 1923 620 1972 clavibus
654 1923 986 1971 repraesentatur.
1029 1921 1132 1970 Ergo
1166 1920 1325 1958 illarum
1355 1920 1614 1969 promissione
1645 1919 1796 1968 aliquid
1828 1920 1909 1957 sin-

169 1985 304 2034 gulare
341 1983 427 2021 aliis
462 1995 541 2020 non
572 1994 774 2020 commune
809 1981 887 2018 fuit
921 1980 1196 2030 significatum.
1239 1980 1505 2017 Luculentum
1535 1979 1761 2017 traditionis
1792 1991 1911 2028 argu·

168 2046 368 2081 mentum!
394 2042 446 2080 Cf.
469 2040 716 2079 Palmieri
738 2041 793 2077 th.
822 2048 854 2080 1.

289 2114 386 2155 357-
409 2110 577 2153 ThssSiS
600 2109 833 2152 LXXIII·
876 2123 1121 2156 Primatus
1143 2122 1482 2163 praeroyativa
1511 2122 1650 2155 Petro
1675 2122 1910 2162 promissa

169 2187 420 2227 praeterea
448 2184 754 2224 continuatur
778 2182 928 2217 verbis
954 2182 1213 2217 salvatoris
1239 2181 1350 2214 Luc.
1376 2180 1451 2222 22,
1476 2179 1535 2213 31
1560 2188 1617 2213 ss.

290 2253 670 2296 Demonstratio.
716 2251 906 2292 Christus
928 2250 1101 2291 Petrum
1124 2248 1219 2290 Luc.
1244 2250 1314 2297 22,
1337 2251 1391 2293 31
1417 2261 1452 2288 6.
1483 2249 1543 2288 ita
1565 2248 1646 2289 allo
1709 2248 1809 2289 itur.
1842 2249 1913 2290 Si-

173 2338 250 2370 >7102
291 2296 742 2403 κδίΜοηἫεῖἱῖἆη
956 2335 978 2361 z
1021 2261 1863 2432 Qmfflcuffffissfflh
1856 2284 2072 2374 ‘3⁴0⁶th
2165 2325 2168 2332 ’

129 2362 246 2435 ⁵¹7&
272 2407 307 2432 m
291 2366 572 2474 “royffipro
595 2397 644 2447 te
675 2397 721 2432 ut
746 2369 853 2469 Ἕῗῖ
942 2354 1198 2445 ammi
1312 2362 1673 2445 Wffquamffi
1693 2402 1859 2431 convers
1891 2403 1912 2430 s
1996 2373 2112 2405 w

36 2453 111 2486 ‘s'
172 2478 243 2505 con
280 2450 372 2505 mii&
394 2468 414 2518 γ
441 2427 818 2517 a12e34m·quae
842 2445 1048 2504 affunum
1072 2462 1284 2515 pertinere
1307 2460 1526 2502 Simonem
1548 2460 1719 2502 Petrum
1742 2471 1794 2500 ex
1816 2460 1912 2513 ipsa

175 2535 338 2576 oraculi
358 2534 539 2576 lectione
562 2534 832 2576 manifestum
855 2538 929 2576 est
971 2533 1023 2574 Iis
1046 2537 1189 2574 autem
1211 2532 1338 2574 Petro
1360 2532 1620 2585 promittitur

293 2607 334 2649 1.
366 2605 471 2647 fides
502 2604 931 2645 indefectibilis:
964 2616 1073 2657 quae
1107 2603 1236 2645 illatio
1260 2603 1493 2644 illustratur
1515 2607 1757 2655 opportuna
1778 2601 1914 2642 colla-

173 2678 290 2718 tione
313 2689 410 2717 cum
431 2676 576 2717 Matth.
604 2679 667 2724 16
695 2679 758 2720 18
794 2673 912 2716 Sicut
933 2675 1046 2716 enim
1069 2688 1110 2718 a.
1135 2674 1193 2715 ibi
1215 2673 1469 2716 exhibentur
1490 2678 1640 2726 portae
1661 2671 1783 2713 inferi
1804 2684 1910 2724 pug-

172 2752 353 2789 naturae
376 2752 526 2788 contra
546 2746 791 2795 Ecclesiam,
822 2747 880 2787 ita
914 2751 956 2787 et
984 2746 1053 2786 hic
1085 2750 1260 2786 satanas
1293 2745 1553 2786 cribraturus
1576 2742 1794 2796 apostolos
1816 2746 1912 2784 ten-

173 2819 335 2860 tatione
357 2817 618 2870 gravissima.
661 2815 778 2858 Sicut
799 2816 856 2857 ibi
888 2818 935 2860 b.
959 2816 1072 2858 Petri
1095 2817 1352 2858 soliditatem
1375 2812 1814 2885 adumbraQi-ristus
1835 2825 1909 2866 pe-

174 2895 266 2931 trae
287 2888 495 2943 symbolo,
519 2888 578 2928 ita
599 2887 669 2927 hic
691 2887 845 2928 diserte
867 2888 1073 2940 promittit
1093 2899 1179 2928 non
1203 2886 1464 2928 defecturam
1486 2885 1599 2926 Petri
1619 2884 1756 2926 fidem.
1793 2882 1912 2925 Sicut

174 2961 232 3002 ibi
267 2973 309 3004 e.
343 2958 560 3009 Ecclesiae
591 2958 904 3010 impugnandae
937 2958 1118 2999 consulit
1148 2970 1244 2999 eam
1276 2955 1539 2998 aedificando
1572 2967 1703 3008 supra
1732 2959 1911 3008 petram,

175 3043 285 3084 quae
307 3030 422 3071 illam
445 3032 672 3070 sustentet:
696 3028 756 3068 ita
777 3028 845 3068 hic
863 3028 1062 3069 fratribus
1075 3027 1290 3069 tentandis
1304 3026 1486 3068 consulit
1498 3025 1754 3079 injungendo
1769 3025 1910 3073 PetrO,

177 3102 295 3154 cujus
317 3100 442 3142 fidem
464 3098 645 3141 reddidit
666 3098 1003 3148 indefectibilem‚
1026 3111 1180 3140 munus
1203 3110 1277 3140 eos
1299 3096 1579 3138 confirmandi
1600 3097 1644 3137 in
1665 3095 1757 3137 fide.
