2175 3382
233 126 313 168 11ss
689 116 807 150 'ri-act.
825 115 851 149 1.
871 116 1052 161 Apologia
1070 116 1171 161 relig.
1192 115 1315 150 christ.
1336 116 1389 151 De
1408 117 1514 150 modo

346 240 386 283 4.
410 241 554 279 Inutile
586 252 663 277 non
687 240 761 277 erit
783 239 932 288 aperire
964 239 1104 276 malam
1129 239 1241 276 fidem
1266 238 1570 283 incredulorum,
1602 253 1767 289 quorum
1803 243 1958 280 cavilla·
1984 273 1991 278 ,

226 303 400 341 tionibus
431 302 529 338 sorte
564 299 748 337 seductus
771 302 830 336 est
851 299 894 341 is,
926 310 1093 347 quocum
1116 298 1387 346 colloquimur.
1431 298 1470 334 Si
1494 299 1597 336 enim
1619 299 1752 349 agitur
1773 300 1820 337 de
1843 302 1959 339 mira-

226 362 325 399 culis
347 361 500 408 alioque
522 358 636 401 facto,
660 371 737 406 quo
759 357 1013 395 revelationis
1035 357 1265 394 exsistentia
1286 357 1570 405 comprobet-ur,
1595 370 1642 395 ne
1676 359 1847 397 millenis
1870 361 1958 409 qui-

225 421 312 458 dem
344 419 509 457 credunt
539 417 732 456 testibus:
765 417 797 454 si
819 429 909 454 vero
938 416 1119 461 refertur,
1143 415 1304 464 aliquid,
1338 416 1443 465 quod
1466 420 1608 465 putent
1630 417 1828 455 adversari
1850 432 1958 456 reve-

225 479 374 522 lationi,
399 478 475 516 etsi
497 476 764 526 improbabile,
793 476 865 513 etsi
888 475 1095 512 manifesto
1118 475 1257 511 falsum
1279 479 1319 512 et
1340 475 1563 519 absurdum,
1589 479 1682 513 sunt
1702 479 1859 521 temere,
1885 478 1957 516 im-

224 539 447 588 prudenter,
480 537 598 585 impie
630 535 798 573 creduli:
831 546 935 572 unus
968 534 1083 571 etiam
1120 533 1406 582 qualiscunque
1435 535 1601 572 sufficiet
1624 535 1748 574 testis.
1783 536 1823 573 in
1847 538 1959 586 cujus

225 599 342 636 verba
359 597 564 646 jurabunt.
599 595 645 632 In
667 593 892 642 explicanda
915 593 1065 642 origine
1088 593 1257 630 hominis
1279 606 1300 630 a
1322 593 1432 630 simia
1454 594 1604 630 nullam
1627 594 1835 633 inveniunt
1857 596 1957 633 diffi-

224 658 424 701 cultatem,
456 655 586 692 omnia
615 667 684 703 per
715 665 754 690 se
786 656 917 701 patere
949 652 1162 689 affirmant:
1196 652 1262 689 sed
1295 652 1434 701 dogma
1463 653 1706 696 catholicum,
1741 655 1955 692 secundum

223 716 326 766 quod
358 727 491 754 omnes
522 714 697 751 homines
728 713 776 749 ab
798 724 876 749 uno
900 711 1141 749 descendunt
1165 711 1366 748 hominum
1388 711 1486 760 pari,
1521 712 1760 760 impossibile
1783 718 1955 751 censent.

223 776 375 820 Quare?
407 774 496 822 quia
530 773 584 810 ita
613 773 723 809 docet
745 771 951 808 revelatio!
987 770 1026 807 Si
1050 770 1144 807 haec
1165 770 1405 807 contrarium
1428 773 1630 814 statueret,
1654 772 1694 808 id
1716 772 1820 820 quod
1843 773 1957 810 modo

223 834 467 873 contendunt
498 844 580 870 esse
613 830 870 879 impossibile,
903 829 1104 867 evidenter
1125 829 1310 878 possibile
1333 842 1419 866 mox
1442 829 1706 867 decernerent.
1750 831 1811 868 Ad
1832 832 1954 880 expli-

222 895 388 932 candum
418 892 588 940 lapidem
619 891 660 927 in
688 890 897 927 cochlearis
920 889 1084 926 formam
1106 895 1334 926 excavatum
1357 889 1520 938 exigunt
1541 889 1709 927 hominis
1731 890 1955 940 intelligen-

220 954 328 997 tiam,
359 956 406 989 ut
435 951 606 988 inserant
635 949 797 986 invento
828 948 900 986 tali
926 948 1191 985 instrumento
1223 947 1266 984 in
1296 952 1422 985 terrae
1454 949 1586 985 stratis
1618 949 1760 987 abdito.
1793 949 1954 987 humani

220 1012 373 1062 generis
397 1013 564 1048 aetatem
583 1007 885 1045 remotissimam
906 1008 1040 1044 contra
1054 1006 1277 1055 Scripturae
1298 1007 1593 1051 auctoritatem3
1617 1007 1664 1044 ad
1687 1009 1953 1056 explicandam

220 1083 311 1108 vero
334 1068 665 1108 ordinatissimam
687 1080 818 1104 rerum
840 1065 1145 1104 universitatem
1167 1066 1281 1114 plane
1304 1065 1502 1103 sufficiens
1525 1070 1583 1104 est
1606 1078 1731 1112 casus,
1760 1068 1870 1105 nulla
1891 1080 1952 1105 re-

220 1130 395 1179 quiritur
417 1127 595 1177 superior
616 1126 894 1175 intelligentia,
917 1138 1056 1174 nempe
1078 1125 1251 1173 ipsorum
1268 1125 1464 1172 sapientia
1480 1125 1625 1174 judice.
1649 1125 1759 1170 Quod
1774 1126 1806 1163 si
1821 1127 1955 1177 agitur

220 1190 267 1226 de
288 1188 450 1226 historia
464 1186 655 1225 Ecclesiae
677 1185 900 1229 catholicae,
924 1197 1039 1232 quam
1063 1184 1165 1221 mala
1186 1184 1260 1221 fide
1282 1186 1455 1221 utuntur
1476 1184 1516 1221 in
1537 1185 1808 1233 pervertendis
1830 1186 1950 1231 factis,

219 1247 485 1297 contingendis
506 1245 669 1290 fabellis,
693 1243 957 1282 diffundendis
981 1243 1207 1280 calumniis!
1234 1243 1328 1280 Cum
1350 1243 1525 1281 utilitate
1540 1244 1645 1293 leget
1666 1244 1691 1281 1.
1706 1244 1952 1282 Geschichts-

218 1307 350 1357 liigen,
383 1306 607 1343 Paderborn
642 1310 750 1345 1893
784 1304 843 1341 ed.
881 1311 942 1344 10.
985 1302 1058 1340 Vix
1089 1303 1187 1351 puto
1217 1302 1378 1351 reperiri
1413 1302 1667 1348 incredulum,
1699 1303 1778 1352 qui,
1811 1304 1843 1341 si
1873 1316 1952 1342 non

218 1367 319 1404 mala
340 1366 426 1408 fide,
449 1365 569 1402 nimia
592 1364 731 1401 saltem
755 1363 997 1408 credulitate,
1030 1374 1107 1398 non
1129 1361 1347 1410 plurimum
1369 1364 1511 1410 peccet,
1544 1373 1631 1399 cum
1653 1362 1787 1412 agitur
1808 1363 1854 1400 de
1877 1364 1950 1400 im-

217 1425 429 1475 pugnanda
460 1423 708 1467 revelatione,
741 1426 859 1471 atque
880 1422 936 1458 ita
958 1421 1097 1458 saltem
1118 1421 1202 1469 ipso
1225 1420 1326 1458 facto
1348 1421 1580 1469 plerumque
1602 1421 1677 1458 sibi
1699 1422 1949 1467 contradicat,

217 1485 292 1522 alia
322 1486 439 1533 atque
473 1483 548 1521 alia
569 1489 686 1519 utens
708 1494 845 1519 norma
865 1482 907 1518 in
929 1480 1188 1529 dijudicandis
1211 1480 1467 1529 argumentis,
1501 1493 1599 1529 quae
1620 1492 1691 1529 pro
1713 1481 1950 1519 revelatione

212 1556 391 1592 quaeque
415 1547 551 1581 contra
572 1541 733 1579 eandem
756 1540 1019 1578 adducuntur.

331 1601 372 1644 ὃ.
395 1601 575 1639 Proderit
606 1600 772 1638 subinde
793 1599 989 1637 inculcare
1013 1598 1203 1647 principia
1226 1598 1426 1643 nonnulla,
1459 1611 1559 1646 quae
1582 1599 1674 1636 licet
1696 1600 1949 1637 revelationis

212 1662 360 1699 factum
381 1661 555 1699 nondum
577 1660 858 1704 demonstrent,
894 1658 997 1695 viam
1020 1658 1158 1695 saltem
1181 1660 1358 1695 sternant
1379 1657 1427 1694 ad
1449 1669 1535 1694 eam
1557 1658 1778 1706 promptius
1802 1658 1944 1696 admit-

211 1721 379 1759 tendam.
402 1719 603 1769 Ejusmodi
624 1719 816 1768 principia
837 1731 873 1755 v,
896 1730 952 1767 gr.
976 1719 1090 1754 sunt:
1125 1727 1166 1756 a.
1190 1717 1232 1753 in
1253 1717 1454 1765 plerisque
1477 1717 1648 1765 negotiis
1670 1717 1805 1766 magni
1827 1717 1944 1755 etiam

210 1780 397 1818 momenti
428 1782 632 1817 contentos
663 1790 734 1815 nos
766 1790 850 1815 esse
881 1777 1021 1814 debere
1043 1768 1291 1821 certitudine,
1323 1776 1472 1823 injuste
1494 1776 1685 1824 postulari
1709 1776 1944 1814 evidentiam

211 1837 265 1891 (n.
291 1839 383 1890 98);
419 1837 466 1878 b.
489 1838 715 1886 imprudens
737 1849 819 1874 esse
841 1839 1000 1885 propter
1021 1835 1284 1885 ignorantiam
1305 1834 1421 1878 modi,
1455 1847 1532 1883 quo
1554 1847 1614 1872 res
1637 1847 1677 1873 se
1699 1835 1828 1879 habet,
1862 1848 1943 1872 rem

209 1899 334 1947 ipsam
355 1910 516 1947 negare3
542 1907 582 1937 c.
598 1896 891 1934 incredulorum
905 1897 1147 1944 argumenta,
1172 1894 1204 1931 si
1228 1896 1456 1943 urgeantur,
1479 1894 1644 1931 nimium
1657 1894 1832 1943 probare,
1856 1907 1944 1932 cum

210 1958 440 1995 subvertant
462 1968 614 1994 omnem
639 1955 915 1993 certitudinem
937 1958 1008 1991 etc.
1031 1953 1114 1997 Qua
1136 1953 1333 1990 occasione
1357 1951 1402 1992 d.
1427 1953 1593 1990 indicari
1619 1955 1809 2001 poterunt
1829 1954 1942 1994 mala,

210 2029 309 2065 quae
331 2019 627 2064 consequuntur
648 2014 986 2052 incredulitatem:
1011 2025 1127 2059 quam
1149 2012 1275 2049 tristis
1298 2012 1459 2049 humani
1479 2013 1635 2061 generis
1659 2012 1830 2050 conditio
1852 2012 1942 2050 abs-

209 2088 284 2124 que
306 2075 554 2118 revelatione,
577 2077 623 2111 ut
645 2074 693 2111 ad
714 2073 950 2111 evidentiam
972 2072 1111 2120 probat
1134 2074 1261 2108 status
1282 2072 1436 2120 generis
1450 2071 1611 2108 humani
1625 2075 1715 2108 ante
1731 2071 1941 2118 Christum,

208 2134 378 2172 conditio
409 2146 592 2183 praesens
622 2136 684 2170 tot
714 2132 906 2182 gentium,
940 2143 1040 2179 quae
1071 2133 1204 2168 carent
1234 2129 1421 2167 beneficio
1451 2130 1653 2179 religionis
1687 2130 1940 2168 christianae:

208 2207 325 2242 quam
347 2194 551 2242 desperata
577 2193 770 2229 humanae
792 2191 958 2228 rationis
982 2201 1107 2234 causa,
1141 2190 1174 2226 si
1198 2189 1261 2226 vel
1283 2189 1366 2238 ipsa
1388 2189 1526 2238 religio
1549 2189 1770 2234 christiana,
1803 2202 1940 2238 quam·

207 2253 264 2290 vis
286 2253 391 2290 ferax
413 2256 473 2289 tot
493 2252 697 2296 bonorum,
721 2252 824 2288 esset
845 2250 1076 2300 figmentum
1098 2252 1254 2286 tantum
1276 2251 1394 2296 atque
1411 2248 1517 2285 fraus
1533 2248 1721 2293 humana3
1748 2261 1865 2297 quam
1879 2249 1938 2285 in-

206 2311 345 2349 fernali
366 2311 454 2349 odio
476 2311 671 2348 increduli
693 2310 954 2358 insequantur
974 2308 1206 2358 religionem
1229 2307 1459 2345 catholicam
1474 2320 1635 2354 eamque
1650 2307 1769 2344 solam
1784 2304 1837 2360 (n.
1856 2305 1939 2360 84).

323 2369 365 2411 6.
391 2371 627 2420 Cognoscere
657 2371 813 2418 oportet
845 2367 1135 2406 incredulitatis
1167 2367 1327 2411 radices,
1360 2379 1459 2415 quae
1482 2373 1575 2403 sunt
1602 2376 1642 2407 a.
1666 2366 1937 2415 corruptio

204 2442 377 2472 morum;
401 2442 521 2477 quare
543 2441 656 2477 saepe
678 2428 853 2477 proderit
870 2427 1009 2475 juveni
1030 2427 1170 2463 misere
1185 2426 1344 2463 seducto
1360 2425 1456 2462 etin
1469 2425 1710 2474 profundum
1723 2425 1936 2463 increduli-

203 2488 297 2525 tatis
329 2489 483 2536 delapso
514 2489 556 2524 in
586 2487 809 2525 memoriam
845 2487 1030 2524 reducere
1053 2486 1136 2522 dies
1158 2485 1416 2530 innocentiae,
1448 2497 1592 2534 pacem,
1624 2484 1826 2534 gaudium,
1860 2497 1937 2533 quo

203 2550 299 2585 tunc
319 2547 544 2590 fruebatur;
581 2547 763 2594 quodque
785 2558 865 2583 non
886 2548 1047 2594 propter
1068 2544 1240 2594 diligens
1262 2544 1509 2592 solidumque
1532 2544 1708 2580 studium
1730 2543 1845 2580 fidem
1868 2544 1936 2580 ab-

198 2607 349 2655 jecerit,
382 2606 447 2643 sed
478 2609 638 2654 propter
668 2605 892 2654 passionum
915 2604 1213 2648 vehementiam,
1247 2603 1391 2651 quibus
1421 2602 1516 2639 fides
1546 2602 1700 2652 ingrata
1722 2614 1875 2650 semper
1897 2606 1935 2639 et

202 2666 367 2702 molesta
389 2665 557 2702 exsistit.
583 2662 627 2705 b.
643 2664 790 2701 Judicii
811 2664 1026 2700 levitas.
1050 2675 1149 2711 quae
1171 2662 1358 2699 veritates
1381 2673 1531 2710 graves,
1554 2661 1852 2709 inquisitionem
1875 2673 1934 2698 se-

201 2724 310 2769 riam,
342 2724 519 2761 studium
550 2723 717 2760 solidum
749 2726 962 2767 aversatur,
995 2722 1160 2770 ideoque
1192 2721 1329 2769 quavis
1360 2721 1532 2769 speciosa
1554 2720 1786 2757 difficultate
1808 2733 1830 2757 a
1852 2732 1932 2757 cre-

202 2783 328 2820 dendo
359 2782 581 2819 deterretur
610 2782 878 2830 libentiusque
910 2784 1123 2830 occupatur
1154 2780 1297 2817 studiis
1331 2779 1516 2828 physicis.
1550 2779 1720 2828 negotiis
1752 2778 1932 2827 politicis,

201 2842 304 2879 curis
333 2841 551 2886 mundanis,
583 2841 901 2885 recreationibus,
934 2853 1033 2889 quae
1064 2840 1243 2877 sensibus
1277 2839 1544 2876 blandiantur.
1586 2838 1688 2875 Huic
1709 2839 1934 2886 opponatur

200 2903 443 2938 momentum
481 2900 698 2949 praesentis
729 2900 844 2945 vitae,
886 2900 1037 2941 damna,
1078 2912 1179 2948 quae
1220 2910 1265 2935 ex
1296 2897 1488 2946 ejusmodi
1519 2897 1679 2934 levitate
1710 2909 1780 2945 pro
1811 2897 1933 2933 altera

200 2972 396 3009 emergere
417 2961 594 3007 possunt,
615 2958 780 2995 rationis
799 2959 993 2996 humanae
1007 2958 1192 3007 dignitas,
1215 2956 1448 3006 gaudiorum
1462 2955 1748 2993 mundanorum
1764 2955 1929 2999 vanitas,

199 3031 297 3066 quae
319 3031 382 3056 cor
412 3017 579 3055 hominis
599 3029 679 3054 non
701 3018 857 3054 satiant.
890 3027 930 3057 (3.
953 3017 1224 3065 Superbia,
1258 3015 1304 3052 de
1326 3028 1403 3063 qua
1424 3016 1506 3063 jam
1529 3027 1646 3063 supra
1668 3014 1833 3063 egimus,
1867 3014 1929 3051 cui

195 3077 341 3114 mederi
372 3089 576 3125 possumus
597 3076 838 3125 provocando
867 3076 915 3113 ad
936 3078 996 3113 tot
1017 3076 1122 3113 viros
1145 3076 1290 3120 doctos,
1322 3074 1468 3121 quibus
1490 3073 1627 3123 religio
1650 3072 1839 3111 catholica
1861 3073 1927 3109 ab·
