2175 3382
200 148 287 187 492
628 138 745 172 'l‘ract.
769 138 824 172 tv.
844 137 888 170 de
907 138 987 171 fide.
1005 136 1133 171 'rhesis
1153 135 1326 170 LXXXII.
1346 135 1398 170 De
1417 136 1501 170 fidei

321 258 612 302 Declaratio.
656 256 714 296 Ex
747 257 953 298 hactenus
980 255 1101 296 dictis
1123 259 1250 308 patet,
1284 255 1495 296 rationem
1527 255 1568 295 in
1601 254 1750 307 triplici
1773 254 1932 306 ordine,

203 331 442 381 ontologico
467 328 564 375 scil,
597 327 732 379 logico
765 332 807 368 et
838 327 976 368 ethico
1008 331 1279 379 praevertere
1314 325 1450 367 fidem.
1493 324 1586 377 Quo
1619 337 1705 367 non
1737 325 1935 368 obstante

204 402 304 442 tides
327 401 557 441 christiana
589 401 652 439 est
682 398 757 438 lib
772 409 884 446 era,
916 409 1054 450 neque
1077 396 1235 438 tructus
1258 396 1525 437 necessarius
1548 396 1936 446 demonstrationis,

203 486 285 526 qua
318 471 567 524 apologetae
599 469 903 510 revelationem
937 468 1211 508 chriStianam
1245 467 1461 508 evidenter
1493 465 1735 507 credibilem
1759 466 1936 508 creden-

202 544 386 596 damque
409 542 716 587 demonstrant,
748 544 791 580 ut
826 551 943 581 conc.
974 539 1289 579 vaticanum
1317 549 1418 581 sess,
1444 540 1469 581 3
1492 549 1583 578 can.
1607 540 1633 582 5
1656 537 1708 579 de
1731 536 1811 578 fide
1835 536 1936 578 defi-

204 615 326 656 nivit:
365 612 431 664 „Si
464 614 557 665 quis
589 611 739 652 dixerit
770 622 992 651 assensum
1017 609 1111 650 fidei
1134 609 1390 650 christianae
1412 620 1500 649 non
1523 619 1616 649 esse
1638 607 1829 658 liberum,
1861 607 1935 649 sed

201 684 462 737 argumentis
484 684 698 723 humanae
721 682 899 722 rationis
922 681 1165 722 necessario
1188 680 1365 733 produci
1389 681 1398 724 .’
1420 714 1427 720 .
1451 713 1458 720 .
1483 679 1530 721 Α.
1546 678 1608 721 5.“
1638 678 1696 722 Cf.
1719 684 1761 721 et
1782 691 1873 733 cap.
1895 683 1935 728 3,

203 762 244 797 et
261 757 348 809 jam
366 760 492 796 antea
507 766 624 795 conc,
648 753 1010 794 tridentinum
1033 764 1135 793 sess.
1151 756 1175 796 6
1198 763 1286 803 cap.
1304 755 1340 796 6.
1365 749 1469 792 Cum
1485 755 1626 792 autem
1643 755 1792 792 contra
1814 750 1936 792 Her-

203 839 310 868 mes
334 832 512 874 tuemur,
534 837 620 866 non
643 824 779 865 solum
806 824 928 865 tidem
953 824 1105 872 vivam,
1132 822 1206 864 sed
1233 835 1438 864 omnem
1466 822 1696 864 salutarem
1718 834 1812 864 esse
1833 822 1938 864 libe-

206 910 311 946 ram,
335 897 375 937 id
399 909 484 937 non
507 895 767 936 affirmamus
790 895 841 936 de
865 906 916 935 ea
938 895 979 934 in
1005 899 1103 935 actu
1124 898 1288 935 tantum
1312 894 1483 946 primo
1507 898 1548 934 et
1570 895 1612 934 in
1636 905 1767 935 causa
1788 905 1864 935 seu
1885 905 1937 936 eo

206 981 346 1021 sensu,
381 979 463 1021 quo
497 967 625 1007 etiam
658 965 807 1019 aliquis
840 977 1040 1006 assensus
1072 964 1481 1006 demonstrationem
1512 965 1754 1006 necessario
1787 977 1940 1006 conse-

203 1051 339 1093 quens
361 1039 467 1079 liber
489 1038 569 1078 dici
590 1042 741 1089 potest,
776 1041 985 1089 quatenus
1010 1036 1094 1076 scil.
1118 1049 1205 1077 non
1229 1041 1421 1077 tenemur
1444 1035 1664 1077 attendere
1686 1035 1741 1076 ad
1763 1035 1938 1077 demon-

204 1112 465 1157 strationem,
489 1120 598 1162 quae
613 1114 800 1149 mentem
824 1108 877 1148 ad
892 1119 1115 1148 assensum
1130 1107 1405 1148 determinat:
1430 1107 1504 1147 sed
1519 1108 1693 1148 omnino
1708 1107 1937 1148 tenendum

203 1187 280 1230 est,
305 1181 398 1222 fidei
422 1192 642 1221 assensum
667 1191 761 1220 esse
783 1179 962 1220 liberum
986 1179 1113 1220 etlam
1137 1179 1180 1218 in
1202 1183 1299 1219 actu
1322 1178 1563 1219 secundo
1596 1183 1636 1220 et
1668 1179 1710 1219 in
1732 1189 1778 1219 se
1800 1178 1939 1231 posita

210 1253 325 1293 omni
349 1251 402 1292 ad
425 1251 832 1291 demonstrationem
857 1250 1104 1297 attentione,
1139 1254 1179 1290 et
1202 1261 1253 1290 ea
1275 1249 1443 1302 quidem
1466 1248 1672 1298 libertate,
1704 1261 1789 1302 qua
1810 1249 1939 1290 etiam

205 1323 353 1376 reliqui
376 1323 579 1363 virtutum
605 1326 725 1362 actus
748 1320 994 1365 suntliberi.
1018 1320 1138 1371 Quod
1154 1321 1211 1361 ita
1225 1320 1444 1373 praeclare
1460 1321 1632 1372 exponit
1653 1334 1682 1361 s.
1707 1320 1940 1361 Thomas

206 1400 243 1438 2.
267 1396 293 1436 2
317 1407 353 1446 q.
378 1397 403 1437 2
426 1405 462 1435 a.
479 1396 503 1437 9
528 1392 581 1433 ad
605 1396 651 1436 2:
682 1392 752 1443 „In
774 1392 950 1433 scientia
973 1392 1056 1433 duo
1080 1397 1257 1444 possunt
1279 1391 1552 1432 considerari.
1576 1392 1736 1433 scilicet
1756 1392 1846 1444 ipse
1869 1403 1938 1433 as-

204 1477 355 1505 sensus
377 1464 548 1505 scientis
571 1464 612 1503 in
635 1475 726 1503 rem
749 1463 899 1504 scitam
925 1468 966 1503 et
988 1463 1271 1504 consideratio
1295 1463 1356 1503 rei
1378 1463 1520 1503 scitae.
1563 1462 1774 1504 Assensus
1796 1467 1940 1504 autem

204 1535 407 1576 scientiae
430 1547 517 1575 non
541 1534 760 1587 subjicitur
782 1534 915 1575 libero
939 1534 1127 1574 arbitrio.
1161 1533 1258 1586 quia
1281 1534 1419 1574 sciens
1442 1534 1605 1586 cogitur
1627 1534 1680 1574 ad
1703 1534 1938 1575 assentien-

203 1607 305 1647 dum
327 1618 402 1659 per
434 1605 666 1647 efficaciam
690 1605 1078 1653 demonstrationis,
1111 1609 1152 1645 et
1182 1605 1278 1646 ideo
1313 1617 1513 1646 assensus
1544 1605 1746 1646 scientiae
1767 1617 1853 1646 non
1877 1608 1942 1646 est

207 1678 457 1720 meritorius.
501 1675 583 1717 Sed
607 1676 891 1717 consideratio
915 1675 1093 1716 actualis
1125 1676 1185 1716 rei
1219 1676 1350 1717 scitae
1373 1675 1565 1728 subjacet
1587 1676 1719 1717 libero
1743 1675 1940 1725 arbitrio;

206 1755 272 1791 est
293 1750 404 1790 enim
436 1749 478 1789 in
505 1752 715 1800 potestate
738 1747 922 1788 hominis
946 1746 1218 1787 considerare
1241 1746 1307 1787 vel
1330 1759 1416 1787 non
1438 1746 1722 1790 considerare.
1763 1746 1813 1787 Et
1843 1746 1940 1789 ideo

205 1820 491 1862 consideratio
514 1820 717 1860 scientiae
739 1824 889 1871 potest·
902 1830 996 1859 esse
1019 1819 1248 1867 meritoria,
1282 1819 1317 1859 si
1349 1818 1557 1859 referatur
1588 1818 1642 1859 ad
1673 1817 1803 1859 finem
1834 1818 1944 1859 cari-

210 1893 321 1936 tatis,
344 1891 385 1931 id
408 1896 471 1932 est
494 1890 546 1931 ad
569 1890 779 1931 honorem
795 1889 871 1931 Dei
893 1889 959 1930 vel
981 1889 1203 1930 utilitatem
1226 1889 1418 1942 proximi.
1443 1887 1526 1930 Sed
1548 1889 1590 1929 in
1615 1888 1698 1930 fide
1719 1894 1946 1942 utrumque

208 1962 401 2015 subjacet
423 1961 556 2002 libero
581 1961 769 2009 arbitrio,
801 1967 841 2001 et
873 1960 968 2002 ideo
992 1966 1196 2014 quantum
1221 1960 1275 2001 ad
1296 1965 1522 2013 utrumque
1545 1965 1666 2001 actus
1689 1959 1786 2001 fidei
1807 1965 1948 2013 potest

208 2045 303 2074 esse
326 2033 600 2074 meritorius.“
652 2031 709 2075 Cf.
732 2033 859 2073 etiam
887 2038 920 2076 1.
944 2035 970 2075 2
994 2045 1030 2084 q.
1058 2036 1107 2076 17
1133 2045 1169 2073 a.
1194 2035 1231 2076 6.
1272 2031 1379 2072 Hinc
1412 2031 1465 2072 ab
1496 2031 1824 2073 Innocentio
1847 2030 1946 2074 VIII.

208 2105 413 2145 damnata
446 2108 509 2145 est
539 2108 585 2144 ut
616 2115 797 2144 erronea
831 2108 872 2144 et
901 2103 1113 2144 haeresim
1146 2103 1316 2155 sapiens
1347 2103 1580 2156 propositio
1605 2103 1695 2158 (18)
1727 2114 1779 2144 ex
1809 2102 1832 2147 l.
1854 2102 1946 2144 Joa.

209 2175 292 2216 Pic.
315 2174 689 2216 Mirandulani
720 2179 1031 2227 nongentarum
1063 2174 1403 2215 conclusionum:
1443 2174 1567 2225 „Dico
1599 2173 1876 2226 probabiliter
1906 2178 1947 2216 et

210 2247 290 2287 nisi
321 2252 433 2287 esset
464 2247 702 2287 communis
731 2245 884 2287 modus
907 2245 1073 2287 dicendi
1095 2245 1391 2297 theologorum
1422 2245 1466 2285 in
1498 2245 1741 2297 oppositum
1772 2243 1948 2286 firmiter

210 2330 461 2360 assererem.
493 2329 638 2358 assero
662 2322 808 2358 tamen
830 2318 913 2359 hoc
936 2317 1093 2358 dictum
1124 2317 1168 2357 in
1198 2328 1244 2357 se
1275 2328 1369 2357 esse
1402 2315 1623 2368 probabile
1655 2321 1696 2356 et
1728 2321 1802 2365 est,
1834 2315 1948 2369 quod

211 2390 319 2429 sicut
340 2388 479 2429 nullus
502 2389 710 2440 opinatur,
745 2389 900 2441 aliquid
928 2389 987 2429 ita
1010 2399 1117 2432 esse.
1150 2387 1342 2440 praecise
1366 2387 1464 2439 quia
1486 2386 1575 2427 vult
1596 2386 1658 2427 sic
1681 2386 1857 2439 opinari,
1888 2386 1949 2426 ita

211 2459 349 2500 nullus
372 2459 504 2500 credit
527 2459 682 2512 aliquid
715 2463 774 2500 ita
805 2471 898 2501 esse
920 2471 1069 2500 verum
1091 2459 1282 2511 praecise
1315 2459 1413 2511 quia
1445 2457 1532 2498 vult
1563 2456 1750 2506 credere,
1780 2456 1822 2497 id
1853 2468 1947 2497 esse

212 2542 371 2571 verum.
416 2529 715 2571 Corollarium:
748 2529 843 2571 Non
876 2535 939 2571 est
965 2531 1007 2570 in
1029 2534 1240 2583 potestate
1262 2528 1397 2570 libera
1417 2528 1603 2569 hominis
1626 2527 1813 2576 credere,
1845 2528 1947 2568 arti-

211 2601 353 2642 culum
388 2601 485 2642 fidei
520 2613 613 2642 esse
647 2613 807 2650 verum,
844 2601 1014 2654 quando
1049 2601 1198 2654 placet,
1239 2606 1281 2642 et
1314 2600 1488 2641 credere
1523 2611 1619 2640 eum
1655 2610 1749 2639 esse
1782 2597 1947 2647 falsum,

211 2672 383 2725 quando
398 2672 477 2713 sibi
489 2673 660 2724 placet.“
692 2671 796 2713 Cum
809 2679 951 2714 autem
963 2672 1065 2713 fides
1076 2672 1210 2713 libera
1221 2672 1382 2712 dicitur.
1407 2683 1494 2712 non
1509 2671 1710 2711 asseritur
1725 2670 1762 2711 ei
1775 2669 1948 2710 libertas

217 2742 461 2791 formaliter,
483 2749 692 2795 quatenus
715 2748 779 2784 est
801 2749 921 2784 actus
943 2743 1193 2793 intellectus,
1223 2755 1324 2783 nam
1347 2742 1520 2783 libertas
1551 2753 1626 2794 per
1656 2752 1702 2781 se
1734 2752 1822 2781 non
1844 2752 1948 2781 con-

212 2814 328 2854 venit
349 2813 591 2863 intellectui,
615 2813 687 2854 sed
711 2814 936 2854 voluntati:
962 2814 1036 2855 sed
1059 2819 1268 2867 quatenus
1282 2814 1516 2866 imperatur
1538 2824 1563 2852 a
1585 2811 1815 2860 voluntate,
1838 2823 1947 2864 quae

214 2885 373 2926 idcirco
397 2884 654 2925 intellectum
677 2884 807 2925 libere
831 2885 884 2925 ad
907 2897 1129 2926 assensum
1151 2896 1324 2925 movere
1346 2888 1496 2936 potest,
1529 2883 1628 2936 quia
1649 2882 1806 2923 veritas
1826 2893 1948 2923 reve—

214 2956 302 2997 lata
323 2955 583 2996 intellectum
604 2967 681 2995 sua
706 2954 916 2995 evidentia
938 2955 1084 3008 nequit
1105 2955 1160 2995 ad
1182 2965 1406 2996 assensum
1427 2953 1699 2996 necessitare.

332 3029 430 3070 477.
454 3026 829 3069 Demonstratio.
875 3025 915 3068 1.
950 3025 1073 3066 Fides
1105 3026 1214 3067 sicut
1245 3029 1286 3066 et
1317 3030 1438 3065 actus
1470 3024 1650 3065 aliarum
1673 3023 1874 3064 virtutum
1905 3022 1949 3062 in

214 3097 366 3138 divinis
391 3097 524 3138 literis
546 3096 815 3149 praecipitur,
846 3096 1055 3146 laudatur,
1086 3097 1277 3149 praemio
1309 3096 1512 3140 donatur:
1543 3093 1816 3135 incredulitas
1846 3104 1948 3134 vero

2153 1875 2175 2154 -.:=-·.1.-:›,·t0.m
