2175 3382
846 135 941 158 circa
959 125 1066 158 fidem
1085 135 1246 158 munera.
1825 129 1907 170 517

181 255 302 284 mens
324 247 533 291 exerceat,
566 243 797 284 dummodo
821 243 928 283 desit
949 242 1335 295 comprehendendi
1358 243 1422 283 vel
1445 243 1764 284 demonstrandi
1785 256 1909 296 prae-

181 313 386 366 sumptio:
419 313 518 365 quia
551 313 602 354 de
633 313 760 354 rebus
792 313 1006 354 altissimis
1028 313 1156 353 etiam
1188 324 1320 363 parva
1352 317 1390 352 et
1424 312 1547 352 debili
1570 312 1910 355 consideratione

178 395 305 436 posse
329 384 486 436 aliquid
508 384 729 436 inspicere,
749 383 1102 436 Jucundissimum
1126 387 1222 423 est.“
1254 382 1309 423 Cf.
1326 395 1442 426 conc.
1467 383 1788 424 coloniense
1811 385 1868 424 tit.
1889 390 1903 428 1

181 467 272 507 cap.
297 458 344 503 6;
368 453 734 496 Guitmundus
755 455 778 497 l.
806 459 826 498 1
851 468 890 497 n.
913 458 969 498 34
991 467 1133 506 opusc
1156 453 1375 501 XXXVIII,
1397 456 1466 497 41.

298 539 338 581 5.
362 537 555 578 Rationis
587 542 650 578 est
683 542 880 590 suscepta
902 537 1032 578 semel
1055 537 1135 578 fide
1162 550 1238 589 pro
1261 536 1431 585 viribus,
1463 537 1653 577 modeste
1685 541 1839 583 tamen,
1870 538 1912 577 in

179 607 365 660 aliquam
401 608 702 661 mysteriorum
738 608 1059 660 intelligentiam
1094 608 1225 648 adniti
1259 608 1301 648 in
1336 619 1471 660 eaque
1506 607 1722 659 proficere.
1773 607 1912 657 Quare

177 683 369 720 veterum
402 679 573 720 axioma
605 683 686 719 est:
721 677 887 728 ,Credo,
918 683 963 719 ut
994 678 1246 730 intelligam:
1279 679 1391 731 quod
1423 677 1660 719 inferebant
1682 690 1730 719 ex
1755 677 1802 719 Is.
1828 682 1863 726 7,
1888 680 1912 719 9

177 751 278 805 (sec.
301 748 450 805 LXX>2
474 750 568 790 Nisi
592 750 862 803 credideritis,
884 763 965 789 ozon
988 750 1230 804 intelliyetc's.

298 836 441 879 »Absit
472 849 653 884 namque,
688 836 826 874 scribit
856 837 1188 885 Augustinus
1220 848 1277 883 ep.
1313 841 1390 875 1⁴20
1427 848 1464 872 n.
1489 842 1525 879 3,
1558 837 1605 872 ut
1627 835 1697 872 hoc
1728 834 1768 870 in
1800 834 1912 870 nobis

178 895 282 932 Deus
305 895 443 941 oderit,
480 895 521 932 in
556 908 633 943 quo
664 907 734 932 nos
766 894 929 943 reliquis
960 895 1225 932 animantibus
1260 894 1550 931 excellentiores
1585 893 1741 933 creavit.
1784 893 1912 938 Absit,

177 954 350 1002 inquam,
373 955 419 990 ut
441 954 529 992 ideo
552 955 765 998 credamus,
789 967 837 992 ne
860 955 1052 991 rationem
1074 953 1309 1001 accipiamus
1325 953 1408 990 sive
1423 965 1668 1001 quaeramus,
1692 965 1778 989 cum
1796 953 1913 988 etiam

176 1013 332 1050 credere
354 1026 432 1050 non
454 1026 672 1061 possemus,
696 1013 773 1050 nisi
796 1014 1005 1051 rationales
1027 1013 1174 1050 animas
1197 1013 1436 1050 haberemus.
1479 1013 1529 1049 Ut
1563 1025 1654 1061 ergo
1676 1013 1717 1048 in
1749 1011 1912 1059 quibus-

177 1072 263 1109 dam
286 1072 404 1109 rebus
428 1072 475 1109 ad
500 1073 714 1110 doctrinam
741 1073 948 1109 salutarem
983 1072 1287 1120 pertinentibus,
1321 1084 1418 1120 quas
1439 1072 1588 1108 ratione
1620 1071 1793 1108 nondum
1825 1083 1912 1119 per—

177 1131 306 1178 cipere
327 1131 515 1176 valemus,
554 1132 620 1169 sed
642 1131 852 1180 aliquando
883 1132 1112 1176 valebimus,
1147 1131 1241 1168 fides
1274 1131 1477 1179 praecedat
1508 1131 1711 1174 rationem,
1743 1142 1820 1177 qua
1851 1141 1914 1166 cor

176 1191 401 1232 mundetur,
425 1194 472 1227 ut
493 1204 655 1240 magnae
678 1190 841 1228 rationis
863 1190 992 1239 capiat
1013 1193 1052 1228 et
1073 1191 1243 1239 perferat
1265 1190 1402 1235 lucem,
1428 1190 1496 1227 hoc
1510 1190 1649 1236 utique
1666 1189 1827 1226 rationis
1843 1192 1913 1225 est.

175 1249 226 1286 Et
248 1249 334 1287 ideo
356 1249 647 1287 rationabiliter
670 1250 818 1287 dictum
841 1253 901 1286 est
923 1263 992 1298 per
1012 1250 1262 1298 prophetam:
1297 1250 1386 1286 Nisi
1407 1250 1658 1298 credideritis,
1683 1261 1757 1285 non
1779 1248 1913 1284 intelli-

175 1309 307 1356 9etis.«
331 1330 388 1336 —-
410 1309 459 1345 Et
483 1309 710 1357 Cyrillus
743 1309 838 1348 alex.
870 1309 894 1345 l.
920 1315 943 1348 4
966 1309 1007 1345 in
1029 1309 1087 1346 Jo.
1114 1316 1149 1352 6,
1177 1314 1227 1348 70
1253 1320 1281 1346 ο.
1307 1315 1352 1347 4:
1388 1309 1627 1356 »Postquam
1659 1307 1760 1344 basis
1792 1307 1915 1343 instar

177 1367 397 1405 constituta
419 1367 542 1404 fuerit
574 1369 615 1405 in
648 1368 761 1405 nobis
793 1368 955 1416 simplex
987 1380 1057 1405 nec
1089 1368 1239 1405 curiosa
1269 1367 1376 1411 fides,
1411 1380 1529 1415 super
1559 1368 1630 1404 hac
1660 1367 1841 1414 deinceps
1873 1378 1915 1402 ac

177 1427 369 1474 paulatim
391 1427 564 1476 cognitio
586 1428 766 1471 struitur,
791 1439 890 1475 quae
911 1440 981 1464 nos
1003 1427 1051 1464 ad
1072 1439 1294 1464 mensuram
1318 1427 1466 1471 aetatis,
1491 1439 1588 1474 quae
1612 1427 1653 1463 in
1669 1426 1820 1463 Christo
1843 1427 1912 1469 est,

180 1487 219 1522 et
240 1486 286 1522 ad
311 1486 438 1524 virum
474 1486 690 1534 perfectum
725 1499 769 1524 ac
799 1486 1044 1534 spiritualem
1075 1486 1233 1523 attollit.
1245 1490 1262 1508 «
1306 1486 1477 1533 Ideoque
1508 1485 1621 1522 fidem
1655 1488 1767 1522 vocat
1798 1484 1913 1521 initio

179 1544 203 1584 1.
229 1551 250 1584 6
275 1545 322 1582 de
344 1545 446 1582 ador.
469 1546 511 1582 in
534 1545 624 1594 spir.
648 1548 793 1599 τροφὸν
816 1548 1018 1591 συνέῦεως.
1041 1568 1098 1572 —-
1122 1545 1230 1582 Sicut
1262 1548 1390 1582 rectus
1414 1544 1506 1582 ordo
1530 1545 1660 1593 exigit,
1693 1544 1804 1581 docet
1825 1544 1913 1580 An-

179 1604 367 1641 selmus
389 1604 414 1640 L
437 1616 505 1641 cur
529 1605 629 1641 Deus
653 1605 765 1641 homo
788 1605 835 1649 ΙΙ,
863 1610 898 1649 2,
922 1608 968 1642 ut
989 1604 1183 1653 profunda
1198 1604 1430 1641 christianae
1444 1604 1534 1640 fidei
1548 1603 1760 1648 credamus,
1784 1603 1913 1651 prius-

181 1675 298 1710 quam
323 1675 621 1712 praesumamus
642 1664 792 1700 ratione
815 1663 1027 1701 discutere:
1064 1664 1120 1700 :ita
1141 1663 1403 1712 negligentiae
1426 1663 1522 1699 mibi
1544 1663 1712 1708 videtur,
1746 1662 1779 1698 si
1809 1664 1916 1710 post—

180 1734 297 1770 quam
321 1722 540 1760 confirmati
573 1735 708 1760 sumus
740 1723 781 1759 in
815 1722 901 1767 fide,
937 1735 1015 1760 non
1050 1723 1254 1759 studemus
1290 1722 1394 1770 quod
1424 1722 1618 1758 credimus
1652 1721 1913 1770 intelligere<<

181 1780 233 1818 Cf.
257 1783 297 1817 et
319 1781 364 1817 de
386 1781 461 1818 fide
485 1781 591 1818 Trin.
608 1794 636 1818 c.
656 1788 689 1821 2.
705 1804 761 1808 —
776 1782 953 1819 Eundem
975 1782 1014 1818 in
1036 1794 1191 1818 sensum
1217 1781 1355 1818 scribit
1376 1781 1590 1817 Richardus
1612 1794 1632 1817 a
1656 1793 1684 1817 s.
1707 1780 1915 1817 Victore

182 1840 228 1876 de
251 1840 355 1877 Trin.
385 1848 417 1882 1,
445 1846 488 1880 3:
526 1867 542 1884 »
556 1840 719 1889 Oportet
741 1841 899 1888 quidem
921 1853 991 1889 per
1012 1841 1127 1877 fidem
1149 1841 1308 1879 intrare.
1342 1852 1411 1877 nec
1433 1845 1564 1877 tamen
1596 1841 1637 1876 in
1667 1840 1750 1888 ipso
1783 1839 1916 1876 statim

179 1899 350 1936 introitu
372 1900 597 1945 subsistere,
628 1900 694 1937 secl
719 1912 871 1948 semper
894 1902 937 1936 ad
962 1900 1149 1936 interiora
1180 1902 1218 1936 et
1239 1899 1496 1948 profundiora
1517 1899 1805 1948 intelligentiae
1828 1910 1916 1946 pro-

180 1970 316 2006 perare
339 1960 378 1994 et
401 1970 489 1995 cum
513 1959 620 1995 omni
643 1959 773 1996 studio
797 1965 835 1996 et
857 1972 1008 1996 summa
1031 1959 1236 2008 diligentia
1258 1959 1450 2003 insistere,
1474 1960 1519 1995 ut
1542 1958 1589 1995 ad
1612 1971 1745 1995 eorum
1768 1957 1916 1994 intelli-

180 2017 367 2066 gentiam,
392 2030 491 2065 quae
512 2031 582 2066 per
603 2018 720 2054 fidem
741 2022 930 2062 tenemus,
955 2017 1197 2066 quotidianis
1212 2018 1461 2054 incrementis
1476 2017 1661 2066 proficere
1678 2017 1915 2054 valeamus«

182 2098 237 2103 —
261 2077 369 2113 Belle
392 2089 482 2113 vero
507 2090 535 2114 s.
559 2078 726 2114 Bonav
741 2079 928 2114 entura
951 2077 992 2113 in
1015 2090 1128 2114 serm.
1155 2085 1178 2116 4
1203 2076 1382 2113 Christus
1404 2089 1508 2113 unus
1532 2076 1709 2113 omnium
1731 2075 1918 2125 magister

182 2148 219 2172 11.
250 2142 296 2174 15
324 2132 400 2187 (op.
425 2136 466 2181 V,
494 2134 615 2188 511):
650 2136 780 2180 >>Ordo
803 2139 875 2184 est,
900 2138 946 2173 ut
966 2136 1170 2173 inchoetur
1202 2150 1222 2172 a
1245 2136 1462 2172 stabilitate
1483 2135 1585 2180 fidei,
1618 2138 1657 2171 et
1686 2135 1919 2184 procedatur

184 2207 253 2242 per
275 2194 525 2232 serenitatem
547 2195 724 2244 rationis,
757 2198 801 2232 ut
822 2196 1074 2244 perveniatur
1096 2195 1143 2232 ad
1166 2195 1401 2232 suavitatem
1424 2194 1775 2241 contemplationis,
1802 2206 1918 2241 quem

184 2253 406 2290 insinuavit
428 2254 627 2291 Christus:
652 2255 732 2304 Eyo
755 2268 837 2292 sum
862 2256 934 2297 via,
958 2256 1099 2291 veritas
1120 2260 1153 2291 et
1175 2255 1250 2290 vila
1272 2254 1332 2290 Jo.
1362 2260 1422 2297 14,
1454 2259 1543 2292 16.<<
1587 2253 1766 2290 Ceterum
1800 2253 1918 2300 hujus

185 2312 413 2349 assertionis
436 2314 740 2350 commentarius
763 2314 991 2350 luculentus
1015 2315 1074 2350 est
1095 2314 1275 2350 universa
1305 2313 1503 2361 theologia
1535 2312 1775 2354 scholastica,
1808 2312 1919 2360 cujus

186 2383 323 2420 scopus
347 2374 406 2408 est
428 2371 468 2408 in
502 2372 639 2420 primis
671 2372 867 2420 profectus
899 2373 1183 2421 intelligentiae
1214 2372 1254 2408 in
1288 2371 1377 2408 fidei
1412 2371 1662 2420 dogmatibus
1683 2372 1725 2423 1)‚
1759 2371 1805 2408 de
1842 2383 1918 2419 quo

182 2507 290 2543 Eceli.
311 2511 343 2549 3,
364 2513 426 2543 25:
446 2511 609 2543 Plurima
627 2520 734 2552 super
751 2520 888 2542 sensum
907 2510 1056 2543 hominis
1074 2514 1208 2543 ostensa
1226 2514 1309 2542 sunt
1325 2510 1412 2550 tila]
1439 2519 1532 2552 quae
1553 2511 1675 2542 autem
1695 2509 1919 2542 demonstra·

183 2563 258 2595 tive
276 2562 423 2606 probari
441 2563 605 2606 possunt,
626 2562 673 2595 hu
682 2573 808 2596 manae
826 2562 962 2596 rationi
974 2563 1190 2598 subduntur,
1211 2561 1386 2601 Secundo,
1405 2563 1492 2605 quia
1506 2573 1585 2595 cuin
1599 2562 1815 2605 plerumque
1826 2562 1920 2595 tales

183 2615 344 2649 rationes
362 2614 515 2649 frivolae
535 2615 618 2655 sint,
640 2615 730 2648 dant
742 2615 967 2649 occasionem
979 2615 1158 2648 irrisionis
1171 2615 1390 2657 infidelibus,
1403 2617 1489 2650 dum
1501 2616 1646 2661 putant,
1660 2616 1755 2660 quod
1771 2616 1921 2659 propter

186 2668 349 2703 rationes
368 2668 580 2711 hujusmodi
599 2669 666 2708 his,
686 2678 778 2711 quae
797 2669 882 2701 sunt
900 2668 995 2702 fidei.
1014 2668 1290 2702 assentiamus.<‘

332 2725 355 2767 ¹)
376 2722 428 2758 Cf.
449 2722 471 2756 S
484 2733 501 2755 c
514 2723 536 2755 h
551 2733 568 2756 e
581 2723 634 2756 eb
647 2733 711 2761 en⁷
731 2722 794 2765 qui
815 2722 959 2766 egregie
978 2722 1021 2755 de
1039 2722 1140 2755 hisce
1159 2722 1325 2766 disputat
1341 2722 1365 2756 l.
1388 2726 1400 2755 1
1425 2727 1440 2764 ξ
1461 2725 1505 2757 47
1524 2734 1581 2763 ss,
1601 2722 1663 2756 ubi
1682 2723 1778 2756 inter
1796 2721 1869 2755 alia
1892 2726 1919 2755 1.

185 2776 336 2809 adducit
353 2776 555 2814 motiva.
586 2787 679 2818 quae
706 2786 772 2809 nos
800 2776 972 2809 induc-ere
1000 2776 1137 2809 debent
1164 2776 1206 2809 ad
1237 2777 1500 2820 proficiendum
1531 2779 1570 2810 in
1589 2776 1845 2819 mysteriorum
1866 2775 1919 2808 in-

186 2829 407 2872 telligentia,
429 2829 507 2862 scil.
527 2840 564 2864 a.
582 2829 754 2863 voluntas
771 2828 849 2868 Dei,
878 2830 941 2872 qui
968 2829 1079 2862 etiam
1108 2829 1206 2862 hunc
1232 2830 1271 2862 in
1298 2829 1407 2863 finem
1435 2840 1497 2864 eas
1525 2830 1697 2863 veritates
1725 2827 1917 2862 revelavit:

188 2883 228 2917 b.
247 2882 477 2926 praestantia
495 2882 659 2925 ipsarum
678 2882 876 2915 veritatum
893 2895 898 2917 ;
919 2892 989 2924 quo
1009 2881 1155 2926 plenius
1175 2882 1271 2915 enim
1290 2882 1380 2926 ipsis
1398 2883 1610 2922 imbuimur,
1638 2893 1678 2916 eo
1706 2882 1855 2925 propius
1875 2882 1919 2914 ad

186 2934 295 2967 finem
314 2935 478 2970 nostruin
499 2934 722 2972 accedimus;
753 2946 786 2970 c.
816 2933 979 2978 dignitas
1002 2935 1156 2967 naturae
1180 2935 1382 2974 rationalis,
1411 2946 1505 2979 quae
1533 2934 1678 2968 illarum
1709 2934 1920 2977 cognitione

186 2986 394 3030 perficitur:
414 2987 453 3021 (l.
472 2987 553 3030 ipsa
571 2986 656 3020 fidei
674 2986 819 3020 utilitas
838 2992 874 3020 et
893 2985 1055 3030 ejusdem
1074 2997 1109 3022 e.
1130 2990 1355 3022 momentum
1374 2989 1589 3032 practicum,
1610 2988 1634 3020 F
1647 2999 1698 3020 ru
1711 2997 1753 3021 ct
1768 2999 1790 3020 u
1803 2999 1817 3019 s
1836 2997 1919 3020 vero

189 3039 226 3074 2.
244 3039 354 3082 hujus
372 3039 558 3083 profectus
577 3040 680 3073 sunt:
710 3050 745 3074 a.
764 3050 831 3083 pro
850 3049 932 3072 vere
952 3039 1120 3072 fidelibus
1148 3039 1265 3084 major
1291 3041 1329 3073 in
1347 3040 1524 3073 credendo
1548 3044 1678 3083 gustus
1699 3040 1734 3071 et
1753 3039 1920 3075 claritas:

189 3092 229 3126 b.
249 3102 314 3134 pro
333 3091 488 3124 infirmis
507 3092 545 3124 in
563 3091 633 3124 fide
653 3091 874 3136 adjutorium
890 3106 895 3129 ;
916 3101 949 3127 c.
967 3101 1034 3134 pro
1052 3092 1214 3125 nondum
1233 3093 1467 3127 credentibus
1487 3093 1548 3136 qui
1568 3093 1683 3126 bonae
1698 3092 1783 3125 sunt
1798 3092 1921 3125 volun-
