2175 3382
638 138 926 183 Exceptionibus
947 141 1072 172 contra
1092 138 1295 182 primatum
1316 138 1412 172 Petri
1434 139 1576 172 satisfit.
1887 144 1971 185 371

234 275 302 310 per
324 263 531 299 Petrum
554 262 748 299 Ecclesiae
770 261 1023 308 reliquisses<
1047 260 1360 309 Fulgentius
1382 261 1429 298 de
1446 261 1520 298 fide
1537 274 1574 298 11:
1589 269 1638 301 37
1657 275 1663 298 :
1699 262 1973 305 >-.Poenitentia

234 320 424 369 peccatori
446 323 543 357 tunc
565 320 732 369 prodest,
757 320 790 357 si
813 332 895 356 eam
918 320 960 356 in
981 319 1152 356 Ecclesia
1173 319 1362 356 catholica
1383 322 1502 368 gerat,
1528 320 1589 357 cui
1611 321 1714 357 Deus
1746 321 1787 358 in
1810 333 1973 369 persona

232 380 268 416 b.
292 379 400 417 Petri
422 379 571 428 ligandi
594 379 849 426 solvendique
870 378 1014 415 tribuit
1035 379 1270 426 potestatem
1284 383 1320 421 3«
1346 377 1568 426 Optatus
1590 391 1626 418 n.
1652 386 1746 418 3523.

353 480 447 513 356.
485 470 715 514 Scholion
740 470 804 513 II.
849 473 1142 521 Exceptionibzcs
1173 477 1306 509 contra
1337 478 1560 521 aryumenta
1593 474 1711 510 allata
1745 476 1892 521 satisfit.
1921 498 1970 502 ——

236 531 275 572 l.
298 533 356 570 Ne
379 533 468 580 quis
489 536 672 581 provocet
694 532 742 569 ad
764 532 859 580 Eph.
886 537 921 570 2.
947 538 1021 570 20:
1057 532 1375 580 Superaedt'ficati
1410 544 1524 579 super
1555 533 1846 579 fundamentum
1881 547 1971 582 apo—

230 593 414 630 stolorum
437 597 468 628 et
490 591 766 640 prophetarum
789 592 871 639 ipso
894 602 1039 627 summo
1062 588 1245 639 cmqulari
1268 591 1396 638 lapide
1419 590 1568 627 Christo
1591 590 1698 640 Jesu,
1727 594 1773 628 ut
1796 592 1886 630 inde
1911 593 1970 630 in-

232 652 331 688 ferat
363 651 406 687 in
440 651 710 699 praerogativa
743 649 1074 686 fundamenti
1108 650 1301 698 apostolos
1333 650 1449 686 Petro
1484 649 1603 686 fuisse
1638 651 1830 698 aequales.
1874 652 1971 688 Nam

230 720 272 749 a.
297 710 426 758 quivis
448 709 556 747 videt
577 721 763 758 magnum
786 721 866 746 6556
889 708 1097 746 discrimen
1130 709 1234 746 inter
1266 709 1478 745 solemnem
1501 708 1644 745 Christi
1677 710 1971 757 promissionem

230 772 269 806 et
300 768 418 805 verba
448 768 573 813 Pauli,
606 768 674 816 qui
711 767 838 804 obiter
872 770 1026 804 tantum
1063 768 1327 816 apostolorum
1362 767 1456 804 facit
1491 767 1742 805 mentionem.
1785 769 1845 805 Ad
1880 769 1971 807 haec

229 826 272 868 (l.
294 827 442 865 mentio
464 827 509 863 fit
531 828 773 875 femdamenti
794 827 1076 874 apostotorum;
1114 827 1224 875 atqui
1255 826 1557 863 fundamentum
1589 827 1855 875 apostolorum
1887 841 1970 866 esse

228 887 331 923 idem
353 899 395 924 ac
417 886 729 931 fundamentum,
754 885 858 933 quod
879 888 972 922 sunt
993 886 1170 935 apostoli,
1206 898 1409 934 nunquam
1431 885 1682 934 probabitur:
1709 899 1800 923 nam
1823 887 1893 924 hac
1915 888 1970 925 lo-

230 945 386 983 cutione
408 945 708 982 fundamentum
732 945 779 982 ab
801 944 898 993 ipsis
921 945 1195 994 distinguitur,
1230 947 1269 981 et
1301 947 1362 982 est
1383 944 1495 990 illud,
1529 945 1632 993 quod
1655 945 1734 993 ipsi
1754 953 1970 994 posuerunt

228 1005 251 1041 i.
275 1017 306 1046 6,
330 1004 506 1042 doctrina
527 1016 595 1041 seu
617 1003 725 1041 fides.
768 1003 818 1040 Et
841 1016 940 1047 sane,
975 1004 1049 1041 etsi
1070 1005 1211 1041 Petrus
1234 1004 1388 1052 saepius
1410 1004 1555 1041 dicitur
1576 1004 1877 1042 fundamentum
1899 1006 1969 1043 Ec·

227 1063 378 1109 clesiae,
401 1074 481 1100 non
504 1067 634 1100 tamen
656 1064 755 1100 solet
768 1063 938 1100 Ecclesia
959 1063 1035 1100 dici
1058 1063 1382 1111 superaedificata
1404 1075 1520 1111 super
1532 1063 1837 1101 fundamentum
1852 1065 1969 1102 Petri.

228 1122 394 1160 Etiamsi
417 1131 458 1162 G.
482 1136 503 1159 a
525 1123 647 1159 Paulo
670 1122 838 1171 apostoli
861 1122 1084 1159 dicerentur
1105 1122 1408 1159 fundamentum
1432 1122 1635 1167 Ecclesiae,
1671 1122 1971 1161 fundamentum

227 1182 478 1231 appellantur
499 1194 578 1218 una
600 1193 687 1218 cum
711 1181 925 1230 prophetis,
951 1181 1020 1230 qui
1043 1182 1217 1230 profecto
1241 1181 1541 1218 fundamentum
1563 1181 1758 1218 Ecclesiae
1773 1184 1869 1220 sunt
1883 1185 1970 1220 tan—

227 1243 315 1278 tum
336 1240 490 1278 ratione
513 1240 713 1278 doctrinae
736 1239 927 1277 divinitus
949 1242 1138 1288 acceptae,
1162 1254 1279 1289 quam
1294 1241 1598 1285 annunciarunt,
1621 1253 1699 1278 non
1714 1254 1806 1279 vero
1821 1242 1972 1279 ratione

222 1299 511 1348 jurisdictionis
541 1301 580 1337 et
611 1299 832 1347 potestatis,
869 1312 985 1347 quam
1018 1302 1059 1338 in
1093 1299 1265 1337 Ecclesia
1310 1300 1563 1337 exercuerint.
1606 1300 1723 1337 Petro
1753 1303 1885 1337 autem
1917 1301 1972 1338 ita

228 1358 423 1396 tribuitur
444 1358 693 1395 fundamenti
714 1370 872 1402 munus,
897 1361 944 1395 ut
966 1359 1037 1396 hoc
1059 1359 1215 1407 plenam
1230 1358 1408 1396 includat
1417 1358 1708 1407 jurisdictionis
1722 1361 1971 1407 potestatem.

227 1418 317 1455 Non
338 1430 538 1467 negamus,
563 1418 756 1466 apostolos
779 1417 854 1455 dici
885 1418 1003 1455 etiam
1038 1430 1150 1466 posse
1173 1418 1475 1455 fundamentum
1497 1418 1689 1455 Ecclesiae
1711 1418 1864 1456 ratione
1880 1419 1969 1456 fun-

227 1477 406 1522 dationis,
430 1476 632 1513 doctrinae
656 1474 719 1528 (cf.
741 1477 860 1525 Apou
886 1483 951 1522 21,
981 1474 1048 1528 14)
1072 1479 1110 1514 et
1132 1477 1285 1514 ratione
1308 1477 1527 1525 potestatis,
1553 1490 1670 1525 quam
1693 1477 1734 1514 in
1756 1490 1841 1514 eam
1863 1490 1968 1515 acce-

231 1538 393 1584 perunt:
432 1536 498 1573 sed
521 1536 592 1573 hoc
615 1548 659 1573 ex
680 1538 804 1582 textu,
828 1536 896 1584 qui
917 1536 1114 1585 objicitur,
1137 1548 1217 1573 non
1239 1536 1412 1579 eruitur3
1445 1536 1550 1583 quod
1573 1536 1606 1573 si
1627 1536 1683 1573 ita
1704 1537 1966 1585 appellantur,

252 1608 274 1632 a
294 1597 493 1639 notentur,
516 1607 615 1644 quae
637 1595 684 1632 de
707 1595 944 1642 aequalitate
966 1597 1005 1632 et
1026 1595 1308 1643 inaequalitate
1331 1595 1598 1643 apostolorum
1620 1608 1656 1632 n.
1676 1602 1756 1636 365
1780 1596 1968 1634 dicemus.

264 1667 377 1692 evera
398 1651 443 1694 (l.
466 1654 678 1691 discrimen
700 1666 784 1691 esse
806 1654 911 1692 inter
931 1655 1102 1698 modum,
1129 1667 1205 1702 quo
1228 1655 1369 1691 Petrus
1393 1656 1451 1691 est
1472 1654 1664 1691 Ecclesiae
1687 1657 1807 1702 petra,
1831 1657 1871 1692 et
1884 1668 1965 1692 mo—

231 1713 335 1758 dum,
360 1726 437 1762 quo
458 1713 602 1762 reliqui
626 1713 791 1761 apostoli
805 1713 1000 1751 Ecclesiae
1023 1716 1115 1751 sunt
1129 1713 1442 1755 fundamentum,
1464 1715 1573 1762 patet
1587 1713 1705 1750 etiam
1724 1726 1767 1750 ex
1783 1715 1967 1752 universa

229 1772 477 1821 antiquitate,
512 1784 610 1821 quae
640 1784 767 1820 neque
799 1773 992 1821 apostolos
1022 1773 1248 1817 universim,
1280 1785 1407 1820 neque
1430 1772 1625 1820 apostolos
1648 1773 1892 1823 singillatim,
1918 1786 1966 1810 ne

231 1832 397 1869 Paulum
420 1831 591 1879 quidem,
615 1833 727 1868 tanta
749 1832 924 1879 emphasi
947 1836 986 1869 et
1007 1834 1118 1869 tanta
1133 1831 1352 1869 constantia
1366 1832 1513 1868 salutat
1527 1832 1718 1869 Ecclesiae
1731 1832 1963 1869 fundamen-

155 1909 197 1963 z)
228 1893 327 1935 tum,
352 1893 514 1939 petram,
539 1890 791 1939 crepidinem,
815 1893 861 1927 ut
883 1891 1028 1928 salutat
1049 1891 1222 1928 Petrum.
1266 1891 1391 1935 Quare
1415 1890 1632 1938 antiquitas
1654 1891 1865 1928 christiana
1886 1904 1964 1929 non

229 1949 330 1986 vidit
350 1950 454 1987 hunc
476 1949 801 1997 paralleli-smum,
825 1950 893 1986 sed
917 1951 1047 1998 potius
1069 1950 1141 1987 hac
1175 1950 1447 1999 praerogativa
1469 1950 1632 1987 Petrum
1664 1964 1684 1987 a
1716 1951 1854 1988 ceteris
1888 1951 1964 1988 dis—

228 2009 352 2046 crevit
385 2008 583 2057 apostolis.
626 2010 687 2046 Ita
707 2009 950 2046 Asterius
981 2021 1184 2046 amasenus
1216 2009 1423 2057 episcopus
1455 2009 1556 2046 hom.
1589 2009 1631 2046 in
1662 2022 1712 2050 ss.
1734 2010 1896 2047 Petrum
1927 2012 1965 2047 et

228 2068 407 2113 Paulum,
440 2070 645 2116 postquam
670 2068 832 2105 Petrum
862 2068 1053 2113 laudavit,
1089 2068 1181 2117 quia
1212 2081 1232 2105 a
1255 2068 1411 2105 Christo
1443 2068 1635 2105 Ecclesiae
1666 2068 1965 2106 fundamentum

228 2129 288 2163 est
309 2126 461 2164 dictus:
484 2126 605 2164 infert
628 2127 838 2164 Dominum
861 2154 877 2171 »
889 2128 1047 2165 nullum
1069 2140 1089 2164 e
1112 2127 1317 2176 discipulis
1342 2127 1422 2164 suis
1444 2127 1606 2176 perinde
1632 2140 1673 2165 ac
1697 2128 1857 2165 Petrum
1878 2141 1964 2165 mu-

227 2185 386 2223 neribus
406 2186 677 2234 locupletasse,
710 2186 806 2235 quin
829 2187 1010 2236 supernis
1041 2186 1249 2224 sublimem
1282 2186 1461 2223 effectum
1495 2187 1619 2225 donis.
1651 2187 1843 2224 universis
1875 2200 1963 2224 eum
2069 2233 2071 2240 .

227 2244 502 2293 praetulisse«
1988 2294 1992 2303 μ
2044 2252 2053 2264 ’-
2084 2220 2175 2277 *0⁴³⁰

345 2314 388 2356 2.
413 2315 593 2352 Affirmat
616 2316 774 2364 quidem
788 2317 932 2354 Paulus
957 2325 988 2356 1.
1005 2318 1084 2354 Cor.
1110 2324 1146 2362 3,
1177 2325 1221 2356 11
1242 2330 1249 2353 :
1273 2317 1580 2353 Fundamentum
1597 2315 1704 2355 aliud
1717 2329 1824 2354 nemo
1839 2323 1964 2365 potest
2011 2323 2054 2351 «(ι·
2076 2297 2149 2336 ³¹²¹*

220 2386 363 2423 ponere
378 2379 537 2423 praeter
558 2375 612 2422 id,
635 2376 734 2424 quod
753 2377 918 2423 positum
940 2380 1003 2423 est,
1038 2376 1136 2425 quod
1166 2381 1218 2412 est
1243 2375 1420 2413 Christus
1442 2376 1578 2413 Jesus:
1611 2376 1679 2413 sed
1703 2376 1887 2425 *loquitur
1917 2377 1963 2413 de
1984 2364 2175 2441 Wffl

226 2433 481 2471 fundamento
505 2433 705 2471 doctrinae
729 2434 811 2471 sive
835 2434 937 2472 vitae
959 2435 1206 2479 christianae,
1230 2435 1334 2482 quod
1356 2434 1440 2483 ipse
1462 2435 1607 2483 posuit.
1641 2435 1727 2473 Etsi
1748 2448 1840 2473 vero
1856 2415 2175 2501 Chri-m

226 2494 311 2529 stus
334 2492 635 2530 fundamentum
657 2495 716 2530 est
736 2492 918 2542 princeps
942 2495 982 2530 et
1004 2505 1181 2531 summus
1204 2494 1406 2542 angularis
1429 2494 1540 2543 lapis,
1564 2506 1641 2531 non
1664 2496 1868 2543 propterea
1900 2503 2030 2532 ex—uae
2046 2509 2053 2518 «
2072 2489 2134 2519 ·Ε·’

225 2551 401 2588 cluditur
422 2551 723 2589 fundamentum
738 2552 1023 2605 secumdagium,
1046 2552 1250 2606 vicarium,
1273 2552 1529 2590 ministeriale
1542 2554 1744 2598 Ecclesiae,
1769 2544 2050 2602 quatenus&

226 2612 288 2647 est
309 2611 468 2648 societas
490 2611 676 2648 visibilis:
715 2610 817 2648 sicut
839 2623 928 2648 cum
950 2611 1095 2648 dicitur
1115 2623 1220 2648 unus
1242 2611 1428 2661 magister
1449 2614 1593 2657 noster,
1617 2625 1695 2650 non
1718 2613 1962 2650 exluduntur
1979 2579 2175 2645 w

225 2668 400 2706 doctores
423 2670 506 2718 ejus
529 2670 632 2707 vices
655 2672 847 2719 gerentes.
873 2660 1378 2722 &mmm-W
1410 2672 1694 2724 &mm
1716 2685 1813 2705 vm
1834 2675 2108 2727 vua-ww

344 2737 387 2779 3.
411 2740 574 2777 Gravior
596 2740 809 2778 difficultas
832 2743 967 2778 contra
998 2741 1034 2777 b.
1058 2741 1164 2778 Petri
1185 2741 1400 2789 primatum
1432 2755 1476 2779 ex
1498 2743 1633 2779 Matth.
1664 2750 1724 2782 16.
1753 2750 1800 2783 19
1835 2743 1962 2780 oritur

226 2811 270 2835 ex
293 2798 497 2836 collatione
527 2806 587 2845 18,
617 2806 688 2844 18;
721 2813 820 2848 quae
852 2800 955 2837 enim
987 2800 1166 2837 Christus
1201 2801 1310 2849 prius
1340 2801 1411 2838 uni
1441 2802 1641 2849 promittit
1663 2802 1789 2846 Petro,
1824 2804 1960 2850 postea

226 2857 407 2894 omnibus
430 2855 489 2910 (in
510 2858 665 2895 unitate
687 2871 776 2896 cum
797 2856 930 2911 Petro)
963 2859 1151 2907 apostolis
1185 2859 1396 2908 pollicetur
1417 2860 1566 2898 dicens:
1597 2862 1720 2898 Amen
1742 2862 1824 2898 dico
1845 2861 1956 2908 vobis,

224 2928 463 2965 quaecunque
485 2918 736 2965 alliqarerz’tis
767 2930 882 2966 super
914 2923 1070 2967 terram,
1096 2923 1205 2955 erunt
1235 2919 1351 2968 liyata
1383 2924 1415 2956 et
1445 2921 1485 2957 in
1516 2921 1624 2969 coelo,
1659 2925 1691 2956 et
1723 2931 1959 2969 quaeeunque

225 2975 410 3011 solveritis
432 2987 548 3023 super
568 2981 725 3022 terram,
761 2982 871 3014 erunt
892 2977 1014 3013 solata
1047 2981 1081 3013 et
1112 2978 1152 3014 in
1182 2979 1288 3015 coelo.
1331 2978 1442 3015 Nihil
1472 2991 1563 3028 ergo
1593 2979 1712 3015 unius
1733 2978 1839 3014 Petri
1868 2990 1958 3026 pro-

224 3033 355 3081 prium
376 3033 667 3072 verbis'Matth.
696 3043 759 3080 16,
791 3042 836 3075 19
874 3035 1075 3073 enunciari
1104 3036 1274 3082 videtur,
1306 3037 1478 3085 adeoque
1509 3038 1616 3075 illius
1646 3038 1838 3086 primatus
1868 3036 1958 3073 inde

224 3092 380 3139 probari
412 3093 561 3141 nequit.
607 3093 751 3131 Verum
779 3097 960 3131 notamus
994 3105 1036 3134 a.
1059 3095 1209 3132 nullam
1241 3096 1407 3133 conferri
1432 3096 1744 3148 >praerogativam
1776 3108 1795 3132 a
1825 3095 2078 3165 0510115Μβιη
2082 3116 2175 3150 W

264 3152 457 3200 <2va
482 3161 553 3198 &A
574 3152 787 3219 W„
818 3166 922 3208 oga-⁴
945 3153 1104 3183 wau„-
1136 3153 1296 3187 vflutw„
1329 3145 1584 3217 Qffffl
1609 3175 1614 3182 .
1675 3158 1793 3195 24½r
1828 3152 1963 3204 ψει»

240 3211 484 3273 *effi-..aum
519 3202 1296 3290 κῑθώωψῶπδκμη

2153 2187 2173 2199 f
