2175 3382
220 166 297 205 102
443 160 561 193 'l‘rnct
587 160 608 192 1.
629 158 811 203 Apologia
831 158 934 201 relig.
955 159 1080 192 christ.
1100 157 1226 191 'rhesis
1249 157 1320 191 XX.
1342 158 1543 202 Martyrum
1565 158 1714 202 sanguis

211 292 365 320 vanam
389 290 494 324 esse,
519 289 595 319 1100
618 279 753 330 ipsam
776 277 1023 330 patientiam
1046 277 1136 317 sine
1160 276 1246 317 Deo
1271 277 1482 317 cruciatus
1511 281 1651 317 tantos
1674 288 1799 329 posse
1821 289 1946 330 supe-

211 356 340 391 rare.“
391 347 502 390 Sane
536 349 647 390 nulla
680 353 817 401 potest
850 348 1058 400 assignari
1090 359 1221 388 causa
1254 347 1550 395 naturaliS,
1575 359 1658 400 qua
1681 346 1838 388 factum
1861 352 1948 388 tam

211 420 448 461 universale
480 420 574 460 loco
606 425 647 461 et
677 425 878 472 tempore.
915 423 1001 459 tam
1025 419 1290 470 stupendum,
1324 423 1411 459 tam
1435 418 1669 459 inauditum
1693 418 1949 460 sufficienter

212 492 344 544 possit
367 491 581 544 explicari.

330 577 416 615 Non
440 589 526 629 spes
550 578 660 621 lum·
671 578 694 620 i.
719 579 764 614 ut
778 576 1032 614 manifestum
1054 579 1132 615 est:
1157 589 1233 613 non
1249 576 1377 613 inanis
1400 576 1602 625 gloriae
1625 576 1778 625 cupido,
1805 589 1949 625 ⁷>quam

210 637 308 674 bene
331 641 474 673 norant
505 650 525 673 a
557 637 746 686 religione
778 638 913 673 nostra
943 635 1147 684 proscribi,
1184 637 1229 672 ut
1259 634 1539 672 animadvertit
1562 633 1845 688 Perrone1),
1883 648 1952 684 per

209 709 325 744 quam
349 708 502 732 omnem
526 695 703 744 martyrii
726 695 898 732 fructum
930 694 1172 735 amisissent:
1205 694 1338 743 plures
1371 694 1413 730 in
1445 694 1643 743 speluncis
1676 707 1719 732 ac
1749 695 1857 732 silvis
1886 695 1949 732 vel

209 755 310 792 fame
332 754 549 803 perierunt,
583 755 645 791 vel
677 767 698 790 a
729 754 820 791 feris
845 753 1018 790 devorati
1041 755 1144 797 sunt,
1180 767 1202 790 a
1223 753 1378 790 nemine
1411 753 1559 803 cogniti
1592 753 1669 791 nisi
1701 766 1722 790 a
1754 753 1838 791 solo
1861 754 1950 792 Deo.

211 813 377 851 Infamia
398 813 556 861 publica
578 813 704 850 notati
731 814 862 857 erant;
895 812 1028 861 plures
1061 812 1322 862 conglobatim
1357 812 1475 850 occisi
1506 813 1569 849 vel
1599 813 1795 851 combusti
1826 817 1951 859 erant,

208 873 301 910 adeo
338 876 381 909 ut
415 872 511 909 certi
545 874 673 909 essent
706 884 776 909 sua
810 872 968 909 nomina
1001 871 1048 908 ad
1082 872 1357 920 posteritatem
1391 874 1629 920 perventura
1662 872 1822 910 minime
1857 884 1950 909 esse.

210 931 385 979 Denique
408 931 532 980 magis
554 944 574 967 a
597 930 744 980 gloriae
767 930 950 979 cupidine
973 943 1089 979 quam
1122 944 1143 967 a
1165 930 1294 980 gladio
1317 930 1377 967 vel
1401 931 1448 967 ab
1480 930 1570 980 igne
1610 931 1685 968 sibi
1715 931 1948 969 timebant-‚⁴⁵

207 990 297 1027 Non
319 1002 368 1026 re
382 993 592 1039 spectus
623 990 817 1027 humanus
841 990 910 1038 qui
931 989 1065 1038 potius
1088 989 1314 1026 innumeros
1345 989 1392 1026 ad
1415 989 1675 1028 defectionem
1698 990 1850 1027 inducit
1870 990 1949 1028 sor-

208 1050 380 1097 titerque
403 1051 486 1086 erat
507 1049 745 1094 vincendus;
776 1061 856 1085 non
877 1048 1081 1097 patriae
1102 1061 1220 1093 amor,
1254 1061 1372 1097 quam
1392 1048 1434 1085 in
1456 1048 1602 1086 mundo
1634 1061 1712 1086 non
1742 1049 1949 1094 habebant,

207 1108 359 1145 coelum
380 1108 545 1157 patriam
579 1108 825 1145 arbitrantes.
868 1108 956 1145 Non
988 1108 1133 1145 mentis
1164 1107 1320 1152 furor,
1355 1119 1470 1155 quem
1502 1107 1757 1145 fanatismum
1787 1112 1948 1153 vocant;

207 1167 310 1204 hunc
342 1167 447 1204 enim
479 1166 648 1204 abfuisse
681 1167 867 1204 evincunt
899 1168 959 1204 tot
992 1167 1174 1212 virtutes,
1210 1166 1356 1215 quibus
1390 1169 1584 1216 martyres
1617 1167 1872 1212 ornabantur,
1909 1168 1948 1205 in

206 1226 342 1275 primis
376 1239 450 1275 pax
472 1226 593 1263 animi
623 1226 845 1274 mentisque
876 1226 1156 1274 tranquillitas,
1188 1225 1399 1275 prudentia
1420 1226 1461 1263 in
1492 1227 1701 1274 responsis,
1734 1227 1948 1272 humilitas,

207 1285 423 1322 diffidentia
445 1285 490 1322 de
513 1297 585 1322 sua
606 1286 755 1322 virtute
778 1297 821 1322 30
841 1296 921 1322 11011
942 1285 1188 1322 intermissae
1211 1285 1259 1322 ad
1281 1285 1406 1322 Deum
1426 1297 1570 1334 preces,
1595 1285 1642 1322 de
1664 1285 1809 1333 quibus
1830 1298 1948 1334 supra

206 1344 369 1394 egimus.
411 1345 500 1382 Non
521 1345 649 1382 inanis
673 1344 908 1392 exspectatio
940 1345 1185 1382 bonorum
1218 1344 1456 1381 futurorum.
1499 1344 1588 1382 Non
1610 1344 1827 1382 diffitemur
1857 1345 1947 1393 qui-

207 1403 305 1448 dem,
340 1405 533 1452 martyres
565 1416 631 1452 spe
663 1403 809 1452 gloriae
840 1403 1016 1441 coelestis
1049 1403 1298 1441 vehementer
1332 1403 1449 1440 fuisse
1484 1403 1676 1452 impulsos
1712 1404 1760 1441 ad
1791 1404 1948 1441 fortiter

206 1462 409 1499 subeunda
431 1466 638 1508 tormenta,
670 1466 717 1499 ut
748 1462 875 1510 liquet
901 1475 945 1499 ex
969 1475 1103 1500 eorum
1128 1462 1242 1506 actis;
1276 1464 1407 1499 tantae
1429 1464 1562 1499 tamen
1585 1463 1827 1500 constantiae
1858 1475 1948 1500 cum

205 1521 388 1558 omnibus
411 1521 608 1570 adjunctis
630 1522 722 1567 illis,
754 1534 853 1569 quae
875 1521 1142 1570 expendimus,
1176 1521 1270 1558 fides
1291 1521 1418 1558 inanis
1449 1523 1490 1559 et
1521 1533 1683 1559 erronea
1715 1534 1830 1559 causa
1861 1534 1944 1560 esse

204 1592 282 1617 non
303 1580 512 1629 potuisset.
556 1581 691 1618 Potest
713 1580 872 1629 quidem
895 1593 975 1618 esse
998 1583 1037 1618 et
1058 1593 1191 1618 revera
1215 1593 1326 1628 saepe
1340 1583 1397 1617 est
1413 1581 1544 1629 opinio
1559 1593 1719 1618 erronea
1735 1582 1945 1630 conjuncta

205 1651 294 1676 011111
325 1639 548 1688 pertinacia,
584 1640 676 1677 haec
706 1652 797 1677 vero
829 1651 919 1676 cum
951 1640 1172 1677 constantia
1205 1644 1244 1677 et
1277 1639 1512 1677 fortitudine
1547 1640 1663 1677 etiam
1699 1641 1945 1678 admiranda:

203 1698 391 1746 quamdiu
410 1701 542 1736 tamen
565 1711 670 1736 error
701 1700 741 1736 et
770 1698 914 1736 vitium
945 1699 1053 1736 radix
1086 1702 1125 1736 et
1155 1699 1242 1736 fons
1274 1711 1357 1736 esse
1387 1702 1590 1747 nequeunt
1621 1699 1818 1737 virtut-um
1852 1700 1945 1737 soli-

204 1757 353 1804 darum,
377 1757 576 1795 virtutum
598 1758 852 1803 heroicarum,
874 1758 1074 1795 virtutum
1095 1758 1188 1796 adeo
1211 1758 1453 1803 sublimium,
1477 1760 1524 1795 ut
1537 1770 1668 1795 earum
1685 1759 1748 1796 vel
1762 1759 1943 1796 umbram

202 1815 349 1853 frustra
370 1817 474 1865 apud
495 1817 751 1866 philosophos
774 1817 948 1854 ethnicos
980 1829 1162 1866 quaeras:
1195 1817 1396 1866 persuasio
1429 1828 1591 1854 erronea
1612 1829 1690 1855 non
1721 1817 1867 1855 sufficit
1897 1817 1945 1855 ad

204 1875 474 1924 explicandum
497 1876 742 1925 martyrium,
775 1877 890 1924 quale
923 1876 1025 1913 illud
1047 1876 1088 1913 111
1110 1876 1280 1914 Ecclesia
1310 1876 1428 1914 fuisse
1458 1888 1528 1924 per
1558 1879 1619 1914 tot
1651 1877 1780 1914 secula
1811 1878 1944 1914 osten-

203 1934 343 1971 dimus.
386 1935 551 1972 Inducet
573 1935 673 1972 forte
698 1947 784 1984 spes
805 1948 904 1972 vana
925 1935 1073 1985 gloriae
1095 1935 1214 1972 rudes
1236 1948 1377 1983 eosque
1413 1936 1481 1984 qui
1504 1938 1599 1973 sunt
1620 1935 1774 1973 vividae
1805 1935 1944 1985 imagi-

200 1993 381 2037 nationis,
405 2006 484 2030 non
504 2006 596 2031 vero
617 1994 794 2031 homines
817 1994 1031 2042 prudentes
1053 1995 1201 2042 quique
1233 1998 1324 2032 sunt
1356 1994 1631 2031 sollicitissime
1655 1995 1818 2032 studiosi
1841 1995 1943 2032 veri-

200 2052 305 2098 tatis,
329 2052 432 2090 viros
455 2053 631 2090 eruditos
654 2053 857 2102 solideque
879 2053 1025 2090 doctos.
1062 2054 1158 2091 Cum
1180 2066 1270 2103 ergo
1285 2056 1505 2102 martyrum
1520 2054 1742 2091 constantia
1756 2066 1801 2091 ex
1815 2054 1942 2091 causis

200 2111 446 2148 naturalibus
468 2114 639 2160 nequeat
661 2112 856 2161 explicari,
878 2114 1033 2150 maneat
1054 2113 1193 2158 illatio,
1217 2125 1334 2161 quam
1352 2113 1435 2160 jam
1457 2124 1528 2150 sec.
1544 2113 1593 2149 II.
1616 2113 1775 2150 ecclesia
1797 2125 1943 2162 smyr-
2000 2114 2005 2117 ’

200 2171 372 2207 nensis
406 2171 447 2207 in
481 2184 598 2208 aurea
633 2171 798 2220 epistola
832 2171 879 2208 de
913 2172 1100 2220 martyrio
1135 2172 1260 2209 sancti
1294 2171 1465 2220 episcopi
1500 2171 1563 2208 sui
1595 2172 1801 2221 Polycarpi
1836 2172 1942 2210 hisce

200 2229 330 2266 verbis
352 2230 578 2267 enunciavit
599 2243 637 2270 n.
663 2236 707 2270 2:
742 2257 759 2274 »
771 2230 914 2267 Eorum
948 2227 1204 2284 (martyrum)
1236 2231 1514 2268 strenuitatem
1549 2243 1592 2268 ac
1622 2231 1872 2268 tolerantiam
1905 2234 1943 2268 et

200 2300 291 2337 erga
312 2288 522 2326 Dominum
547 2289 750 2326 caritatem
772 2290 862 2337 quis
884 2302 963 2327 non
985 2290 1227 2327 admiretur?
1249 2290 1319 2338 qui
1339 2289 1472 2339 flagris
1489 2290 1647 2338 quidem
1663 2290 1757 2327 adeo
1772 2290 1940 2335 lacerati,

200 2349 246 2384 ut
268 2347 315 2384 ad
337 2347 496 2385 intimas
519 2361 645 2397 usque
679 2361 797 2385 venas
828 2351 867 2386 et
899 2349 1061 2386 arterias
1093 2349 1265 2398 corporis
1301 2361 1488 2398 compago
1523 2351 1776 2398 spectaretur,
1810 2351 1943 2387 tamen

200 2406 485 2451 sustinuerunt,
517 2407 574 2444 ita
594 2409 642 2444 ut
664 2408 781 2444 etiam
804 2408 873 2456 qui
895 2408 1053 2445 aderant
1075 2408 1358 2445 miserarentur
1390 2420 1433 2445 ac
1454 2408 1709 2457 plangerent:
1743 2408 1818 2457 ipsi
1848 2420 1941 2445 vero

199 2477 243 2501 eo
266 2465 513 2503 fortitudinis
536 2468 734 2511 venerant,
766 2468 813 2503 ut
844 2479 958 2504 nemo
981 2466 1142 2504 illorum
1163 2468 1226 2504 vel
1248 2467 1431 2504 strideret
1454 2467 1517 2503 vel
1540 2467 1826 2517 ingemisceret,
1859 2480 1940 2505 om—

198 2524 315 2561 nibus
337 2525 601 2570 ostendentes,
625 2528 818 2574 martyres
841 2525 986 2563 Christi
1017 2538 1058 2563 30
1078 2528 1175 2564 tunc
1197 2526 1290 2563 dum
1313 2527 1599 2574 torquerentur
1630 2539 1651 2564 a
1683 2538 1796 2564 carne
1829 2539 1940 2576 pere-

198 2582 372 2631 grinatos
403 2583 523 2621 fuisse
554 2587 623 2621 aut
652 2584 782 2633 potius
814 2585 1019 2622 Dominum
1050 2585 1147 2634 ipsis
1179 2585 1379 2622 adstitisse
1411 2587 1451 2622 et
1482 2597 1569 2622 cum
1604 2585 1700 2634 ipsis
1735 2597 1819 2622 esse
1853 2597 1939 2622 ver-

199 2643 368 2678 satum«

346 2758 366 2795 ¹)
385 2755 561 2789 Praelect.
580 2756 694 2792 theol.
713 2759 742 2791 t.
763 2760 779 2790 1
799 2768 835 2802 p.
858 2762 870 2792 1
890 2768 919 2791 c.
934 2760 955 2792 3
969 2769 1024 2802 pr.
1040 2762 1059 2791 5
1074 2769 1110 2792 n.
1124 2761 1204 2793 425.
1225 2757 1393 2792 Ceterum
1409 2758 1453 2793 de
1467 2756 1729 2792 insufficientia
1749 2767 1939 2791 causarum

198 2807 423 2841 naturalium
443 2808 490 2841 ad
517 2809 776 2852 explicandum
803 2811 1023 2855 martyrium
1048 2811 1290 2845 christianum
1320 2811 1363 2844 cf.
1392 2810 1421 2843 B
1433 2811 1526 2844 alm
1538 2821 1556 2845 e
1568 2822 1584 2844 s
1611 2810 1730 2844 Briefe
1757 2821 1804 2844 an
1832 2810 1939 2844 einen

197 2860 370 2902 Zweifler,
392 2866 411 2895 5
429 2861 501 2901 Br.,
519 2863 556 2895 et
573 2862 595 2896 S
607 2863 622 2895 t
634 2873 683 2896 or
695 2864 748 2896 ch
761 2873 780 2896 e
793 2873 848 2897 na
860 2876 903 2897 u:
933 2863 998 2897 Die
1016 2864 1255 2907 Philosophie
1282 2864 1345 2897 der
1363 2862 1537 2908 Religion
1555 2866 1580 2896 t.
1601 2868 1620 2897 5
1649 2863 1742 2907 disp.
1760 2866 1793 2903 8,
1812 2862 1877 2907 qui
1895 2863 1938 2897 de

196 2913 266 2948 1130
283 2924 321 2948 re
338 2913 428 2955 fuse,
447 2915 562 2948 solide
582 2916 620 2948 et
638 2915 748 2958 plane
767 2916 916 2960 egregie
934 2917 1138 2955 disserunt:
1157 2916 1188 2951 G
1200 2929 1221 2950 u
1233 2917 1283 2951 tb
1296 2928 1314 2951 0
1326 2916 1425 2950 rlet
1442 2929 1478 2961 p.
1499 2916 1542 2950 11.
1563 2928 1589 2952 s,
1605 2920 1625 2951 2
1640 2919 1657 2957 ἓ
1672 2918 1704 2950 7.
1724 2916 1855 2950 Merito
1868 2916 1938 2961 igi-

197 2969 258 3001 tur
275 2967 344 3000 Mo
357 2971 408 3000 nt
420 2977 511 3001 anu
523 2979 538 3002 s
556 2969 705 3012 martyr,
726 2970 768 3002 ut
785 2969 942 3014 legimus
961 2971 1001 3003 in
1019 2970 1099 3014 ejus
1117 2971 1208 3004 actis
1227 2982 1262 3004 n.
1285 2973 1340 3004 14.
1361 2974 1499 3014 (opusc.
1517 2969 1615 3010 XIlI,
1635 2971 1727 3010 164),
1759 2969 1937 3008 ,haereti-

196 3029 322 3053 corum
341 3020 551 3065 superbiam
570 3022 609 3054 et
624 3021 833 3066 improbam
852 3024 1126 3057 contumaciam
1151 3023 1385 3062 refundebat,
1413 3024 1627 3057 contestans
1654 3032 1726 3063 eos,
1752 3024 1795 3056 ut
1821 3024 1872 3057 vel
1896 3025 1938 3056 de

195 3074 296 3115 copia
313 3078 517 3116 martyrum
534 3073 787 3118 intelligerent
805 3075 990 3109 Ecclesiae
1004 3076 1216 3118 veritatem,
1230 3077 1277 3110 ad
1291 3087 1400 3120 quam
1415 3076 1535 3110 redire
1550 3075 1756 3110 deberent.‘
1780 3075 1834 3111 Cf.
1849 3075 1936 3110 diss.

195 3126 380 3160 nostram:
400 3126 607 3170 Martyrum
624 3127 773 3172 sanguis
790 3139 860 3162 vox
879 3128 1047 3163 veritatis
1065 3139 1190 3174 opusc.
1210 3130 1272 3164 IV.
1293 3132 1359 3164 143
1378 3141 1422 3163 ss.
