2175 3382
853 101 1033 136 Motivum
1051 100 1207 135 formale
1227 100 1321 134 fidei.
1867 103 1958 146 475

216 226 412 275 objectum
434 225 646 264 materiale.
680 224 826 262 sanitas
849 224 1046 273 objectum
1068 223 1250 261 formale:
1289 222 1382 270 quia
1403 222 1516 259 velut
1547 221 1731 260 informat
1765 224 1804 259 et
1834 222 1957 260 vestit

217 284 461 329 medicinam,
486 297 584 332 quae
607 283 822 321 secundum
845 295 885 320 se
906 295 985 320 non
1005 283 1181 319 moveret
1202 282 1471 325 voluntatem3
1495 280 1639 318 vestita
1659 283 1791 318 tamen
1806 281 1955 318 aboni-

216 346 298 381 tate
322 343 502 380 sanitatis
525 342 646 380 allicit
678 343 724 379 ad
747 346 956 379 amorem<
1001 340 1126 385 Quare
1157 340 1455 388 inquirentibus
1488 340 1530 376 in
1561 343 1740 376 naturam
1771 340 1863 377 fidei
1895 340 1954 376 di·

217 403 331 441 vinae
353 403 399 440 de
421 402 573 451 duplici
594 402 666 438 hoc
689 402 838 450 objecto
861 400 1131 438 disserendum
1155 403 1226 436 est.

335 497 434 539 458.
456 493 657 534 Motivum-
678 492 857 545 formale
875 492 985 545 fidei.
1012 517 1063 522 —
1087 489 1193 531 Cum
1215 495 1358 531 autem
1381 489 1587 529 motivum
1610 488 1786 530 formale
1809 501 1958 530 assen-

219 578 290 606 sus
313 565 466 606 mentis
487 565 656 605 veritati
678 564 804 604 alicui
827 563 1000 604 exhibiti
1022 562 1226 615 triplex
1251 573 1344 602 esse
1368 561 1513 613 possit,
1536 560 1695 602 scilicet
1716 560 1782 602 vel
1804 574 1845 604 a.
1871 562 1956 602 evi-

218 637 362 678 dentia
403 636 460 677 illi
493 635 662 676 veritati
696 635 821 675 insita
856 638 898 674 et
931 633 1191 680 immediata,
1233 633 1300 674 vel
1342 634 1387 676 b.
1430 632 1643 673 evidentia
1676 632 1863 672 mediata
1905 644 1958 672 ac

217 707 406 748 illatione
429 707 634 753 derivata,
668 706 735 746 vel
769 719 811 749 c.
848 705 1080 746 auctoritas
1112 704 1344 757 loquentis:
1376 703 1608 745 tenendum
1641 707 1715 747 est.
1751 703 1957 743 motivum

221 776 400 818 formale
432 789 636 818 assensus
667 775 766 817 fidei
796 788 883 817 non
915 787 1009 817 esse
1041 775 1297 816 evidentiam
1329 774 1519 815 veritatis
1551 773 1640 814 sive
1666 773 1957 814 immediatam

219 848 307 889 sive
329 848 575 893 mediatam,
607 847 681 888 sed
713 847 939 888 revelantis
965 846 1041 887 Dei
1073 845 1483 887 auctoritatem.
1540 844 1652 885 Haec
1688 848 1752 885 est
1786 845 1959 885 evidens

220 918 413 959 doctrina
436 918 658 967 catholica,
681 923 726 958 ut
747 922 865 970 patet
886 929 937 958 ex
959 916 1054 957 fidei
1076 916 1320 957 definitione
1342 928 1461 959 conc,
1483 915 1730 956 vaticani
1754 915 1810 971 (n.
1828 915 1957 971 4561)

222 993 265 1030 et
286 1001 337 1030 ex
360 989 551 1041 ejusdem
575 1001 666 1030 can.
691 991 717 1031 2
740 990 796 1043 (n.
817 991 903 1033 459
921 988 966 1042 ⁶).
1010 985 1294 1028 Confirmatur
1317 990 1461 1027 autem

340 1073 381 1116 1.
406 1073 602 1125 analogia
625 1085 720 1114 cum
742 1072 823 1113 fide
845 1072 963 1112 hum
977 1084 1098 1121 ana,
1123 1083 1233 1124 quae
1256 1083 1342 1111 non
1356 1071 1546 1112 innititur
1561 1075 1751 1111 assertae
1765 1071 1956 1111 veritatis

219 1144 442 1195 evidentia,
467 1144 542 1185 sed
565 1145 822 1185 auctoritate
845 1147 886 1184 et
908 1143 1142 1184 veracitate
1165 1146 1385 1194 comperta
1407 1142 1638 1195 loquentis3
1663 1146 1704 1182 et

336 1228 377 1270 2.
410 1239 461 1268 ex
492 1227 643 1268 divinis
672 1227 804 1267 literis
839 1227 928 1267 sive
960 1238 1057 1266 curn
1079 1225 1204 1266 iidem
1228 1224 1372 1265 dicunt
1393 1225 1422 1280 1)
1457 1230 1744 1277 arqumenlmn
1776 1226 1958 1282 ἕλε-(χον,

218 1298 551 1350 persuasionem,
577 1298 890 1338 convictionem
920 1297 1145 1338 veritatum
1168 1310 1249 1337 non
1274 1297 1583 1350 apparentium,
1616 1307 1726 1348 quae
1749 1307 1849 1347 ergo
1873 1308 1959 1336 non

218 1368 408 1409 innititur
429 1368 658 1415 evidentia;
692 1369 799 1409 beati
821 1369 891 1424 qui
915 1381 995 1408 non
1025 1368 1217 1408 viderunt
1239 1371 1274 1408 et
1298 1367 1561 1408 crediderunt
1582 1366 1644 1408 Jo.
1668 1371 1736 1416 20,
1761 1370 1837 1414 29ς
1869 1366 1958 1406 sive

221 1451 317 1480 cum
349 1439 596 1491 significant,
628 1439 755 1480 fidem
786 1439 947 1480 habere
979 1438 1091 1479 idern
1123 1450 1217 1479 esse
1249 1451 1300 1479 ac
1331 1439 1492 1479 credere
1514 1437 1603 1478 Deo
1627 1437 1748 1480 Rom.
1769 1441 1810 1486 4,
1833 1441 1858 1481 3
1881 1450 1959 1484 ss.;

224 1514 262 1554 2.
286 1509 390 1553 Tim.
418 1515 452 1560 1,
479 1513 554 1559 12;
591 1514 623 1554 1.
647 1510 791 1554 Thess.
815 1512 854 1559 2.,
881 1513 954 1554 13:
990 1509 1088 1550 Cum
1114 1510 1370 1564 accepissetis
1400 1524 1426 1550 α
1457 1509 1574 1550 vobis
1604 1508 1767 1550 verbum
1790 1508 1964 1548 auditus

222 1579 316 1633 Dei,
341 1582 555 1635 accepistis
570 1581 675 1622 illud
690 1595 771 1621 rnon
794 1586 838 1621 ut
859 1581 1024 1621 verbum
1039 1581 1263 1634 hominum)
1286 1581 1355 1622 sed
1376 1582 1497 1621 sicuti
1519 1586 1575 1621 est
1596 1594 1685 1621 vere
1701 1579 1864 1620 verbum
1881 1578 1959 1619 Dec·

370 1735 392 1778 ¹)
411 1734 444 1768 S.
465 1735 597 1769 Paulus
617 1735 727 1770 Hebr.
751 1739 802 1774 ll,
824 1739 839 1769 1
860 1735 913 1768 ita
931 1735 975 1767 de
994 1734 1062 1768 fide
1081 1734 1227 1768 seiibit:
1256 1735 1321 1767 Est
1348 1740 1462 1767 autem
1489 1735 1574 1776 fides
1600 1735 1862 1777 sperandarum
1879 1734 1961 1767 sub-

215 1789 345 1821 stantia
365 1788 565 1833 (ὑπόστασις)
591 1801 724 1829 rerum,
752 1794 999 1832 aryumentum
1015 1800 1085 1822 non
1103 1790 1376 1832 apparentium;
1408 1788 1452 1822 de
1472 1798 1542 1831 quo
1562 1789 1665 1821 textu
1684 1786 1871 1831 praeclare
1889 1786 1958 1820 dis-

217 1842 305 1874 serit
325 1853 351 1875 s.
369 1841 432 1875 Th
445 1853 464 1875 0
478 1854 546 1876 ma
560 1854 574 1876 s
595 1841 675 1877 lect.
696 1846 712 1876 1
734 1843 773 1876 in
790 1843 826 1876 h.
845 1842 889 1879 l.;
909 1845 945 1876 et
964 1842 1007 1875 de
1025 1843 1133 1876 verit.
1152 1854 1186 1885 q.
1209 1844 1252 1874 14
1270 1853 1302 1875 a.
1323 1844 1353 1881 2,
1373 1841 1438 1875 ubi
1463 1841 1607 1875 scribit:
1642 1841 1820 1879 ,Videtur
1837 1840 1956 1874 dicen·

218 1895 318 1935 dum,
337 1896 434 1939 quod
453 1898 542 1931 haec
559 1896 642 1930 fidei
660 1896 863 1930 notificatio
883 1896 932 1930 sit
951 1894 1237 1940 completis-sima
1255 1895 1332 1939 ejus
1352 1895 1529 1935 definitio,
1547 1905 1621 1928 non
1644 1895 1698 1928 ita
1724 1894 1821 1938 quod
1841 1895 1889 1928 sit
1904 1903 1959 1927 se-

217 1949 381 1982 cundum
399 1948 563 1983 debitam
582 1948 738 1982 formam
760 1949 985 1983 definitionis
1003 1948 1151 1988 tradita,
1180 1949 1245 1983 sed
1273 1950 1361 1992 quia
1387 1949 1426 1982 in
1454 1959 1495 1982 ea
1514 1948 1735 1982 sufficienter
1756 1947 1964 1991 tanguntur

221 2001 355 2040 omnia,
375 2013 470 2046 quae
489 2003 689 2048 exiguntur
706 2003 753 2036 ad
773 2003 856 2036 fidei
875 2003 1163 2037 definitionem.‘
1185 2001 1381 2043 Quaeritur
1399 2013 1471 2046 quo
1490 2013 1600 2036 sensu
1614 2001 1703 2035 fides
1718 2001 1863 2034 dicatur
1879 2001 1955 2034 sub-

217 2057 349 2089 stantia
365 2067 487 2089 rerum
506 2057 780 2100 sperandarum.
816 2056 1023 2090 Secundum
1052 2057 1079 2090 T
1091 2056 1116 2090 h
1129 2067 1148 2090 ο
1160 2068 1196 2089 m
1209 2066 1277 2088 am
1296 2059 1327 2089 ⁶2.
1347 2059 1367 2089 2
1387 2068 1420 2100 q.
1441 2060 1463 2090 4
1481 2067 1512 2089 a.
1535 2060 1548 2089 l
1564 2071 1570 2089 :
1612 2054 1849 2094 ,Substantia
1867 2054 1959 2087 solet

219 2107 292 2141 dici
309 2109 432 2152 prima
449 2109 638 2143 inchoatio
659 2109 908 2154 cujuscunque
927 2109 991 2150 rei,
1013 2114 1049 2143 et
1068 2109 1226 2143 maxime
1244 2109 1390 2152 quando
1410 2110 1490 2142 tota
1508 2117 1564 2142 res
1576 2118 1733 2151 sequens
1752 2107 1963 2141 continetur

219 2161 355 2195 virtute
374 2161 412 2195 in
433 2161 551 2206 primo
571 2163 774 2207 principio:
802 2164 894 2206 puta
915 2163 943 2196 si
963 2163 1137 2204 dicamus,
1157 2162 1255 2206 quod
1275 2174 1308 2206 pi
1319 2162 1391 2195 ima
1407 2162 1591 2206 principia
1616 2158 1964 2194 indemonstrabilia-

219 2217 305 2248 sunt
323 2215 534 2249 substantia
552 2215 738 2255 scientiae,
757 2217 845 2260 qnia
864 2217 1007 2250 scilicet
1034 2217 1206 2260 primum,
1235 2215 1333 2259 quod
1360 2215 1398 2248 in
1418 2215 1523 2248 nobis
1544 2217 1598 2248 est
1621 2214 1665 2248 de
1693 2213 1854 2249 scientia.
1875 2215 1961 2246 sunt

217 2269 429 2313 hujusmodi
446 2269 641 2313 principia,
660 2272 697 2303 et
714 2270 753 2302 in
772 2270 823 2303 eis
842 2271 982 2303 virtute
1001 2270 1211 2303 continetur
1227 2270 1306 2302 tota
1326 2269 1491 2304 scientia.
1511 2267 1579 2302 Per
1596 2269 1695 2302 hunc
1710 2277 1796 2312 ergo
1811 2267 1962 2300 modum

219 2322 356 2356 dicitur
374 2322 462 2356 fides
481 2333 557 2356 esse
583 2324 779 2357 substantia
804 2325 1065 2367 sperandarum
1095 2334 1226 2362 rerum,
1255 2322 1343 2365 quia
1370 2322 1446 2356 scil.
1475 2321 1595 2366 prima
1622 2320 1810 2355 inchoatio
1837 2330 1960 2354 rerum

222 2375 488 2420 sperandarum
503 2376 541 2409 in
559 2376 664 2409 nobis
683 2378 737 2409 est
756 2386 820 2421 pei·
838 2386 1025 2410 assensum
1044 2375 1144 2415 fidei,
1162 2384 1256 2419 quae
1274 2376 1411 2409 virtute
1427 2375 1594 2409 continet
1608 2385 1732 2409 omnes
1747 2385 1803 2408 res
1816 2385 1962 2418 speran-

220 2428 294 2463 das.
332 2429 373 2462 In
390 2429 459 2463 hoc
479 2429 576 2462 enim
597 2440 786 2473 speramns
806 2429 1021 2471 beatificari,
1042 2429 1138 2471 quod
1159 2428 1365 2462 videbimus
1385 2430 1513 2472 aperta
1531 2429 1672 2462 visione
1689 2428 1962 2469 veritatem‚cui

220 2493 287 2525 per
304 2482 411 2515 fidem
428 2482 706 2516 adhaeremus«
744 2482 850 2516 Unde
869 2482 916 2515 ab
936 2493 978 2515 eo
996 2482 1168 2516 definitur
1187 2482 1276 2515 fides
1296 2481 1467 2520 ,habitus
1495 2481 1640 2523 mentis,
1668 2492 1740 2525 quo
1767 2481 1965 2515 inchoatur

221 2535 300 2568 vita
318 2538 467 2569 aeterna
484 2536 523 2569 in
542 2535 657 2575 nobis⁷
676 2535 813 2569 faciens
832 2535 1067 2569 intellectum
1087 2535 1263 2568 assentire
1281 2544 1354 2568 non
1373 2534 1649 2578 apparentibus.
1668 2535 1734 2568 Per
1753 2535 1819 2568 hoc
1838 2540 1962 2568 autem

220 2588 308 2622 fides
326 2588 372 2622 ab
391 2589 562 2623 omnibus
582 2588 665 2622 aliis
684 2589 939 2632 distinguitur,
955 2598 1049 2631 quae
1064 2589 1108 2622 ad
1124 2587 1356 2622 intellectum
1370 2587 1568 2632 pertinent.
1588 2587 1656 2622 Per
1670 2589 1738 2621 hoc
1752 2588 1848 2622 enim
1864 2587 1962 2631 quod

221 2641 358 2674 dicitur
374 2647 633 2685 aryumentum,
654 2641 898 2685 distinguitur
929 2641 1019 2674 fides
1049 2642 1096 2675 ab
1127 2641 1312 2685 opinione,
1340 2640 1547 2684 suspicione
1577 2643 1613 2675 et
1633 2641 1877 2678 dubitatione,
1896 2651 1962 2684 per

221 2705 315 2738 qnae
332 2706 407 2728 non
425 2696 480 2728 est
497 2695 671 2728 adhaesio
689 2694 901 2728 intellectus
920 2694 1024 2727 firma
1042 2694 1087 2727 ad
1107 2694 1262 2738 aliquid.
1296 2694 1363 2727 Per
1391 2694 1460 2728 hoc
1482 2696 1605 2728 autem
1624 2695 1721 2738 quod
1740 2695 1875 2728 dicitur
1891 2705 1961 2728 non

221 2749 481 2791 apparentium,
500 2748 743 2792 distinguitur
761 2748 848 2781 fides
867 2759 888 2781 a
907 2747 1062 2782 scientia
1081 2753 1117 2781 et
1134 2747 1341 2787 intellectu,
1361 2758 1425 2791 per
1443 2759 1535 2792 quae
1550 2748 1592 2781 fit
1606 2748 1749 2792 aliquid
1769 2758 1963 2791 apparens.

221 2801 290 2835 Per
307 2801 376 2835 hoc
394 2805 516 2835 autem
536 2801 633 2845 quod
652 2801 788 2835 dicitur
805 2802 999 2835 substantia
1016 2802 1278 2844 sperandarum
1296 2813 1428 2845 rerum,
1449 2801 1692 2846 distinguitur
1710 2802 1826 2835 virtus
1841 2801 1926 2834 fidei
1941 2812 1962 2833 a

222 2854 295 2888 fide
315 2854 559 2888 communiter
577 2856 735 2898 sumpta.
767 2865 860 2898 quae
891 2865 965 2888 non
996 2853 1188 2888 ordinatur
1219 2854 1265 2888 ad
1295 2855 1564 2889 beatitudinem
1596 2857 1793 2899 speratam.
1829 2853 1963 2888 Omnes

223 2908 345 2940 autem
364 2905 458 2939 aliae
476 2906 721 2948 definitiones,
740 2917 979 2951 quaecunque
998 2907 1042 2939 de
1060 2906 1131 2940 fide
1150 2906 1295 2947 dantur,
1315 2907 1578 2952 explicationes
1596 2908 1683 2941 sunt
1700 2907 1821 2951 hujus
1849 2918 1960 2950 quain

226 2958 424 3002 Apostolus
442 2960 578 3002 ponit.‘
619 2959 825 2993 Secundum
846 2959 937 2993 alios
955 2969 1038 2992 vero
1059 2959 1148 2993 fides
1176 2959 1385 2993 substantia
1412 2959 1557 3000 dicitur,
1585 2961 1671 3003 quia
1700 2961 1755 2993 est
1782 2959 1878 2992 basis
1898 2968 1963 2992 seu

222 3012 505 3045 fundamentum
525 3013 612 3055 spei,
630 3011 734 3045 radix
755 3013 935 3046 bonorum
952 3011 1117 3045 omnium
1135 3013 1278 3056 gratiae
1296 3015 1331 3047 et
1351 3013 1503 3057 gloriae,
1534 3013 1590 3046 vel
1610 3013 1697 3056 quia
1715 3012 1802 3045 fides
1828 3011 1962 3045 tribuit

227 3065 336 3098 rebus
349 3065 540 3108 sperandis
553 3065 850 3099 substantiamin
863 3065 980 3099 nobis.
1000 3064 1053 3100 Cf.
1071 3065 1202 3111 Hugo
1221 3077 1252 3100 a.
1272 3078 1297 3100 s.
1316 3067 1466 3101 Victore
1486 3077 1650 3100 summae
1670 3067 1762 3100 sent.
1781 3068 1827 3100 tr.
1850 3070 1863 3098 1
1883 3077 1912 3100 c.
1930 3069 1963 3102 1.
