2175 3382
621 92 700 133 Quo
719 104 824 127 sensu
843 93 1042 138 adimpleta
1063 94 1137 128 sint
1156 96 1329 129 vaticinia
1350 97 1540 131 messiana.
1887 106 1944 147 59

335 222 399 256 52.
422 212 652 256 Scholion
675 212 714 254 I.
747 215 985 252 Judaeoi·um
1017 217 1223 264 exceptioni
1244 218 1391 265 satisfit.
1415 241 1470 245 —
1495 220 1704 263 ,Sentiunt
1737 234 1775 258 se
1807 223 1943 270 premi,

212 275 345 323 inquit
367 274 577 312 Grotius
608 273 655 310 de
677 274 788 311 verit.
819 274 930 323 relig.
953 274 997 319 V,
1025 281 1088 319 14,
1121 274 1180 311 his
1211 277 1451 324 argumentis
1477 278 1620 324 judaei,
1652 291 1750 327 quae
1781 283 1827 318 ut
1856 282 1940 319 elu-

212 334 318 379 dant,
340 332 524 370 nonnulli
547 333 669 380 ajunt,
694 345 763 370 sua
784 335 939 380 peccata
961 333 1002 369 in
1024 345 1136 370 causa
1157 333 1290 379 fuisse,
1327 336 1536 382 quominus
1559 338 1744 385 promisso
1767 341 1942 389 tempore

213 392 414 431 adveniret
437 388 644 444 (Messias).
686 391 737 428 Ut
758 391 936 428 omittam
957 391 999 428 in
1021 392 1134 429 dictis
1156 392 1351 430 vaticiniis
1375 393 1590 437 definitum,
1614 408 1692 433 non
1707 397 1836 446 aliqua
1851 411 1940 437 con-

212 451 361 489 ditione
392 462 626 500 suspensum
657 449 856 487 decretum
886 450 1070 487 indicari:
1103 452 1294 499 quomodo
1317 453 1365 489 ob
1396 458 1550 501 peccata
1572 454 1718 491 differri
1750 457 1944 495 adventus

210 510 355 560 potuit,
378 522 464 547 cum
488 509 558 546 hoc
579 520 735 556 quoque
757 509 1000 557 praedictum
1022 513 1136 555 esset,
1161 510 1209 547 ob
1222 510 1395 558 plurima
1410 515 1449 548 et
1461 513 1627 549 maxima
1640 515 1775 561 populi
1789 522 1941 564 peccata

211 570 350 607 urbem
371 567 672 606 exscindendam
693 568 808 616 paulo
837 570 926 616 post
947 568 1113 605 Messiae
1143 571 1344 617 tempora?
1379 570 1488 607 Adde
1523 572 1624 619 quod
1657 573 1815 611 Messias
1847 588 1939 612 vcn-

206 631 325 666 turus
347 629 429 665 erat
449 627 520 664 hac
541 638 698 674 quoque
721 626 767 663 de
789 638 917 672 causa,
941 628 986 663 ut
1000 627 1296 676 corruptissimo
1323 629 1451 666 seculo
1481 629 1710 667 medicinam
1727 631 1868 670 faceret
1886 664 1892 670 .
1909 665 1915 672 .
1934 665 1941 670 .

211 688 332 724 Plane
353 688 485 724 autem
507 699 528 722 a
549 685 702 722 ratione
723 685 908 722 abhorret
929 685 1066 731 dicere,
1100 687 1148 723 ob
1171 687 1350 724 morbum
1373 687 1543 735 aliquem
1567 688 1732 725 dilatum
1754 691 1804 729 id.
1838 694 1938 739 qimd

211 746 381 795 praecise
403 745 438 783 ei
460 745 595 782 morbo
618 746 701 781 erat-
723 744 1003 781 destinatum«

329 839 400 880 53.
423 835 650 880 Scholion
673 836 738 878 II.
782 834 976 890 Elrceptio
1009 840 1151 877 contra
1187 837 1380 877 vatici-iiia
1406 839 1625 878 messiam.
1649 865 1707 868 —
1728 839 1943 881 Adversus

212 907 619 948 demonstrationem
634 918 711 958 pro
727 906 869 946 divina
884 905 1037 947 Christi
1053 907 1255 947 missione
1279 918 1331 947 ex
1353 908 1561 948 vaticiniis
1584 908 1819 951 derivatam
1841 911 1939 951 illud

212 978 347 1030 excipi
367 981 518 1030 potest,
540 977 721 1029 plurima
744 977 943 1017 vaticinia
967 978 1183 1018 messiana
1206 978 1248 1017 in
1271 976 1436 1018 Christo
1461 983 1502 1019 et
1523 991 1601 1031 per
1624 978 1834 1021 Christum
1856 994 1942 1021 non

210 1049 338 1090 fuisse
361 1048 544 1101 impleta,
575 1048 713 1100 ipsum
744 1048 867 1099 igitur
898 1048 1047 1089 haberi
1079 1061 1164 1090 non
1196 1061 1322 1101 posse
1345 1062 1420 1101 pro
1444 1049 1600 1091 Messia
1622 1051 1818 1092 divinitus
1840 1065 1942 1104 pro-

211 1120 353 1161 misso.
394 1118 485 1160 Huc
517 1123 711 1171 spectant
744 1119 887 1159 omnia
919 1119 989 1159 illa
1020 1120 1231 1168 vaticinia,
1265 1131 1373 1172 quae
1407 1121 1708 1172 gloriosum
1731 1121 1943 1164 Messiam.

210 1191 551 1244 potentissimum
582 1191 817 1243 principem
848 1191 1071 1243 triumphis
1104 1196 1144 1232 et
1176 1191 1365 1233 cladibus
1397 1192 1448 1233 de
1480 1192 1672 1233 hostibus
1703 1193 1846 1245 populi
1867 1193 1942 1234 Dei

211 1263 373 1303 clarum
395 1261 663 1314 portendunt,
686 1265 831 1302 tantae
854 1275 879 1314 p
893 1263 1007 1303 acis
1031 1267 1262 1312 auctorem,
1284 1267 1329 1304 ut
1352 1275 1477 1304 omne
1501 1264 1655 1305 bellum
1679 1264 1732 1304 sit
1753 1269 1941 1305 cessatu-

210 1345 304 1374 rum
327 1337 454 1385 atque
476 1332 542 1373 vel
563 1332 726 1373 seroces
748 1332 911 1373 bestiae
939 1333 1023 1373 sint
1053 1333 1218 1374 futurae
1240 1334 1365 1386 plane
1388 1339 1647 1377 mansuetae.
1692 1333 1941 1386 Speeiminis

209 1404 345 1455 gratia
368 1404 451 1444 Sint
472 1403 627 1514 iffi&
683 1408 717 1453 1,
741 1407 787 1447 G:
819 1402 1041 1445 Habitabit
1062 1377 1223 1459 lim
1240 1418 1292 1444 im
1319 1418 1438 1458 assim,
1462 1410 1498 1445 et
1512 1378 1787 1459 pmii
1812 1406 1941 1446 haido

211 1474 423 1516 accubabit
435 1489 450 1523 ‚·
470 1488 507 1514 τι
531 1488 666 1550 affin
701 1476 760 1515 leo
782 1479 818 1515 et
840 1476 924 1515 oris
937 1475 1060 1515 simul
1075 1418 1357 1529 mffluntur,
1381 1481 1417 1516 et
1434 1477 1754 1530 puerpure·ulzts
1768 1477 1941 1516 minabit

210 1558 286 1586 eos.
320 1545 481 1586 Vitzilzts
503 1549 539 1586 et
561 1559 684 1586 ursus
700 1549 954 1599 pascentm·;
976 1546 1098 1586 sintii!
1113 1547 1359 1600 requiescent
1374 1546 1502 1587 catuli
1516 1560 1679 1597 eorunm
1701 1553 1735 1587 et
1750 1546 1808 1586 leo
1823 1548 1941 1601 quasi

210 1617 278 1657 bos
290 1616 464 1657 comedet
474 1617 710 1670 paleas-Et
724 1617 987 1657 delectabitur
1003 1618 1091 1670 infr(
1101 1630 1148 1656 ns
1163 1618 1213 1657 (ab
1228 1617 1348 1657 subere
1361 1630 1484 1671 super
1494 1617 1699 1669 foramine
1710 1618 1868 1671 aspidis
1907 1622 1942 1657 et

208 1688 253 1727 ‘in
275 1700 453 1728 caverna
476 1686 620 1741 requie)
643 1688 712 1741 qui
736 1686 968 1727 ablactatus
980 1687 1125 1740 fuerit,
1151 1701 1317 1728 »iamim
1334 1701 1453 1728 suam.
1470 1689 1610 1730 mittet.
1636 1688 1727 1728 Non
1745 1688 1942 1728 nocebunt

211 1763 248 1799 et
269 1771 352 1798 non
375 1758 554 1799 occident
578 1759 620 1797 in
644 1759 831 1798 universo
847 1762 978 1798 monte
992 1762 1249 1809 sanctonico,
1272 1759 1370 1813 quia
1388 1758 1540 1812 repleta
1564 1764 1620 1799 esi
1641 1763 1752 1798 terra
1769 1759 1940 1799 scientia

212 1828 398 1882 Domini,
420 1830 521 1870 sicut
543 1843 676 1883 aquae
699 1830 829 1870 muris
851 1832 1083 1882 operientes.
1108 1827 1165 1869 Cf.
1189 1833 1226 1878 2,
1248 1833 1295 1872 4·
1321 1832 1387 1879 65,
1411 1831 1487 1877 253
1511 1829 1575 1872 Ps.
1601 1832 1653 1873 71
1680 1833 1755 1870 eto.
1782 1828 1939 1869 Verum

332 1913 372 1954 1.
395 1911 597 1952 vaticinia
616 1912 788 1964 intelligi
809 1916 987 1964 possunt
1010 1924 1137 1953 sensu
1159 1912 1224 1953 vel
1254 1913 1479 1964 proprio
1513 1917 1554 1953 et
1586 1912 1638 1953 ad
1670 1912 1846 1960 literam,
1877 1912 1942 1952 vel

210 1993 338 2023 sensu
360 1982 639 2023 translato
664 1987 705 2023 et
727 1981 946 2035 spirituali.
987 1981 1040 2023 Ut
1062 1994 1113 2022 ea
1136 1982 1217 2022 dici
1239 1983 1403 2034 possint
1425 1982 1664 2034 adimpleta,
1692 1995 1778 2023 non
1799 1983 1942 2034 requi-

209 2053 325 2102 ritur,
356 2058 403 2094 ut
434 2053 745 2105 adimpleantur
776 2054 820 2094 in
850 2065 979 2095 sensu
1001 2054 1172 2106 proprio
1197 2058 1238 2094 et
1261 2053 1315 2094 ad
1336 2053 1513 2102 literam,
1546 2052 1707 2101 sufficit,
1738 2057 1785 2093 ut
1807 2052 1942 2093 adim-

209 2123 321 2176 pleta
343 2123 498 2165 fuerint
519 2136 647 2165 sensu
669 2124 886 2176 spirituali,
919 2136 1002 2177 quo
1035 2124 1078 2164 in
1110 2136 1237 2165 sensu
1260 2123 1383 2176 longe
1409 2123 1654 2164 sublimiora
1678 2134 1770 2163 esse
1794 2122 1940 2163 solent.

327 2222 430 2258 Ante
453 2223 637 2258 eventum
659 2222 819 2270 quidem
841 2221 993 2258 definiri
1016 2234 1128 2269 saepe
1150 2222 1298 2269 nequit,
1322 2223 1458 2258 utrum
1480 2221 1708 2258 vaticinium
1731 2220 1852 2268 accipi
1876 2220 1941 2255 de-

209 2280 298 2317 beat
319 2280 367 2317 ad
389 2280 544 2317 literam
566 2283 605 2318 et
628 2293 743 2318 sensu
774 2281 942 2329 proprio,
978 2293 1026 2317 an
1058 2293 1176 2317 sensu
1209 2281 1423 2317 translato:
1458 2280 1499 2317 in
1533 2284 1775 2317 antecessum
1809 2284 1941 2315 tamen

208 2339 449 2388 praejudicio
471 2340 641 2388 quodam
663 2339 801 2388 conjici
822 2341 963 2388 potest,
995 2340 1112 2387 plura
1144 2339 1327 2376 vaticinia
1350 2351 1467 2376 sensu
1490 2338 1753 2387 metaphorice
1776 2349 1858 2374 esse
1881 2337 1939 2373 in-

208 2398 442 2448 telligenda:
477 2408 520 2438 a.
544 2411 589 2435 ex
610 2399 741 2436 indole
763 2399 1025 2444 orientalium,
1051 2399 1119 2446 qui
1141 2397 1381 2447 imaginibus
1404 2400 1442 2435 et
1464 2397 1700 2447 metaphoris
1732 2396 1937 2434 admodum

209 2457 473 2502 delectantur;
505 2455 553 2498 b.
577 2470 622 2495 ex
642 2457 775 2494 indole
797 2457 922 2506 ipsius
942 2457 1179 2506 prophetiae,
1203 2470 1291 2494 nam
1312 2457 1524 2506 prophetae
1547 2457 1722 2494 solebant
1745 2467 1857 2503 saepe
1880 2466 1939 2491 res

208 2517 362 2553 futuras
382 2515 517 2554 videre
538 2517 580 2553 in
602 2516 770 2565 quadam
791 2517 933 2554 mentis
957 2517 1098 2554 exstasi
1121 2529 1164 2553 ac
1186 2516 1257 2553 sub
1280 2529 1411 2552 earum
1434 2528 1566 2553 rerum
1601 2515 1663 2552 vel
1684 2526 1938 2563 personarum

207 2575 447 2625 imaginibus
469 2587 537 2612 seu
558 2575 758 2624 symbolis,
790 2588 888 2623 quae
918 2576 1013 2624 ipsis
1046 2575 1205 2612 aliunde
1224 2576 1304 2623 jam
1336 2577 1445 2611 erant
1478 2577 1588 2612 nota:
1620 2575 1724 2611 Deus
1747 2573 1850 2610 enim
1885 2572 1938 2607 ita

208 2639 372 2671 eventus
395 2634 581 2683 disponit,
612 2636 659 2671 ut
679 2634 828 2683 priores
848 2634 1111 2683 posteriorum
1134 2634 1213 2671 sint
1236 2633 1395 2678 semina,
1418 2633 1679 2682 praeambula,
1711 2631 1818 2680 typi:
1851 2631 1937 2666 hinc

207 2693 248 2729 in
271 2693 332 2730 his
353 2693 490 2730 futura
514 2694 598 2741 jam
628 2693 861 2730 adumbrata
891 2695 1127 2738 cernuntur-3
1161 2703 1203 2733 c.
1233 2705 1277 2729 ex
1311 2692 1663 2730 accommodat-ione
1694 2690 1861 2738 quadam
1893 2689 1937 2724 ad

207 2752 382 2798 lectores,
406 2752 475 2801 qui
496 2765 557 2790 res
579 2752 804 2801 spiritua-les
825 2752 979 2789 facilius
1007 2752 1080 2789 sub
1095 2752 1313 2789 visibilium
1327 2763 1457 2788 rerum
1473 2752 1613 2788 cortice
1629 2748 1936 2798 apprehendunt.

208 2811 356 2848 Revera
386 2814 517 2848 autem
539 2809 582 2851 d.
604 2811 788 2848 vaticinia
818 2811 1007 2848 messiana
1036 2810 1257 2859 accipienda
1287 2822 1371 2847 esse
1405 2822 1521 2847 sensu
1556 2808 1753 2857 spirituali
1785 2807 1939 2854 praeter

208 2869 399 2907 rationem
421 2882 507 2907 mox
529 2870 763 2907 afferendam
785 2872 824 2907 et.
845 2870 945 2907 illud
967 2870 1116 2918 probat,
1150 2869 1252 2918 quod
1276 2868 1450 2916 alioquin
1481 2868 1528 2904 ad
1558 2866 1797 2904 harmoniam
1828 2876 1935 2900 rex-‹2-

209 2928 287 2965 cari
306 2930 520 2977 nequeunt,
553 2929 656 2977 quod
677 2942 803 2966 unum
823 2928 1090 2977 praedicatum
1111 2928 1158 2965 ad
1179 2928 1332 2964 literam
1354 2927 1599 2964 intellectum
1623 2937 1734 2972 saepe
1767 2923 1934 2958 alterum

209 2987 391 3025 excludit.
434 2987 486 3024 Of.
518 2987 713 3033 Reinke
743 2988 924 3037 Beitr'age
958 2999 1026 3024 zur
1057 2987 1281 3035 Erklarung
1314 2986 1380 3023 des
1401 2987 1444 3022 A.
1469 2985 1508 3021 T.
1530 2987 1557 3021 t.
1584 2990 1604 3022 2
1629 2981 1769 3019 introd.
1806 2992 1933 3027 grener.

210 3043 230 3088 ἓ
258 3053 329 3091 11;
354 3046 590 3095 Zingerle
613 3046 794 3086 Zeitschr.
817 3046 881 3083 fiir
902 3046 1007 3083 kath.
1031 3045 1160 3083 Theol.
1204 3045 1420 3092 Oeniponte
1448 3049 1555 3083 1880
1581 3055 1614 3089 p.
1641 3047 1734 3080 651.
