2175 3382
215 127 298 166 215
586 122 707 156 Tract.
728 121 789 156 111.
809 122 860 156 De
880 123 1052 157 Ecclesia.
1072 120 1198 157 Thesis
1216 123 1415 158 XXXVHI.
1437 124 1577 159 invicta

213 251 306 281 esse
322 241 547 292 paritatem
563 241 673 281 inter
684 240 914 282 Ecclesiam
931 246 972 283 et
986 235 1262 295 synagogam,
1275 243 1317 284 in
1332 243 1477 296 primis
1492 244 1605 297 quod
1628 244 1664 286 fi
1675 258 1696 286 r
1708 246 1948 288 mitatem

213 311 373 359 attinet,
395 314 513 362 patet
535 322 586 351 ex
610 310 733 352 dictis
753 316 796 366 ¹).

329 381 373 423 4.
396 380 571 422 Accedit
592 393 795 434 expressa
821 382 974 424 Christi
996 384 1221 436 promissio
1250 383 1395 428 Matth.
1414 387 1479 434 16,
1497 389 1570 430 18:
1596 385 1732 440 Super
1751 386 1859 428 hanc
1876 401 1946 442 pe·

212 456 321 492 tram
344 452 570 504 aedificabo
585 452 811 494 Ecclesiam
838 466 964 494 meam
969 487 980 506 ,
1003 458 1039 493 et
1060 460 1210 507 portae
1234 455 1360 509 inferi
1383 467 1463 495 non.
1482 456 1783 509 praevalebunt
1806 457 1947 499 adver-

209 535 280 563 sus
293 536 381 563 eam
400 526 445 578 2).
460 522 587 576 Atqui
601 523 896 576 praevalerent
911 523 1115 565 adversus
1132 523 1377 572 Ecclesiam,
1400 526 1435 566 si
1450 537 1502 567 ea
1517 525 1581 567 vel
1595 526 1727 568 semel
1741 539 1766 568 a
1781 525 1948 569 Christo

210 591 420 642 deficeret,
444 606 541 635 cum
565 594 759 635 inimicus
782 595 998 635 humanae
1021 601 1200 636 naturae
1222 595 1279 636 nil
1302 597 1435 649 magis
1458 601 1636 650 satagat,
1651 609 1780 650 quam
1804 603 1849 639 ut
1870 597 1949 639 dif-

209 663 301 705 fuso
334 676 478 706 errore
511 670 549 706 et
583 671 761 717 peccato
793 665 988 706 homines
1011 663 1166 706 Christi
1188 667 1393 719 sanguine
1415 666 1660 720 redemptos
1682 667 1736 709 ab
1759 668 1947 721 ipsorum

209 740 375 776 avertat
397 733 631 776 Salvatore.
655 735 796 786 Quare
818 735 949 777 Alex
964 736 1136 777 ander
1159 736 1263 778 alex.
1288 737 1401 790 apud
1423 737 1741 780 Theodoretum
1754 737 1800 783 H.
1816 738 1857 780 E.
1878 738 1948 789 Ι,4

208 804 373 845 scribit:
396 804 556 855 „Unam
580 810 621 846 et
643 805 778 846 solam
802 805 1056 847 catholicam
1081 811 1122 847 et
1145 807 1424 859 apostolicam
1440 807 1670 850 Ecclesiam
1687 808 1948 860 confitemur,

207 875 578 928 inexpugnabilem
600 888 780 929 semper,
805 877 883 918 etsi
904 882 1018 918 totus
1041 877 1223 918 mundus
1246 889 1342 919 eam
1365 891 1612 932 oppugnare
1634 880 1837 929 instituat,
1861 881 1948 922 vic-

206 947 439 999 tricemque
463 948 603 988 omnis
630 949 785 1000 impiae
809 948 977 989 diversa
1000 949 1220 990 sentientis
1242 948 1519 991 rebellionis.“
1570 950 1734 992 Pariter
1755 949 1946 993 Christus

207 1016 454 1058 solemniter
477 1030 599 1059 suam
624 1024 663 1060 et
695 1033 725 1060 s.
750 1018 929 1072 Spiritus
953 1020 1241 1061 assistentiam
1263 1033 1494 1073 perennem
1517 1021 1732 1065 Ecclesiae
1754 1023 1948 1077 promisit

206 1087 375 1128 docenti
399 1088 453 1129 ad
476 1091 892 1131 consummationem
905 1103 1039 1144 usque
1054 1091 1184 1132 seculi
1195 1091 1257 1133 Jo.
1274 1095 1338 1141 14,
1357 1095 1409 1136 16
1421 1108 1433 1142 ,·
1445 1092 1588 1135 Matth.
1602 1097 1670 1143 28,
1686 1095 1742 1139 20
1757 1094 1814 1150 (n.
1830 1095 1946 1151 115):

205 1171 316 1211 quae
333 1159 446 1212 jugis
470 1161 712 1201 assistentia
734 1161 935 1213 supponit
956 1172 1187 1213 perennem
1202 1161 1416 1203 Ecclesiae
1439 1163 1742 1205 exsistentiam.
1763 1163 1814 1205 Et
1836 1164 1948 1206 Pau-

204 1229 269 1270 lus
291 1230 392 1271 dum
414 1231 611 1272 hortatur
633 1231 844 1280 mulieres,
875 1236 922 1271 ut
943 1231 1043 1272 viris
1066 1232 1153 1272 suis
1175 1231 1393 1284 subjectae
1416 1234 1501 1273 sint
1521 1234 1627 1274 sicat
1648 1233 1833 1276 Ecclesia
1855 1235 1948 1276 sub-

195 1302 308 1354 jecta
333 1306 389 1342 est
413 1301 577 1343 Clu-isto
601 1301 718 1357 (Eph.
735 1305 772 1351 5,
796 1305 881 1356 24),
905 1304 1105 1354 supponit
1126 1301 1358 1344 Ecclesiam
1381 1316 1600 1356 nunquam
1624 1303 1831 1346 aChristo
1854 1317 1947 1347 esse

204 1371 477 1413 defecturam.
520 1372 668 1426 Neque
703 1373 938 1425 excipiatur
968 1373 1046 1414 has
1069 1374 1375 1425 promissiones
1398 1386 1492 1415 esse
1515 1375 1804 1418 conditionate
1825 1377 1948 1418 intel-

203 1442 404 1494 ligendas,
436 1444 545 1485 sicut
578 1449 639 1485 tot
674 1444 780 1485 alias
802 1444 1107 1496 promissiones
1139 1444 1191 1485 de
1214 1444 1338 1485 bonis
1361 1445 1511 1486 futuris
1533 1446 1778 1488 hominibus
1801 1446 1946 1498 factas,

204 1525 313 1565 quae
337 1513 557 1556 deficiente
581 1515 825 1556 conditione
847 1514 1113 1556 frustrantur.
1156 1514 1312 1556 Nullibi
1334 1516 1447 1557 enim
1469 1518 1717 1569 exprimitur
1739 1517 1947 1571 ejusmodi

204 1584 402 1634 conditio,
425 1591 635 1638 quatenus
659 1598 736 1627 eae
758 1585 997 1627 referuntur
1020 1586 1074 1626 ad
1089 1586 1320 1628 Ecclesiam
1335 1587 1565 1628 universim
1579 1594 1836 1641 spectatam:
1859 1589 1945 1630 imo

203 1654 316 1696 clare
339 1656 574 1698 excluditur
598 1658 745 1714 (supra
768 1670 853 1710 arg.
878 1659 932 1713 3).

321 1728 364 1770 5.
377 1726 591 1769 Ecclesiae
603 1729 914 1780 perennitatem
927 1729 1054 1780 exigit
1065 1729 1255 1781 eJusdem
1266 1729 1372 1779 finis,
1388 1730 1458 1782 qui
1470 1735 1532 1771 est
1544 1730 1766 1772 hominum
1777 1731 1947 1787 salusss).

350 1858 373 1900 ¹)
392 1857 444 1891 Cf.
463 1857 492 1889 Β
504 1867 525 1891 o
538 1870 552 1891 s
565 1869 580 1891 s
592 1870 615 1891 u
628 1868 645 1892 e
657 1860 673 1891 t
691 1859 860 1892 instruct.
879 1859 1015 1902 pastor.
1036 1869 1095 1892 sur
1114 1857 1167 1892 les
1184 1867 1388 1902 promesses
1416 1859 1461 1893 de
1489 1859 1639 1904 l'Eglise
1653 1859 1717 1903 Πξ.
1734 1862 1776 1895 17
1791 1871 1850 1901 ss.,
1869 1859 1898 1892 B
1912 1870 1944 1893 e-

202 1918 367 1941 canum
387 1919 509 1953 opusc.
530 1911 556 1943 t.
578 1916 596 1943 4
616 1910 659 1943 de
680 1911 955 1954 comparatione
975 1910 1160 1944 Ecclesiae
1179 1915 1214 1944 et
1234 1921 1454 1956 synagogae.

347 1965 371 2002 2)
390 1962 522 1997 Matth.
546 1965 597 2003 16,
621 1965 675 2003 18,
693 1968 737 1997 de
755 1975 828 2007 quo
847 1966 952 1997 textu
971 1965 1097 2007 quaeri
1126 1967 1282 2008 possunt
1301 1965 1336 2000 1.
1355 1966 1402 1998 ad
1432 1966 1530 2009 quod
1558 1966 1765 2011 subjectum
1792 1967 1946 2000 referen-

201 2015 288 2048 dum
310 2015 357 2049 sit
374 2027 575 2060 pronomen
595 2028 681 2051 eam.
701 2016 843 2051 Referri
860 2020 983 2061 potest
1003 2018 1050 2050 ad
1069 2018 1274 2062 subjectum
1295 2020 1507 2062 proximum
1525 2020 1727 2059 Ecclesiam,
1755 2019 1801 2053 ad
1827 2029 1946 2053 remo-

199 2068 272 2102 tius
282 2073 435 2113 petram,
452 2076 488 2103 et
510 2069 556 2103 ad
573 2071 783 2113 utrumque.
805 2071 904 2113 quod
924 2070 1069 2104 videtur
1091 2071 1392 2114 praeferendum:
1412 2072 1501 2106 adeo
1521 2075 1563 2106 ut
1582 2071 1629 2106 sit
1648 2083 1794 2107 sensus:
1816 2071 1946 2106 Portae

199 2120 308 2155 inferi
327 2131 402 2155 non
421 2122 689 2167 praevalebunt
708 2123 880 2157 adversus
895 2123 1106 2164 Ecclesiam,
1124 2127 1209 2168 quia
1223 2123 1381 2158 fundata
1406 2130 1461 2159 est-
1475 2136 1585 2169 supra
1608 2127 1764 2170 petram.
1786 2125 1945 2159 Exhibet

201 2175 298 2208 enim
318 2174 486 2210 Christus
506 2186 543 2210 se
562 2176 620 2209 hic
640 2178 835 2219 tamquam
854 2178 1114 2210 architectum:
1134 2180 1236 2221 atqui
1257 2177 1300 2211 de
1316 2179 1508 2212 architecti
1525 2179 1702 2222 sapientis
1724 2180 1832 2213 domo
1847 2177 1946 2212 dixe-

200 2230 259 2262 rat
277 2228 343 2273 (ib.
364 2231 395 2268 7,
414 2230 484 2274 24),
515 2230 651 2263 idcirco
678 2239 758 2263 eam
778 2232 859 2265 orta
888 2232 1110 2274 tempestate
1140 2241 1215 2264 non
1243 2233 1434 2269 corruisse,
1466 2234 1550 2276 quia
1568 2234 1723 2275 fundata
1740 2238 1818 2266 erat
1833 2243 1945 2276 supra

195 2286 349 2324 petram.
377 2281 578 2323 Quaeritur
594 2283 632 2318 2.
651 2284 740 2327 quid
760 2283 992 2327 significetur
1009 2294 1075 2327 per
1088 2289 1216 2327 portas
1237 2285 1354 2327 inferi.
1374 2284 1538 2318 Dicimus
1556 2295 1704 2318 omnem
1721 2288 1946 2330 potestatem

200 2334 426 2370 diabolicam
444 2337 665 2382 significari:
685 2339 849 2371 ostendit
868 2337 966 2371 enim
985 2338 1151 2371 Christus
1169 2336 1352 2372 Ecclesiae
1371 2339 1561 2372 immotam
1591 2339 1817 2379 firmitatem,
1845 2339 1945 2383 quod

201 2389 258 2422 vel
277 2388 495 2424 validissimi
514 2393 550 2424 et
569 2390 749 2435 capitales
767 2391 891 2425 hostes
910 2390 967 2423 nil
984 2390 1158 2424 adversus
1176 2401 1258 2424 eam
1275 2391 1430 2435 possint.
1459 2390 1653 2432 Quaeritur
1670 2393 1707 2427 3.
1725 2393 1820 2426 ratio
1838 2391 1947 2437 hujus

201 2443 464 2487 appellationis
479 2449 603 2487 portae
626 2445 745 2488 inferi.
781 2444 890 2477 Ratio
919 2444 983 2484 est,
1015 2444 1102 2487 quia
1129 2444 1293 2477 infernus
1321 2444 1458 2488 passim
1487 2445 1683 2479 exhibetur
1709 2447 1753 2479 ut,
1777 2455 1943 2490 regnum,

201 2496 348 2531 civitas:
367 2500 534 2541 potentia
550 2507 634 2531 vero
650 2498 766 2542 regni,
787 2497 958 2536 civitatis,
974 2496 1067 2530 solet
1083 2496 1251 2541 symbolo
1262 2498 1534 2541 repraesentari
1548 2501 1751 2543 portarum,
1763 2499 1844 2533 tum
1858 2498 1946 2543 quia

199 2554 330 2593 portae
349 2552 453 2583 erant
472 2551 754 2591 munitissimae,
774 2552 855 2584 tum
874 2551 962 2594 quia
980 2550 1129 2584 urbium
1157 2555 1345 2585 senatores
1372 2557 1410 2585 et
1436 2552 1622 2597 principes
1653 2552 1697 2586 ad
1716 2553 1841 2596 portas
1861 2562 1943 2586 con·

200 2603 346 2647 gregari
364 2602 533 2637 solebant
552 2604 598 2637 acl
618 2603 774 2638 consilia
794 2603 972 2648 capienda
1000 2607 1037 2638 et
1059 2604 1203 2649 judicia
1220 2603 1400 2638 facienda.
1436 2604 1602 2649 Denique
1620 2607 1656 2642 4.
1674 2604 1797 2639 notari
1823 2603 1943 2646 debet,

200 2653 292 2688 illud
310 2667 378 2689 non
390 2658 657 2699 praevalebunt,
676 2667 751 2690 non
769 2657 885 2691 solum
905 2667 1040 2702 negare
1059 2657 1252 2691 victoriam
1270 2657 1414 2698 inferni,
1444 2657 1507 2691 sed
1534 2669 1597 2702 per
1615 2657 1773 2703 figuram
1801 2660 1860 2691 sat
1875 2656 1945 2691 fre-

201 2711 375 2753 quentem
393 2711 432 2742 in
451 2710 588 2744 divinis
610 2712 726 2745 literis
745 2714 899 2758 (μείωσιν)
920 2711 1130 2756 significare
1148 2711 1290 2755 aliquid
1309 2713 1526 2757 positivum,
1552 2712 1688 2746 inferni
1702 2711 1853 2752 cladem,
1868 2710 1943 2745 scil.

198 2766 328 2807 portae
346 2762 483 2796 inferni
502 2774 574 2797 non
593 2765 712 2798 solum
729 2775 804 2798 non
821 2767 983 2804 vincent,
1001 2764 1065 2798 sed
1086 2765 1289 2805 vincentur,
1311 2765 1593 2801 confundentur.
1613 2765 1664 2799 cf.
1683 2764 1769 2798 Pas
1782 2765 1945 2809 sag-lia.

201 2817 245 2850 de
263 2826 431 2860 praerog.
451 2817 487 2851 b.
507 2817 607 2851 Petri
623 2817 648 2852 l.
668 2821 688 2851 2
707 2829 735 2852 c.
757 2820 777 2852 7
796 2821 832 2852 et
851 2819 1041 2864 egregium
1060 2820 1097 2852 in
1116 2818 1151 2851 h.
1171 2818 1195 2852 1.
1216 2819 1522 2853 commentarium
1541 2818 1600 2852 Ch
1612 2829 1663 2862 ry
1675 2830 1690 2852 s
1703 2828 1723 2851 o
1736 2829 1752 2852 s
1766 2821 1814 2852 to
1826 2819 1886 2851 mi
1904 2818 1944 2852 in

198 2869 223 2904 l.
242 2869 341 2913 quod
361 2868 528 2903 Christus
548 2875 597 2903 sit·
616 2870 711 2904 Deus
729 2882 764 2904 n.
788 2873 828 2905 12
848 2882 892 2905 ss.
913 2882 1036 2916 opusc.
1053 2872 1078 2904 t.
1099 2871 1177 2905 XV.

344 2925 369 2963 3)
388 2921 487 2956 Haec
505 2922 599 2956 ratio
618 2923 788 2956 innuitur
807 2925 845 2957 in
865 2924 1053 2958 schemate
1073 2924 1134 2957 cit.
1155 2934 1184 2957 c.
1203 2927 1237 2959 8.
1272 2924 1360 2958 Post
1384 2924 1494 2958 verba.
1522 2923 1618 2957 enim
1646 2924 1799 2958 laudata
1817 2925 1943 2958 annot.

200 2977 246 3011 ad
263 2989 298 3011 n.
319 2980 386 3012 147
404 2978 458 3010 ita
476 2975 634 3022 legimus
649 2991 655 3011 ε
675 2977 843 3016 ‚Etenim
863 2989 946 3012 cum
963 2978 1011 3012 ad
1029 2977 1139 3011 finem
1157 2987 1275 3022 usque
1293 2977 1422 3011 mundi
1439 2979 1503 3021 qui
1520 2977 1560 3010 in
1578 2977 1686 3011 terris
1702 2978 1943 3023 peregrinan-

198 3036 261 3064 tur
280 3031 453 3064 mortales
472 3029 617 3064 Christo
637 3034 786 3065 auctore
805 3030 972 3064 salvandi
991 3031 1084 3065 sint:
1112 3031 1276 3065 Ecclesia
1292 3031 1420 3075 ipsius,
1450 3041 1544 3075 quae
1573 3031 1651 3064 sola
1668 3033 1724 3065 est
1741 3031 1873 3066 salutis
1889 3040 1944 3064 so-

199 3084 323 3119 cietas.
343 3085 390 3117 ad
407 3084 519 3117 finem
536 3094 651 3127 usque
678 3084 807 3118 mundi
836 3084 875 3117 in
903 3094 967 3118 sua
995 3085 1262 3119 constitutione
1288 3084 1535 3118 immutabilis
1563 3094 1708 3129 semper
1734 3086 1772 3118 et,
1788 3085 1943 3118 immota

2167 1791 2175 1957 *im-⁴
2173 1755 2175 1766 a
2170 1721 2175 1738 ..
2170 1606 2175 1679 -„„...
