2175 3382
814 134 865 168 De
883 134 1122 167 intolerantia
1139 133 1323 177 religiosa.
1848 138 1929 178 251

316 256 357 299 4.
380 254 577 307 Sequitur
598 252 783 294 absurde
814 252 906 293 illos
937 252 1104 301 sentire,
1136 252 1208 304 qui
1239 251 1317 292 sub
1350 256 1571 304 praetextu
1593 252 1714 304 quasi
1735 252 1927 293 doctrina

198 327 306 368 haec
327 326 522 367 duritiem
537 323 914 376 crudelitatemque
937 322 1060 371 oleat,
1082 322 1248 363 silentio
1273 333 1369 363 eam
1391 334 1583 374 pressam
1606 322 1770 363 vellent.
1797 321 1928 363 Dum—

198 396 326 438 modo
349 396 462 437 enim
483 395 599 436 illam
620 394 698 435 rite
720 393 1011 446 intelligerent,
1033 393 1193 434 nullam
1216 393 1259 432 in
1282 404 1333 433 ea
1357 392 1590 444 reperirent
1614 392 1821 439 duritiem,
1844 393 1933 433 imo

199 467 354 508 rationi
376 466 500 519 plane
523 477 759 506 consonam
783 476 876 505 esse
899 463 1198 516 perspicerent.

317 563 358 606 5.
382 560 580 615 Sequitur
601 561 863 602 tolerantiam
887 559 1120 612 ›·eli9iosam
1155 570 1231 599 seu
1262 559 1444 599 ethicam
1472 571 1553 599 esse
1578 559 1748 611 impiam
1781 563 1822 598 et
1854 557 1931 598 ab·

199 633 382 675 surdam.
424 630 520 672 Non
540 631 753 684 loquimur
774 630 826 671 de
848 629 1076 671 tolerantia
1100 629 1363 682 politica,
1395 641 1479 682 qua
1510 643 1550 672 a.
1583 629 1778 681 princeps
1800 628 1934 668 civilis

198 716 282 744 non
307 702 513 755 prohibet,
544 702 725 754 ideoque
747 702 794 744 b,
818 700 1032 753 permittit,
1067 704 1113 740 ut
1134 699 1308 752 quilibet
1331 711 1427 740 eam
1451 703 1653 752 sequatur
1674 699 1934 750 religionem,

198 786 328 828 quam
348 774 447 823 vult,
479 777 519 814 et
545 772 600 814 ob
623 784 751 825 quam
774 784 816 816 c.
841 783 989 813 omnes
1013 770 1279 812 diversarum
1301 771 1617 823 professionum
1638 769 1930 822 religiosarum

198 849 432 886 sectatores
446 849 543 885 sunt
558 843 758 896 aequales
773 854 920 884 coram
933 842 1023 895 lege
1050 845 1091 882 et
1111 841 1225 894 quod
1239 846 1403 894 spectat
1418 841 1533 882 bona
1555 845 1597 882 et
1619 852 1751 882 onera
1764 838 1930 892 publica

197 916 470 968 tutelamque,
493 919 534 956 et
556 915 674 967 cujus
706 915 753 958 (l.
780 913 1040 954 motivum
1075 917 1139 953 est
1170 925 1253 964 pax
1275 912 1455 965 publica,
1487 912 1614 953 timor
1638 911 1844 958 fundatus
1878 921 1934 950 ne

198 987 386 1040 alioquin
407 986 573 1039 maJ'ora
594 989 827 1038 sequantur
849 985 977 1027 mala.
1019 983 1080 1025 De
1102 984 1184 1025 hac
1205 984 1263 1024 ita
1286 983 1540 1036 pronunciat
1562 983 1664 1023 Leo
1687 981 1788 1024 XllI.
1811 981 1854 1021 in
1876 980 1932 1021 lit.

197 1070 287 1100 enc.
315 1063 350 1102 1.
371 1056 475 1099 Nov.
501 1059 633 1101 1855:
672 1054 739 1106 „Si
769 1055 897 1096 divini
928 1055 1064 1096 cultus
1094 1054 1214 1095 varia
1241 1066 1397 1107 genera
1420 1054 1572 1095 eodem
1590 1053 1685 1106 jure
1708 1063 1813 1099 esse,
1846 1063 1934 1103 quo

196 1141 344 1171 veram
364 1128 622 1180 religionem,
648 1126 835 1168 Ecclesia
852 1126 1015 1179 judicat
1036 1137 1123 1166 non
1144 1126 1287 1175 licere,
1319 1137 1406 1166 non
1427 1125 1522 1166 ideo
1545 1129 1689 1166 tamen
1712 1135 1786 1164 eos
1809 1122 1929 1162 dam-

198 1204 271 1241 nat
292 1211 435 1240 rerum
456 1197 720 1251 publicarum
744 1197 1048 1244 moderatores,
1079 1196 1151 1249 qui
1180 1196 1325 1247 magni
1358 1195 1535 1248 alicujus
1568 1199 1641 1236 aut
1672 1192 1933 1246 adipiscendi

197 1270 298 1312 boni
329 1274 402 1311 aut
431 1268 682 1322 prohibendi
704 1281 836 1309 causa
863 1267 977 1318 mali,
1009 1267 1199 1308 moribus
1223 1272 1351 1320 atque
1373 1280 1452 1308 usu
1474 1267 1686 1319 patienter
1706 1266 1855 1313 ferunt,
1887 1269 1932 1304 ut

198 1353 250 1382 ea
271 1339 460 1381 habeant
481 1339 645 1392 singula
666 1340 709 1380 in
731 1339 899 1380 civitate
920 1339 1097 1380 locum.“
1145 1337 1195 1378 Et
1224 1351 1254 1380 s.
1277 1337 1509 1378 Thomas
1533 1341 1570 1382 2.
1594 1341 1631 1381 2.
1655 1350 1691 1389 q.
1718 1339 1771 1380 10
1794 1348 1830 1377 a.
1857 1339 1931 1378 11:

204 1410 469 1463 „Humanum
491 1410 680 1462 regimen
701 1409 917 1450 derivatur
939 1421 964 1449 a
988 1409 1131 1449 divino
1155 1408 1371 1460 regimine,
1395 1412 1436 1448 et
1458 1408 1595 1460 ipsum
1618 1406 1743 1448 debet
1764 1406 1933 1447 imitari.

197 1482 309 1524 Deus
332 1486 488 1534 autem,
521 1481 715 1534 quamvis
738 1482 790 1522 sit
813 1481 1085 1533 omnipotens
1118 1484 1160 1520 et
1190 1491 1355 1520 summe
1382 1479 1532 1529 bonus,
1564 1478 1767 1531 permittit
1787 1482 1932 1518 tamen

199 1554 339 1606 aliqua
370 1552 484 1594 mala
514 1552 604 1594 fieri
638 1553 681 1593 in
714 1553 926 1601 universo,
961 1563 1070 1605 quae
1101 1550 1328 1604 prohibere
1364 1555 1527 1602 posset:
1563 1561 1615 1590 ne
1650 1549 1710 1590 eis
1744 1548 1936 1593 sublatis,

198 1625 364 1677 maj0ra
385 1624 501 1666 bona
522 1624 769 1666 tollerentur
790 1624 856 1664 vel
879 1625 1006 1664 etiam
1028 1623 1176 1675 peJora
1198 1621 1311 1663 mala
1333 1625 1623 1674 sequerentur.
1666 1619 1735 1661 Sic
1767 1631 1867 1672 ergo
1890 1624 1932 1660 et

198 1696 241 1736 in
262 1695 465 1749 regimine
487 1696 676 1736 humano
699 1694 766 1743 illi,
790 1695 860 1747 qui
883 1698 1096 1747 praesunt,
1119 1697 1234 1734 recte
1258 1692 1402 1745 aliqua
1425 1692 1538 1733 mala
1560 1692 1754 1740 tolerant,
1777 1703 1830 1731 ne
1855 1691 1931 1731 ali·

200 1779 284 1819 qua
306 1766 421 1808 bona
454 1766 749 1819 impediantur,
779 1765 845 1806 vel
875 1765 1005 1806 etiam
1037 1776 1091 1805 ne
1123 1764 1265 1816 aliqua
1298 1763 1412 1804 mala
1444 1762 1591 1815 pejora
1622 1763 1924 1803 incurrantur.“

197 1837 427 1890 Loquimur
458 1837 510 1878 de
542 1849 593 1878 ea
624 1836 861 1886 tolerantia,
894 1848 978 1889 qua
1008 1835 1103 1876 ideo
1136 1835 1436 1887 permittuntur
1459 1834 1604 1874 variae
1628 1837 1669 1874 et
1691 1832 1935 1873 contrariae

197 1908 483 1961 professiones
509 1907 605 1949 fidei
639 1912 680 1949 et
711 1911 865 1957 sectae,
899 1912 940 1948 et
974 1906 1144 1948 cuilibet
1174 1906 1300 1958 plena
1338 1904 1382 1945 fit
1416 1904 1590 1945 libertas
1612 1915 1708 1945 eam
1731 1903 1937 1949 sectandi,

198 1991 308 2032 quae
333 1980 412 2032 ipsi
443 1979 641 2027 arriserit,
675 1978 788 2032 quod
811 1989 959 2020 omnes
981 1977 1269 2030 professiones
1296 1980 1337 2017 et
1360 1980 1503 2016 sectae
1526 1987 1672 2016 coram
1695 1973 1782 2015 Deo
1815 1978 1856 2014 et
1890 1973 1933 2013 in

199 2050 346 2091 ordine
378 2050 430 2091 ad
462 2050 643 2091 salutem
667 2049 855 2102 ejusdem
886 2060 979 2090 esse
1007 2048 1127 2101 juriS,
1159 2047 1317 2088 valoris
1351 2051 1392 2087 et
1422 2047 1545 2098 pretii
1575 2045 1786 2086 habentur
1812 2044 1931 2097 juxta

198 2133 315 2174 prop.
347 2121 572 2162 damnatas
604 2133 734 2173 supra
762 2120 923 2161 allatas.
967 2118 1023 2160 Cf.
1046 2118 1295 2160 Mendive
1317 2117 1341 2160 1.
1365 2118 1430 2157 cit.
1446 2122 1494 2160 tr.
1517 2116 1549 2157 II
1572 2116 1668 2157 diss.
1695 2119 1715 2159 1
1742 2128 1775 2155 e.
1799 2120 1825 2157 4
1848 2127 1872 2155 a
1898 2118 1937 2163 3,

197 2191 268 2233 ubi
291 2197 388 2233 octo
412 2196 562 2233 contra
582 2191 888 2232 liberalismum
910 2191 1053 2231 theses
1076 2190 1234 2231 statuit.

318 2290 414 2331 222.
437 2286 652 2339 Ejusmodi
673 2285 956 2334 tolerantiam,
983 2297 1111 2338 quam
1135 2284 1189 2325 ab
1211 2283 1402 2324 Ecclesia
1426 2282 1631 2323 increduli
1654 2282 1836 2333 exigunt,
1860 2280 1937 2321 ab·

198 2357 370 2398 surdam
394 2361 435 2398 et
455 2357 628 2410 impiam
651 2368 744 2398 esse
766 2358 807 2413 1),
831 2360 947 2409 patet
968 2356 1071 2396 satis
1095 2367 1146 2396 ex
1169 2355 1305 2396 dictis.
1348 2354 1398 2394 Et
1419 2365 1523 2394 sane

317 2455 358 2484 a.
383 2440 528 2493 nequit
548 2439 748 2488 Ecclesia,
772 2451 856 2492 qua
878 2439 1084 2491 interpres
1107 2437 1338 2478 voluntatis
1361 2436 1450 2486 Dei,
1473 2447 1557 2489 qua
1580 2447 1787 2487 organum
1810 2440 1852 2474 et
1873 2434 1937 2474 vi-

200 2511 316 2552 caria
337 2510 492 2551 Christi
506 2511 684 2558 Domini,
706 2511 777 2563 qui
798 2511 841 2550 in
862 2510 945 2551 hoc
966 2514 1091 2550 natus
1115 2513 1179 2549 est
1201 2512 1242 2549 et
1265 2508 1317 2548 ad
1341 2508 1425 2549 hoc
1449 2507 1564 2548 venit
1585 2507 1628 2547 in
1651 2505 1867 2553 mundum,
1891 2510 1935 2545 ut

199 2581 487 2622 testimonium
508 2581 752 2634 perhiberet
772 2580 939 2622 veritati
961 2579 1039 2635 (J0.
1066 2582 1130 2627 18,
1153 2580 1242 2635 37),
1270 2591 1353 2631 qua
1375 2578 1584 2631 templum
1607 2582 1649 2618 et
1669 2576 1818 2617 schola
1841 2573 1935 2627 Spi-

198 2652 303 2693 ritus
315 2651 527 2701 Veritatis,
550 2651 857 2693 indifferentem
871 2663 917 2692 se
932 2650 1132 2692 exhibere
1148 2662 1248 2702 erga
1265 2651 1486 2691 veritatem
1512 2654 1553 2690 et
1575 2660 1775 2695 errorem,
1797 2647 1934 2687 lucem

200 2727 241 2763 et
262 2722 473 2774 tenebras,
495 2723 691 2763 virtutem
714 2727 755 2763 et
776 2722 933 2765 vitium.
976 2720 1206 2762 Praeterea

349 2890 370 2929 ¹)
390 2886 434 2919 In
447 2886 632 2921 schemate
649 2887 710 2921 cit.
724 2887 875 2931 paratus
891 2888 970 2920 erat
984 2896 1101 2919 canon
1115 2888 1162 2927 (6)
1175 2901 1181 2919 ι
1203 2910 1216 2924 ,
1226 2884 1264 2918 Si
1275 2884 1357 2928 quis
1371 2884 1515 2923 dixerit,
1530 2881 1806 2917 intolerantiam
1821 2880 1936 2913 illuni.

202 2952 275 2984 qua
292 2940 453 2974 Ecclesia
471 2941 655 2976 catholiea
672 2951 798 2975 omnes
815 2940 1005 2984 religiosas
1024 2941 1139 2973 sectas
1158 2950 1180 2972 a
1197 2950 1262 2972 sua
1281 2940 1538 2972 communione
1566 2941 1751 2980 separatas
1780 2934 1935 2978 prosi-ri-

200 2993 258 3027 bit
276 2994 312 3027 et
330 2993 493 3033 damnat,
512 2992 637 3027 divino
653 2993 733 3038 jure
751 3003 826 3027 non
843 2992 1024 3037 praecipi,
1044 2993 1108 3025 aut
1126 2993 1169 3025 de
1188 2991 1343 3026 veritate
1361 2990 1550 3034 religionis
1569 2989 1761 3033 opiniones
1779 2989 1936 3020 tantum.

202 3056 277 3080 non
295 3047 418 3080 autem
436 3045 695 3079 certitudinem
722 3044 851 3079 haberi
880 3055 994 3089 posse,
1023 3044 1179 3088 ideoque
1207 3054 1330 3078 omnes
1359 3045 1475 3077 sectas
1493 3042 1685 3086 religiosas
1709 3041 1755 3073 ab
1774 3037 1933 3072 &Mesia

199 3099 413 3133 tolerandas
431 3109 518 3139 esse,
538 3099 579 3132 A.
599 3097 655 3132 8ss
