2175 3382
239 135 316 173 ΠΨ·
556 127 673 160 'frat-t.
696 127 735 161 II.
759 127 806 160 Dc
826 127 1038 160 traditione.
1057 127 1184 161 Thesis
1203 127 1366 161 XXVIII.
1386 127 1436 161 De
1456 138 1634 162 consensu

232 254 414 298 twa-eptas.
448 262 580 286 omues
614 249 829 297 prudenter
859 261 984 298 agere,
1016 249 1084 297 qni
1113 249 1273 286 student
1296 250 1380 298 ejus
1403 250 1526 287 imbui
1549 250 1727 288 doctrina
1747 255 1788 288 et
1808 251 1963 300 spiritu.

232 319 270 345 ιιι
300 308 502 356 proficiant
524 308 563 344 in
587 308 763 345 doctrina
786 313 824 344 et
847 308 1053 345 intellectu
1076 308 1277 353 catholico,
1313 309 1724 357 sapientissimumque
1745 321 1831 347 esse
1852 310 1965 348 Leo-

232 381 253 403 n
268 368 278 403 i
294 380 310 404 s
334 367 436 404 5111.
462 368 500 403 P.
526 368 571 405 M.
593 367 800 404 consilium
824 366 860 418 ¹),
885 379 962 414 quo
978 367 1081 404 viros
1103 380 1237 404 omnes
1261 368 1539 405 ecclesiasticos
1561 368 1609 405 ad
1631 368 1800 406 solidum
1822 369 1965 408 excitat

230 425 403 463 doctoris
426 426 591 475 angelici
616 425 803 463 studium.

351 484 438 522 Non
461 490 591 522 tamen
614 491 819 534 propterea
842 484 1081 522 censendum
1103 487 1164 522 est
1185 485 1265 523 sive
1287 496 1327 526 a.
1351 498 1380 523 s.
1404 486 1590 523 Thomam
1613 486 1653 523 in
1676 485 1860 524 omnibus
1881 499 1966 524 esse

232 544 490 588 infallibilem,
506 544 608 592 quod
625 544 725 581 nulli
741 543 942 580 doctorum
959 543 1092 581 datum
1109 548 1169 581 est
1180 544 1255 582 nisi
1269 545 1460 583 Ecclesiae
1472 546 1636 594 ejusque
1650 546 1767 594 capiti
1780 543 1836 597 (n.
1858 543 1966 600 136);

232 603 311 639 sive
337 600 378 643 l).
401 615 478 640 non
502 603 616 640 licere
641 603 678 639 in
705 603 904 650 aliquibus
926 602 1038 652 gravi
1061 603 1107 640 de
1130 615 1244 641 causa
1267 604 1315 641 ab
1340 605 1425 653 ejus
1450 604 1626 642 recedere
1648 604 1861 649 sementim
1885 604 1967 642 sive

232 672 270 701 θ.
294 662 497 700 scientiam
519 674 670 699 omnem
696 661 958 710 ‘theologicam
981 662 1066 710 ejus
1088 663 1362 711 comprehendi
1394 663 1581 710 doctrina,
1611 664 1718 701 ultra
1740 676 1855 712 quam
1877 676 1966 713 pro·

228 721 338 769 gredi
362 732 438 757 non
464 721 598 758 liceat:
622 721 701 758 sive
725 718 769 760 (l.
794 721 864 758 soli
887 721 1011 769 ipsius
1041 722 1266 759 auctoritati
1299 734 1383 759 esse
1415 723 1608 768 standum,
1637 735 1683 760 ea
1711 723 1794 760 sola
1813 734 1967 760 omnem

230 781 530 817 controversiam
554 779 833 816 dirimendam:
868 779 934 816 sed
969 783 1126 828 oportet
1156 793 1226 818 nos
1258 781 1343 829 ejus
1374 781 1580 830 principiis
1611 785 1651 819 et
1680 781 1863 819 methodo
1894 782 1966 828 uti,

234 839 362 887 ipsum
387 839 469 876 viae
493 839 630 876 ducem
654 838 780 886 sequi,
805 839 889 887 ejus
905 839 1075 876 rationes
1090 842 1129 876 et
1143 842 1376 889 argumenta
1389 841 1580 889 sagaciter
1592 840 1818 889 expendere.
1842 839 1968 885 Quare

233 898 333 935 sicut
358 899 530 946 prudens
554 898 732 946 fidusque
753 899 943 947 magister
964 910 1043 936 non
1064 898 1176 936 obest
1198 899 1381 948 discipuli
1401 899 1606 948 profectui,
1635 899 1704 937 sed
1724 913 1814 938 eum
1835 899 1968 949 potius

232 957 446 1005 plurimum
471 960 694 1005 promovet:
719 956 775 993 ita
797 957 865 1005 qui
887 957 990 994 tanti
1013 957 1184 995 doctoris
1207 959 1368 995 scientia
1389 963 1429 995 et
1451 959 1642 1007 sapientia
1665 959 1866 1004 imbuitur,
1889 971 1967 997 non

231 1016 447 1053 inhaerebit
470 1021 628 1053 tantum
651 1016 775 1064 ipsius
797 1016 928 1053 verbis
951 1021 991 1053 et
1014 1016 1135 1056 scitis.
1159 1017 1228 1054 sed
1252 1017 1319 1054 Dei
1341 1017 1468 1067 gratia
1493 1018 1690 1066 aspirante
1711 1018 1968 1056 laetissimum

231 1075 305 1112 sibi
328 1075 506 1123 polliceri
528 1075 672 1123 poterit
697 1079 734 1111 et
758 1076 1068 1124 profectum,
1101 1088 1220 1124 quem
1251 1077 1353 1113 nulli
1374 1081 1509 1114 tantus
1532 1076 1668 1114 doctor
1687 1080 1768 1114 tam
1791 1077 1862 1114 lati
1884 1089 1967 1115 cor·

236 1134 287 1170 rtis
310 1134 514 1171 invidebit.

352 1217 444 1257 140.
467 1213 637 1256 Tllcsis
661 1213 892 1257 XXVIII·
949 1226 1103 1262 Totius
1124 1228 1289 1271 populi
1315 1229 1560 1263 christiani
1586 1230 1839 1264 catholicus
1863 1239 1968 1264 sen-

228 1296 308 1320 sus
333 1290 376 1320 et
402 1296 646 1321 consensus
674 1288 718 1320 in
750 1288 965 1329 domnam
986 1289 1098 1328 fidei
1124 1289 1300 1322 censeri
1327 1289 1455 1323 debet
1480 1290 1668 1323 dit-inae
1694 1290 1968 1324 traditionis

227 1348 483 1381 criterium.

346 1416 638 1459 Declaratio.
668 1414 717 1457 Ut
743 1420 904 1456 statum
928 1417 1189 1469 quaestionis
1212 1416 1430 1469 intelligas,
1452 1421 1667 1458 memento
1689 1429 1769 1458 nos
1790 1417 1970 1459 demon-

229 1493 398 1532 strasse,
429 1486 616 1527 medium
651 1491 692 1527 et
725 1487 920 1528 canalem
942 1487 1140 1528 divinitus
1171 1487 1374 1528 selectum
1398 1488 1452 1528 ad
1474 1487 1707 1529 revelatam
1730 1487 1966 1529 doctrinam

229 1559 269 1597 in
300 1562 494 1610 posteras
535 1558 831 1609 generationes
875 1558 1115 1598 seculorum
1157 1570 1283 1599 cursu
1323 1558 1613 1606 derivandam,
1644 1570 1739 1600 esse
1769 1560 1968 1611 perennis

230 1629 449 1669 ministerii
472 1627 745 1669 ecclesiastici
771 1628 1146 1680 praedicationem.
1189 1628 1416 1680 Quaeritur
1438 1635 1592 1677 autem,
1614 1641 1698 1681 qua
1720 1630 1788 1670 via
1809 1642 1968 1682 cogno-

229 1711 410 1745 scamus,
433 1699 531 1752 quid
554 1699 704 1751 quovis
740 1699 884 1740 seculo
908 1698 1097 1740 Ecclesia
1119 1699 1439 1752 praedicaverit,
1461 1705 1589 1753 atque
1613 1699 1722 1741 adeo
1745 1699 1970 1741 crediderit

230 1775 269 1810 et
302 1770 534 1813 tradiderit.
578 1768 653 1810 Cui
689 1771 929 1822 quaestioni
962 1775 1007 1811 ut
1030 1770 1377 1823 respondeamus,
1398 1771 1519 1824 plura
1541 1771 1808 1823 assignamus
1829 1772 1971 1813 media

232 1853 285 1895 agn.
316 1843 426 1898 1⁶29).
449 1842 602 1894 quibus
624 1841 896 1882 traditionem
931 1841 1151 1882 doctrinae
1172 1841 1387 1883 revelatae
1410 1842 1537 1882 veluti
1558 1841 1716 1883 flumen
1737 1843 1970 1895 agnoscere

230 1925 281 1953 ac
304 1925 380 1965 per
401 1913 642 1954 seculorum
666 1926 836 1954 cursum
859 1914 913 1954 ad
937 1913 1097 1954 fontem
1111 1925 1246 1966 usque
1260 1915 1456 1966 persequi
1469 1914 1691 1966 possimus.
1715 1913 1848 1955 Porro
1863 1914 1972 1955 inter

231 1985 340 2025 haec
364 1984 504 2026 media
536 1985 714 2025 dicimus
737 1996 830 2025 esse
853 1996 1025 2025 sensum
1053 1990 1095 2024 et
1117 1997 1374 2025 consensum
1396 1996 1565 2037 quoque
1587 1984 1731 2036 populi
1753 1984 1971 2026 christiani

231 2056 273 2095 in
298 2056 484 2108 aliquam
507 2056 746 2096 doctrinam
770 2060 993 2108 tamquam
1016 2055 1248 2096 revelatam
1271 2061 1313 2096 et
1334 2054 1414 2096 fide
1436 2054 1677 2096 tenendam.

355 2141 449 2182 141.
476 2139 854 2182 Demonstratio.
878 2137 1025 2190 Neque
1047 2138 1259 2179 immerito
1282 2137 1323 2178 id
1346 2137 1616 2179 affirmamus.
1640 2135 1758 2178 Sicut
1780 2138 1892 2178 enim

353 2211 393 2253 1.
419 2222 501 2250 vox
536 2221 787 2262 repercussa
820 2209 962 2265 (echo)
997 2209 1222 2250 clamantis
1243 2221 1393 2250 vocem
1424 2208 1668 2249 manifestat
1698 2213 1740 2249 et
1772 2208 1973 2261 quidquid

232 2280 300 2320 ille
326 2280 428 2319 dixit
449 2281 700 2331 ingeminat:
723 2280 782 2321 ita
797 2279 1012 2321 Ecclesiae
1033 2280 1294 2332 praedicatio
1317 2285 1492 2321 resonat
1513 2280 1555 2320 in
1578 2280 1667 2332 ejus
1682 2279 1972 2320 membrorum

236 2350 339 2397 fide;
372 2351 553 2403 ideoque
576 2362 625 2391 ex
649 2351 730 2392 hac
765 2351 865 2404 quid
886 2350 1098 2392 Ecclesiae
1120 2355 1315 2404 pastores
1336 2351 1675 2404 praedicaverint
1698 2350 1971 2391 tradiderint-

233 2433 318 2473 que
343 2422 559 2472 colligitur.

352 2493 397 2535 2.
422 2491 533 2533 Fieri
567 2494 709 2545 nequit
740 2499 786 2534 ut
820 2494 1007 2534 universi
1036 2493 1179 2546 populi
1201 2493 1418 2534 christiani
1439 2504 1589 2533 sensus
1611 2497 1654 2533 et
1675 2503 1909 2533 consensus
1930 2492 1973 2532 in

234 2562 314 2603 fide
340 2562 537 2604 dissonus
559 2564 613 2604 sit
635 2576 658 2604 a
673 2564 992 2616 praedicatione
1014 2565 1245 2616 magisterii
1266 2563 1541 2605 ecclesiastici
1563 2563 1662 2615 quin
1678 2577 1719 2606 a.
1738 2567 1887 2615 pereat
1907 2563 1971 2603 in-

236 2632 532 2674 defectibilitas
546 2633 772 2681 Ecclesiae,
795 2645 903 2686 quae
926 2646 1015 2675 non
1036 2640 1200 2675 tantum
1225 2647 1275 2676 ex
1297 2633 1552 2687 pastoribus,
1573 2633 1649 2674 sed
1664 2634 1793 2674 etiam
1815 2645 1868 2673 ex
1882 2633 1972 2674 ovi-

236 2704 316 2745 bus
330 2704 660 2745 adhaerentibus
675 2705 927 2757 praepositis
944 2706 1031 2745 suis
1046 2705 1267 2747 coalescit:
1289 2705 1390 2758 quin
1403 2706 1448 2748 b.
1463 2703 1680 2745 fraudetur
1694 2704 1971 2745 ministerium

238 2775 572 2816 ecclesiasticum
602 2788 680 2816 suo
712 2776 805 2824 fine,
839 2776 893 2816 ad
922 2788 1046 2828 quem
1070 2777 1268 2817 divinitus
1290 2781 1353 2817 est
1374 2776 1608 2816 institutum
1632 2780 1687 2828 (n.
1716 2777 1839 2830 115);
1871 2775 1973 2828 quin

239 2858 280 2889 e.
314 2846 423 2887 desit
444 2845 634 2887 Christus
666 2847 752 2887 suis
782 2847 1015 2898 promissis,
1047 2847 1199 2899 quibus
1229 2846 1422 2900 promisit
1445 2844 1643 2898 Spiritum
1678 2845 1880 2895 veritatis,
1901 2846 1973 2898 qui

381 2986 404 3032 ¹)
424 2986 461 3020 In
480 2986 708 3030 gravissimis
735 2985 790 3020 lit.
819 2985 1012 3029 encyclicis
1032 2986 1195 3026 ,Aeterni
1214 2986 1345 3020 Patris‘
1363 2989 1388 3019 4
1414 2985 1510 3029 Aug.
1532 2987 1630 3024 1879,
1660 2988 1698 3019 et
1725 2985 1810 3020 aliis
1826 2989 1861 3019 4.
1878 2988 1971 3030 Aug.

237 3042 340 3080 1880,
366 3040 500 3083 quibus
527 3050 610 3073 eum
637 3038 845 3073 scholarum
877 3039 1173 3083 theologicarum
1204 3043 1403 3084 patronum
1433 3039 1607 3072 declarat.
1642 3038 1693 3072 Cf.
1724 3038 1972 3083 Kleutgen

235 3092 360 3128 Theol.
380 3093 446 3127 der
463 3091 502 3126 V.
520 3093 546 3128 t.
565 3091 634 3125 ult.
653 3103 688 3136 p.
707 3094 727 3125 2
747 3091 839 3136 disp.
863 3096 876 3126 l
897 3103 926 3126 c.
946 3094 967 3126 6
986 3093 1005 3136 ξ
1025 3096 1066 3135 23
1083 3092 1231 3127 Ehrle
1247 3091 1427 3126 Stimmen
1442 3103 1506 3126 aus
1520 3091 1568 3125 M.
1583 3092 1703 3126 Laach
1721 3093 1850 3134 18801,
1870 3095 1910 3126 13
1926 3103 1973 3125 ss.
