2175 3382
670 127 734 162 uni
752 137 921 171 supremo
940 127 1079 171 pastori
1098 128 1154 160 est
1172 127 1375 160 commissa.
1805 130 1893 172 349

152 249 264 300 'patet
283 263 329 288 ex
350 250 427 287 fine
447 250 660 299 regiminis,
692 251 761 297 qui
783 251 842 286 est
863 261 957 297 pax:
989 260 1062 296 pax
1084 248 1188 284 enim
1211 249 1251 285 et
1272 248 1403 284 unitas
1426 248 1675 285 subditorum
1708 248 1798 284 finis
1830 251 1891 285 est

152 309 347 359 regentis:
381 309 549 346 unitatis
570 313 701 346 autem
723 307 1003 357 congruentior
1024 319 1143 344 causa
1163 309 1224 344 est
1245 319 1361 352 1111113,
1394 319 1513 354 quam
1543 307 1661 344 multi
1681 306 1721 355 ¹).
1763 307 1888 344 Mani-

151 367 298 406 festum
318 370 379 405 est
398 367 526 417 igitur
546 367 722 416 regimen
746 366 936 404 Ecclesiae
959 366 1014 403 sic
1035 378 1120 402 esse
1142 365 1390 414 dispositum,
1425 368 1472 402 ut
1494 378 1597 402 unus
1618 365 1743 402 totius
1766 365 1888 403 eccle-

153 426 230 464 siae
251 427 464 475 praesit...
488 426 528 464 Si
551 426 637 474 quis
659 428 790 463 autem
814 425 928 470 dicat,
952 424 1058 473 quod
1079 437 1204 461 unum
1227 426 1345 472 caput
1367 427 1406 461 et
1427 437 1531 461 unus
1555 427 1687 472 pastor
1708 427 1766 461 est
1780 424 1889 462 Chri-

155 487 254 530 stus,
279 486 349 534 qui
371 488 433 523 est
453 498 557 522 unus
580 485 698 522 unius
720 484 912 521 Ecclesiae
934 495 1112 532 sponsus,
1136 495 1215 520 non
1239 483 1479 520 sufficienter
1500 483 1720 531 respondet..
1762 483 1888 519 Mani-

153 544 300 582 festum
331 546 390 582 est
420 545 536 589 enim,
569 544 673 592 quod
703 542 966 580 ecclesiastica
997 544 1235 579 sacramenta
1265 542 1349 591 ipse
1381 542 1558 579 Christus
1590 542 1774 590 perfecit;
1806 542 1891 590 ipse

154 602 258 640 enim
280 608 352 647 est,
376 603 446 651 qui
468 603 651 652 baptizat,
684 602 766 651 ipse
789 606 857 647 est,
890 601 959 650 qui
981 604 1137 649 peccata
1157 602 1337 645 remittit,
1361 601 1444 649 ipse
1467 603 1527 637 est
1549 613 1665 637 verus
1698 600 1890 644 sacerdos,

154 661 224 710 qui
246 674 286 699 36
308 663 456 699 obtulit
476 662 518 699 in
539 674 605 698 ara
627 661 752 708 crucis
774 663 814 698 et
835 661 948 709 cujus
972 660 1120 697 virtute
1142 672 1282 708 corpus
1305 661 1389 708 ejus
1411 660 1452 696 in
1475 660 1590 697 altari
1605 659 1784 707 quotidie
1799 671 1890 696 con-

154 723 348 759 secratur:
378 724 418 758 et
438 723 570 758 tamen
591 721 683 768 quia
704 720 956 768 corporaliter
988 731 1066 756 non
1099 732 1188 756 cum
1219 719 1403 756 omnibus
1434 719 1617 756 fidelibus
1650 717 1890 766 praesentia-

154 779 246 817 liter
265 781 351 817 erat
374 780 542 824 Futurus,
577 780 699 828 elegit
719 779 933 823 ministros,
966 791 1036 827 per
1067 790 1164 826 quos
1194 777 1393 825 praedicta
1424 777 1605 814 fidelibus
1637 777 1896 825 dispensaret.

153 840 202 876 ut
222 850 344 888 supra
365 835 413 891 (c.
440 836 508 891 74)
533 838 683 876 dictum
704 842 776 875 est.
816 838 960 875 Eadem
992 837 1117 886 igitur
1144 838 1306 882 ratione,
1339 837 1433 885 quia
1463 837 1724 885 praesentiam
1757 847 1892 884 corpo-

153 897 276 934 ralem
297 899 382 935 erat
403 897 593 935 Ecclesiae
614 897 900 941 subtracturus,
924 896 1112 945 oportuit.
1136 898 1182 933 ut
1203 895 1324 933 alicui
1346 897 1617 940 committeret,
1640 894 1710 943 qui
1731 895 1814 932 loco
1830 894 1893 931 sui

153 956 388 994 universalis
411 956 598 994 Ecclesiae
619 958 774 1005 gereret
796 968 938 993 curam.
983 955 1082 992 Hinc
1103 956 1164 992 est
1186 954 1291 1002 quod
1313 955 1428 991 Petro
1452 954 1552 991 dixit
1573 958 1662 991 ante
1692 953 1892 990 ascensio-

154 1027 263 1052 nem:
285 1014 403 1053 Pasce
423 1028 504 1053 oves
526 1028 627 1052 meas
650 1013 727 1066 (Jo.
753 1021 817 1057 21,
846 1023 861 1054 1
875 1013 916 1066 7)
939 1015 1011 1051 etc.
1025 1019 1042 1037 «
1087 1014 1138 1051 Cf.
1163 1014 1209 1051 de
1231 1026 1311 1063 reg.
1333 1014 1558 1062 principum
1583 1026 1613 1050 c.
1643 1019 1678 1052 2.

271 1108 376 1146 Haec
396 1108 522 1146 illatio
543 1108 795 1146 confirmatur
815 1108 1018 1145 luculento
1053 1107 1238 1157 suffragio
1271 1108 1438 1155 patrum,
1471 1107 1541 1155 qui
1572 1106 1720 1154 passim
1750 1106 1889 1143 docent

155 1178 245 1205 cum
266 1167 491 1216 Hierony
505 1178 575 1205 mo
598 1180 627 1205 c.
643 1167 772 1213 Jovin,
790 1167 837 1211 ΙΙ,
857 1173 922 1210 26,
946 1169 1154 1215 propterea
1175 1167 1279 1203 inter
1293 1166 1495 1203 duodecim
1513 1163 1746 1218 (apostolos)
1764 1178 1886 1202 unum

153 1226 280 1264 fuisse
299 1227 479 1270 electum,
514 1229 561 1264 ut
582 1226 709 1275 capite
731 1227 946 1263 constituto
969 1226 1187 1263 schismatis
1209 1226 1417 1262 tolleretur
1439 1226 1598 1263 occasio.
1640 1225 1741 1261 Nam
1771 1227 1817 1261 ut
1848 1224 1887 1260 in

155 1285 308 1335 dialogo
329 1285 518 1323 adversus
540 1285 792 1323 luciferianos
815 1285 986 1322 inculcat
1008 1285 1060 1335 (n.
1086 1282 1139 1336 9),
1164 1284 1387 1329 „Ecclesiae
1410 1285 1515 1321 salus
1537 1284 1579 1321 in
1602 1284 1746 1321 summi
1762 1295 1886 1320 sacer-

156 1344 258 1383 dotis
279 1344 474 1394 dignitate
497 1345 650 1394 pendet,
685 1345 749 1381 cui
770 1344 802 1381 si
824 1357 902 1382 non
923 1356 1052 1381 exsors
1074 1356 1173 1392 quae
1189 1345 1263 1380 lam
1286 1345 1326 1380 et
1347 1343 1394 1380 ab
1417 1344 1598 1380 omnibus
1622 1342 1795 1380 eminens
1817 1342 1889 1379 tri-

155 1403 302 1441 buatur
322 1407 506 1453 potestas,
529 1407 589 1441 tot
610 1404 651 1440 in
673 1403 842 1441 ecclesiis
864 1403 1085 1440 efficientur
1107 1403 1314 1440 schismata
1345 1404 1443 1450 quot
1466 1402 1694 1439 sacerdotes.
1708 1407 1724 1425 ζ
1769 1401 1892 1445 Quam

156 1465 289 1500 autem
321 1463 391 1500 hoc
421 1463 631 1500 consilium
661 1475 793 1499 rerum
827 1463 982 1499 naturis
1016 1462 1068 1499 sit
1101 1474 1329 1512 congruum,
1366 1462 1633 1509 exemplorum
1663 1461 1892 1497 inductione

157 1521 328 1559 ostendit
348 1522 391 1559 in
411 1522 577 1571 epistola
598 1522 646 1559 ad
670 1521 872 1559 Rusticum
900 1522 1144 1558 monachum.
1188 1521 1341 1565 „Etiam
1373 1524 1483 1557 muta
1513 1519 1706 1564 animalia,
1739 1519 1795 1556 ita
1824 1519 1891 1555 ille

156 1593 196 1618 n.
224 1586 285 1626 15,
308 1582 348 1618 et
369 1580 540 1618 ferarum
561 1593 699 1631 greges
723 1580 903 1618 ductores
927 1584 1149 1628 sequuntur
1170 1592 1272 1617 suos.
1314 1579 1361 1616 In
1394 1580 1533 1616 avibus
1556 1578 1754 1627 principes
1777 1580 1894 1615 sunt:

156 1651 275 1689 grues
296 1652 417 1677 unam
438 1643 662 1688 sequuntur
683 1639 818 1677 ordine
840 1639 997 1676 literato
1016 1638 1060 1691 2).
1094 1640 1312 1687 Imperator
1333 1650 1449 1682 1111113,
1468 1638 1589 1687 judex
1604 1650 1707 1675 unus
1730 1637 1891 1686 provin-

156 1698 249 1736 ciae.
291 1699 411 1736 Roma
443 1704 489 1736 ut
511 1699 666 1736 condita
696 1701 768 1743 est,
801 1698 899 1735 duos
931 1698 1072 1735 fratres
1103 1698 1222 1735 simul
1254 1698 1394 1734 habere
1424 1709 1536 1746 reges
1568 1709 1646 1734 non
1675 1696 1819 1746 potuit,
1852 1698 1892 1733 et

156 1757 364 1806 parricidio
386 1758 600 1797 dedicatur.
642 1758 688 1794 In
712 1757 903 1794 Rebeccae
936 1763 1049 1794 utero
1073 1757 1174 1794 Esau
1206 1758 1246 1793 et
1267 1756 1388 1794 Jacob
1419 1756 1522 1793 bella
1553 1760 1760 1805 gesserunt
1782 1753 1891 1807 (Gen.

162 1821 227 1861 25,
254 1814 338 1868 22).
380 1816 534 1866 Singuli
555 1817 805 1854 ecclesiarum
828 1816 1010 1865 episcopi,
1043 1815 1191 1865 singuli
1221 1815 1560 1864 archipresbyteri,
1592 1814 1740 1864 singuli
1770 1813 1899 1851 archi·

159 1874 321 1919 diaconi,
344 1879 384 1913 et
405 1876 531 1912 omnis
553 1876 647 1913 ordo
669 1875 951 1913 ecclesiasticus
974 1875 1054 1913 suis
1076 1874 1297 1912 rectoribus
1320 1874 1474 1911 nititur.
1517 1875 1563 1911 In
1585 1874 1676 1911 navi
1690 1885 1794 1910 unus
1816 1885 1891 1922 gu-

158 1933 354 1980 bernator,
377 1934 419 1971 in
440 1936 553 1972 domo
574 1947 678 1972 unus
699 1934 893 1980 dominus,
929 1934 971 1970 in
992 1934 1170 1983 quamvis
1199 1933 1341 1983 grandi
1372 1934 1546 1970 exercitu
1576 1946 1702 1970 unum
1733 1932 1892 1981 signum

159 1996 442 2041 exspectatun<
486 1993 717 2042 Hieronymi
749 1993 965 2031 doctrinam
997 1993 1185 2042 approbat
1201 1992 1234 2045 3)
1258 1992 1497 2029 Gelasius
1519 1992 1557 2029 I:
1591 1991 1746 2037 ,Quare
1768 1991 1893 2040 igitur

307 2175 332 2220 ¹)
350 2174 408 2209 Ad
433 2185 511 2209 rem
537 2174 807 2219 Gregorius
834 2174 879 2208 de
906 2174 1081 2208 Valentia
1109 2174 1161 2219 (in
1180 2177 1211 2207 2.
1232 2175 1265 2206 2.
1283 2174 1310 2209 t.
1334 2177 1346 2207 1
1371 2185 1405 2216 q.
1428 2176 1443 2206 1
1463 2173 1588 2217 punct.
1615 2173 1638 2207 7
1666 2184 1700 2216 q.
1729 2177 1749 2207 5
1776 2177 1794 2214 ἓ
1820 2175 1903 2215 33);

162 2228 290 2270 ,Quod
315 2229 440 2272 potest
465 2227 775 2262 accommodatius
803 2236 880 2262 esse
898 2229 1001 2271 quasi
1023 2226 1243 2271 principium
1264 2229 1301 2260 et
1319 2237 1428 2259 cansa
1446 2224 1600 2259 unitatis
1618 2237 1729 2269 quam
1747 2225 1871 2259 unitas
1885 2231 1899 2259 Ρ

159 2281 307 2316 Etenim
325 2284 454 2316 contra
470 2282 636 2316 videmus
654 2281 779 2316 omnia
796 2281 947 2315 dissidia
965 2283 1002 2315 et
1019 2291 1255 2324 quascunque
1274 2280 1537 2313 controversias
1560 2279 1596 2313 in
1622 2279 1901 2314 communitati-

159 2335 230 2369 bus
247 2334 394 2368 nonnisi
413 2345 454 2369 ex
473 2335 598 2379 aliqua
615 2335 768 2369 tandem
785 2335 999 2369 diversitate
1025 2334 1204 2378 proficisci
1234 2332 1293 2367 vel
1311 2332 1526 2377 opinionum
1547 2332 1602 2366 vel
1622 2333 1897 2366 voluntatum.‘

161 2387 589 2423 Cf.Bellarminum
608 2389 758 2423 derom.
778 2390 879 2433 pont.
899 2388 921 2421 l.
947 2391 1017 2422 lc.
1038 2391 1069 2422 2.
1690 2386 1693 2389 ’

305 2445 329 2482 ²)
347 2442 461 2476 Grues
481 2451 522 2476 6ο
542 2442 668 2476 ordine
687 2441 886 2486 dispositae
904 2441 1040 2480 volant,
1058 2442 1101 2474 ut
1116 2439 1265 2474 literam
1281 2439 1316 2473 Y
1333 2439 1623 2483 repraesentent.
1644 2438 1785 2473 Idcirco
1810 2438 1899 2473 Hie·

161 2505 335 2540 ronymus
353 2505 478 2529 eorum
496 2495 662 2530 ordinem
678 2496 787 2529 vocat
803 2496 991 2528 literatum.

305 2549 333 2595 3)
353 2549 544 2593 Approbat
557 2558 638 2583 eam
658 2549 715 2583 vel
742 2548 774 2582 H
786 2560 809 2582 u
821 2559 876 2593 go
905 2547 989 2582 Gro
1002 2551 1018 2581 t
1031 2548 1042 2581 i
1055 2559 1076 2581 11
1091 2559 1116 2585 3,
1144 2557 1226 2581 cum
1252 2546 1292 2580 in
1310 2546 1405 2580 Voto
1423 2557 1489 2591 pro
1507 2556 1597 2590 pace
1615 2545 1662 2580 ad
1680 2546 1748 2579 art.
1766 2547 1788 2580 ’ἴ
1806 2545 1899 2579 haec

162 2601 310 2637 scribit:
331 2601 495 2642 ‚Gradus
514 2603 807 2645 praepositorum
824 2602 864 2635 in
883 2599 967 2634 Eccl
981 2601 1047 2634 ·sia
1074 2609 1150 2633 e<se
1169 2598 1301 2632 debere
1321 2599 1358 2632 et
1374 2609 1440 2643 per
1456 2599 1542 2633 illos
1560 2599 1696 2644 gradus
1715 2598 1902 2643 compagi-

162 2655 242 2688 nari
262 2654 463 2689 Ecclesiam
477 2653 604 2688 docuit
617 2665 680 2688 nos
696 2654 829 2687 Paulus
849 2652 940 2697 Eph.
963 2656 996 2692 4,
1014 2655 1068 2686 ll.
1087 2651 1183 2686 ordo
1201 2651 1277 2685 sive
1294 2650 1333 2684 in
1351 2651 1530 2695 partibus,
1554 2651 1630 2685 sive
1653 2651 1691 2684 in
1714 2651 1794 2684 toto
1818 2660 1902 2683 con-

161 2707 303 2741 tinetur
320 2708 531 2752 principatu
549 2707 709 2751 quodam
727 2706 802 2740 sive
820 2704 1021 2750 praepositi
1049 2705 1206 2738 unitate.
1243 2703 1289 2738 Et
1317 2705 1386 2738 hoc
1416 2705 1472 2738 est
1502 2704 1601 2748 quod
1630 2703 1668 2737 in
1695 2703 1804 2737 Petro
1835 2713 1899 2737 nos

163 2759 328 2795 Christus
346 2761 482 2795 docui†.
516 2761 590 2795 Hoc
607 2772 629 2795 a
647 2760 792 2795 Chiisto
811 2759 942 2794 didicit
959 2758 1185 2803 Cyprianus:
1205 2757 1303 2792 idem
1318 2768 1399 2791 cum
1417 2756 1600 2801 Cypriano
1615 2756 1709 2790 dicit
1722 2756 1901 2799 Hierony-

165 2823 246 2846 mus
264 2813 434 2846 adversus
451 2813 689 2848 Jovinianum
708 2842 715 2848 .
736 2839 744 2847 .
764 2840 772 2847 .
806 2811 895 2845 Tale
913 2813 1024 2854 caput
1041 2812 1096 2844 est
1113 2810 1212 2844 inter
1228 2811 1466 2854 presbyteros
1485 2810 1692 2854 episcopus,
1709 2809 1807 2842 inter
1825 2808 1899 2851 epi-

164 2876 293 2911 scopos
312 2867 617 2910 metropolitanus
635 2867 700 2901 aut
717 2865 789 2899 alio
807 2866 888 2909 quis
909 2865 1015 2899 modo
1034 2863 1182 2898 electus.
1203 2866 1246 2898 ut
1264 2863 1396 2897 ceteris
1416 2863 1570 2907 praesit.
1605 2863 1692 2896 Tale
1710 2862 1808 2895 inter
1826 2871 1900 2894 om-

163 2928 228 2952 nes
239 2918 430 2963 episcopus
445 2930 626 2953 romanus.
637 2926 650 2940 ‘
670 2920 700 2953 A
712 2918 846 2962 quibus
860 2918 1003 2962 sejungi
1021 2927 1094 2951 non
1107 2916 1252 2956 debent,
1269 2927 1365 2960 quae
1379 2915 1568 2950 verissime
1582 2915 1628 2949 ad
1641 2925 1717 2949 rem
1733 2916 1896 2948 nostram

165 2971 293 3006 scribit
311 2972 507 3012 (animadv.
526 2971 647 3006 Riveti
666 2971 713 3005 ad
731 2971 809 3005 Art.
827 2971 882 3015 7):
904 2971 1029 3009 ,sicut
1047 2970 1239 3010 exercitus,
1261 2970 1357 3002 sicut
1373 2968 1478 3003 navis
1495 2969 1574 3012 regi
1594 2979 1664 3001 non
1686 2967 1807 3011 potest
1826 2965 1898 2999 uisi

165 3034 231 3068 per
247 3023 383 3068 gradus
401 3024 682 3067 praefectorum,
702 3024 765 3068 qui
783 3024 919 3066 gradus
937 3023 976 3056 in
995 3034 1105 3056 unum
1122 3021 1313 3056 desinant:
1332 3021 1386 3055 ita
1398 3031 1466 3055 nec
1481 3021 1652 3055 Ecclesia.
1671 3020 1748 3053 Etsi
1761 3029 1899 3057 01111163,

165 3077 229 3120 qui
247 3078 335 3110 sunt
350 3077 390 3110 in
407 3076 580 3117 Ecclesia,
599 3079 722 3111 essent
739 3075 936 3110 dilectione
954 3086 1098 3110 summa
1114 3075 1284 3120 praediti,
1303 3075 1428 3109 tamen
1447 3074 1516 3108 tali
1534 3074 1659 3108 ordine
1677 3074 1773 3106 esset
1790 3082 1895 3116 opus.
