2175 3382
597 117 760 152 Traditio
780 118 897 163 magis
916 119 1121 153 neccssaria
1141 121 1195 153 est-
1214 132 1323 164 quam
1339 133 1364 155 s.
1385 122 1576 166 Scriptura
1878 131 1955 173 101

222 237 321 278 dere
344 249 429 278 non
453 236 650 278 obstante
686 237 971 289 prohibitione
1005 237 1154 278 divinis
1177 238 1307 279 literis
1331 239 1436 291 (Act.
1464 243 1527 289 15,
1553 243 1624 296 28)
1649 247 1862 294 contenta,
1883 257 1957 297 pe-

221 308 322 348 dum
343 307 548 348 lotionem
569 306 631 348 Jo.
660 311 722 356 13,
748 307 801 351 14
825 318 918 348 esse
941 307 993 348 de
1016 308 1204 357 consilio,
1227 321 1313 350 non
1336 321 1437 350 vero
1461 311 1512 352 de
1536 318 1764 365 praecepto
1788 319 1865 359 etc.

338 378 379 421 6.
401 377 489 419 Imo
521 382 806 429 protestantes
839 378 939 419 dum
972 378 1166 430 rejiciunt
1187 379 1298 420 hanc
1321 380 1472 421 thesim
1497 381 1576 422 sibi
1598 385 1892 427 contradicunt
1914 387 1956 427 in

219 449 320 501 ipsis
351 448 635 489 fundamentis
668 449 796 489 totius
827 449 891 489 sui
926 450 1169 502 systematis
1192 450 1396 503 religiosi:
1429 452 1607 493 credunt
1629 455 1740 495 enim
1764 470 1804 499 a.
1826 457 1956 498 libros

220 531 369 560 omnes
393 524 434 560 et
454 519 580 568 solos,
613 531 719 571 quos
750 520 792 559 in
814 532 938 560 suum
960 525 1213 572 receperunt
1235 533 1457 563 canonem.
1491 534 1585 564 esse
1607 524 1736 565 libros
1759 526 1956 568 divinitus

218 591 447 643 inspiratos
468 594 595 642 atque
618 590 836 630 continere
858 589 1069 630 sincerum
1087 589 1161 630 Dei
1184 590 1358 631 verbum
1383 591 1437 632 ab
1461 593 1657 634 omnibus
1678 596 1955 645 credendum;

218 662 263 705 b.
286 661 472 712 singulos
494 671 588 719 esse
610 659 690 700 sibi
711 659 966 701 sufficientes
990 661 1241 713 interpretes
1264 662 1382 703 verbi
1406 662 1545 712 divini,
1580 677 1666 705 non
1688 677 1790 707 vero
1812 667 1955 709 Eccle-

218 731 325 772 siam
348 731 637 772 authenticam
670 741 763 771 esse
785 730 1058 783 interpretem
1090 743 1165 772 seu
1184 731 1369 783 judicem
1393 734 1481 774 veri
1504 746 1674 781 sensus;
1706 749 1746 780 c.
1772 748 1865 778 esse
1888 750 1956 778 ar-

217 801 367 843 ticulos
382 801 589 854 quosdam
604 800 953 849 fundamentales,
969 801 1076 842 alios
1091 814 1178 842 non
1192 801 1544 853 fundamentales,
1558 816 1726 847 necnon
1742 807 1955 849 criterium

218 873 273 913 ad
304 884 377 913 eos
408 872 463 913 ab
494 873 675 913 invicem
708 871 1031 912 discernendos:
1065 884 1245 925 quarum
1273 874 1556 915 assertionum
1579 877 1695 916 nulla
1717 878 1956 919 continetur

217 942 455 996 Scripturis.
478 942 585 995 Ergo
608 942 687 984 sibi
710 955 796 984 non
819 947 1064 984 constantes
1087 943 1274 993 credunt,
1308 944 1392 984 imo
1415 945 1672 986 credendum
1694 946 1956 990 fundamenti

216 1015 350 1054 instar
371 1018 563 1055 statuunt
585 1014 741 1067 aliquid
762 1026 849 1054 non
871 1015 1086 1066 scriptum.
1119 1014 1259 1065 Quare
1283 1016 1436 1056 mirum
1460 1028 1552 1057 esse
1575 1029 1662 1059 non
1685 1017 1820 1068 dehet,
1844 1021 1955 1072 quod

216 1084 356 1136 plures
378 1088 664 1136 protestantes
686 1084 874 1125 veritatis
898 1084 1109 1125 evidentia
1143 1086 1328 1125 convicti
1351 1086 1588 1128 traditionis
1611 1090 1860 1140 agnoverint
1881 1103 1955 1131 ne-

217 1155 461 1195 cessitatem
482 1155 524 1209 1).

338 1241 431 1281 145.
456 1237 795 1281 Corollariulll.
841 1237 1098 1279 Traditionis
1130 1251 1291 1279 summa
1324 1241 1549 1283 necessita&
1583 1267 1640 1271 -—
1670 1241 1774 1282 Hinc
1806 1247 1954 1294 sponte

215 1320 293 1349 sua
316 1309 598 1361 consequitur,
635 1308 905 1350 traditionem
930 1309 1166 1350 secundum
1188 1311 1459 1361 praesentem
1482 1310 1635 1352 Christi
1659 1313 1953 1354 oeconomiam

215 1380 350 1431 magis
381 1392 475 1421 esse
506 1381 794 1421 necessariam
822 1394 852 1424 s,
877 1379 1106 1432 Scriptura,
1138 1380 1252 1432 quod
1278 1380 1368 1433 jam
1391 1394 1520 1434 supra
1543 1382 1767 1424 docentem
1791 1383 1952 1424 audivi-

215 1462 310 1491 mus
340 1463 371 1491 s.
394 1450 615 1492 Irenaeum
651 1452 706 1507 (11.
734 1455 815 1496 118
832 1453 879 1505 4).
914 1450 1024 1491 Nam
1056 1457 1097 1491 et
1119 1465 1161 1494 a.
1185 1450 1374 1492 Ecclesia
1401 1453 1558 1494 exstitit
1581 1454 1839 1507 aliquamdiu
1863 1455 1953 1496 sine

215 1520 445 1573 Scriptura,
477 1535 695 1576 nunquam
730 1523 821 1563 sine
843 1522 1093 1571 traditione3
1126 1527 1167 1563 et
1188 1524 1235 1566 b.
1259 1523 1488 1565 traditione
1511 1529 1646 1565 totum
1670 1525 1764 1566 fidei
1787 1525 1952 1578 deposi-

214 1597 303 1632 tum
336 1593 587 1643 continetur,
618 1606 705 1634 non
737 1605 839 1634 vero
872 1606 901 1636 s,
927 1591 1164 1646 Scriptura;
1198 1598 1238 1634 et
1269 1607 1308 1637 c.
1333 1594 1521 1647 plerique
1552 1595 1696 1637 fideles
1728 1596 1889 1650 absque
1922 1611 1952 1641 s,

215 1661 433 1715 Scriptura
455 1663 547 1704 sola
576 1664 906 1716 praedicationis
940 1675 1014 1704 seu
1048 1664 1286 1705 traditionis
1310 1665 1624 1707 ecclesiasticae
1648 1678 1728 1719 ope
1752 1667 1806 1707 ad
1828 1666 1953 1708 fidem

214 1733 502 1785 perducuntur
526 1733 762 1787 Christique
785 1734 1023 1775 doctrinam
1048 1738 1138 1775 tuto
1163 1734 1405 1784 addiscunt3
1436 1737 1522 1777 imo
1546 1737 1591 1780 d.
1615 1737 1705 1778 sine
1727 1737 1954 1778 traditione

215 1805 347 1845 sacris
362 1803 588 1857 Scripturis
609 1817 661 1846 ne
683 1806 742 1846 uti
763 1805 932 1857 quidem
953 1809 998 1845 ut
1020 1810 1187 1856 oportet
1207 1811 1401 1857 possent:
1426 1807 1525 1859 quia
1545 1820 1575 1847 s.
1592 1806 1821 1860 Scriptura,
1844 1820 1953 1860 quae

214 1886 289 1927 per
310 1876 579 1916 traditionem
604 1888 798 1917 summae
819 1875 942 1916 nobis
964 1881 1027 1916 est
1050 1877 1315 1917 auctoritatis
1337 1881 1376 1918 et
1397 1877 1599 1926 utilitatis,
1622 1878 1713 1919 sine
1727 1879 1954 1920 traditione

215 1946 269 1986 ad
290 1946 425 1987 instar
445 1951 510 1987 est
531 1948 591 1987 rei
613 1947 797 1987 relictae.
826 1946 973 1999 Neque
996 1951 1223 1999 propterea
1247 1947 1476 2000 quidquam
1499 1949 1606 2000 perit
1630 1949 1682 1990 de
1704 1949 1861 2000 ingenti
1883 1949 1953 1989 illo

213 2016 431 2066 beneficio,
453 2017 566 2070 quod
588 2017 712 2058 nobis
734 2017 845 2058 Deus
868 2029 942 2069 per
965 2015 1205 2069 Scripturas
1229 2018 1414 2061 contulit.
1458 2017 1567 2059 Nam
1590 2019 1805 2061 Ecclesiae
1828 2031 1953 2072 prae-

214 2088 425 2130 dicatione
448 2089 679 2141 accipimus
703 2089 942 2130 doctrinam
964 2088 1210 2138 revelatam,
1246 2089 1321 2130 sed
1343 2089 1485 2130 verbis
1508 2090 1781 2133 humanis:
1817 2091 1859 2131 in
1882 2104 1952 2132 sa-

215 2159 295 2199 cris
317 2171 418 2201 vero
449 2159 579 2201 literis
610 2159 751 2201 verbis
783 2160 985 2201 divinis
1018 2165 1057 2201 et
1095 2160 1488 2213 originalibus,
1522 2166 1648 2214 atque
1672 2161 1780 2203 adeo
1812 2162 1950 2214 ipsum

215 2229 410 2271 audimus
432 2230 565 2272 Deum
588 2231 675 2272 suis
697 2231 941 2284 loquentem
965 2232 1125 2272 verbis:
1148 2232 1246 2272 hinc
1268 2232 1391 2283 longe
1409 2232 1603 2273 vividiori
1624 2233 1790 2274 ratione
1814 2233 1949 2285 maj0-

213 2302 330 2353 rique
360 2301 549 2353 pondere
582 2307 877 2355 proponuntur
909 2302 1032 2344 nobis
1065 2303 1281 2351 revelatio,
1313 2303 1454 2355 imago
1478 2308 1681 2356 gestaque
1705 2302 1879 2344 Christi:
1912 2309 1954 2345 et

212 2371 311 2412 hinc
333 2372 467 2413 oritur
489 2372 618 2413 etiam
639 2373 708 2414 illa
744 2373 851 2414 mira
874 2374 1031 2423 unctio,
1064 2385 1148 2426 qua
1171 2373 1328 2425 pollent
1353 2373 1484 2414 verba
1507 2372 1762 2426 Scripturae.
1805 2373 1952 2428 Neque

213 2453 371 2494 negare
392 2442 489 2484 licet
520 2456 551 2486 s.
575 2442 838 2496 Scripturam
871 2444 1098 2496 plurimum
1126 2444 1276 2496 juvare
1310 2444 1363 2484 ad
1391 2444 1662 2486 traditionem
1686 2457 1791 2497 pure
1812 2446 1951 2486 incor-

213 2518 418 2566 rupteque
449 2515 786 2555 conservandam
811 2520 851 2555 et
872 2519 918 2555 ut
941 2514 1176 2555 distinctius
1198 2515 1506 2567 perspiciamus
1528 2516 1658 2568 ipsius
1681 2516 1951 2557 revelationis

212 2583 434 2625 historiam
457 2589 498 2625 et
519 2584 631 2626 facta
654 2586 871 2638 magisque
896 2586 1135 2626 innotescat
1157 2586 1453 2627 vaticiniorum
1476 2586 1697 2629 veracitas

342 2677 430 2710 146.
455 2667 703 2711 Scholion.
727 2670 1023 2708 Protestontmm
1045 2673 1286 2719 exceptiones.
1312 2695 1369 2698 —
1384 2673 1533 2709 Notatu
1554 2672 1654 2709 illud
1677 2672 1949 2721 dignissimum

218 2730 286 2774 est,
312 2729 414 2776 quod
437 2728 516 2766 fere
539 2732 674 2767 contra
694 2730 823 2767 omnia
845 2730 1027 2779 dogmata
1057 2730 1146 2767 fidei
1179 2731 1386 2768 catholicae
1417 2731 1521 2768 haud
1552 2731 1655 2768 leves
1686 2730 1766 2767 fieri
1798 2730 1949 2778 possint

215 2786 487 2825 difficultates:
523 2790 657 2826 contra
689 2789 912 2826 traditionis
933 2801 1035 2833 vero,
1070 2791 1115 2826 ut
1149 2789 1257 2826 illam
1292 2790 1552 2838 exposuimus,
1589 2790 1849 2826 exsistentiam
1885 2788 1948 2825 vix

213 2846 297 2882 ulla
326 2859 347 2882 a
376 2848 688 2894 protestantibus
721 2848 817 2885 seria
849 2849 964 2895 atque
996 2848 1192 2884 mentione
1227 2848 1345 2897 digna
1380 2849 1581 2897 proposita
1614 2848 1692 2884 fuit
1726 2847 1949 2884 difficultas.

358 2975 383 3013 ¹)
403 2970 456 3005 Cf.
484 2972 663 3016 ejusmodi
691 2973 936 3006 consessiones
965 2972 1002 3006 in
1020 2971 1044 3005 l.
1064 2973 1319 3017 Beleuchtung
1347 2973 1409 3006 der
1428 2972 1599 3006 Vorurth.
1629 2972 1741 3005 wider
1767 2972 1825 3004 (lie
1845 2971 1945 3003 kath.

213 3023 348 3057 Kirche
366 3029 438 3058 von
456 3024 574 3058 einen]
592 3027 744 3068 protest.
762 3025 875 3059 Laien
894 3025 1054 3065 Ziirichs,
1072 3026 1098 3058 t.
1120 3029 1139 3059 2
1158 3027 1252 3069 part.
1278 3030 1289 3059 1
1313 3037 1345 3069 p.
1371 3028 1433 3060 160
1449 3036 1512 3063 ss.;
1536 3027 1600 3059 185
1620 3036 1663 3057 ss.
1683 3023 1738 3057 ed.
1758 3026 1790 3058 3.
1808 3023 1945 3056 Luzern

214 3078 315 3110 1844.
335 3076 386 3109 Of.
407 3076 670 3110 Franzclin
688 3077 739 3111 th.
761 3080 822 3112 20:
844 3077 1080 3111 Heinrich
1099 3077 1737 3117 t.1}71:Sclieeben518.19.

355 3147 504 3178 Hurter,
528 3148 673 3180 Compend.
693 3149 845 3181 theologiae
868 3151 889 3176 Ι,
912 3150 952 3174 10.
973 3150 1005 3174 ed
1694 3138 1730 3168 ῙῙ
