2175 3382
214 129 299 167 445
468 122 589 155 'Prae-t.
613 120 670 155 ΙΙΙ,
693 120 736 153 <le
756 119 928 163 primatu.
949 117 1232 162 1⁴2xceptionibus
1251 120 1374 151 contra
1395 127 1482 150 rom.
1503 116 1686 161 pontificis

339 242 499 284 42:12.
524 243 707 292 Opponit,
741 242 845 279 inter
875 241 1024 278 nullius
1054 240 1288 289 antiquioris
1321 239 1607 276 haeresiarchae
1643 250 1791 276 errores
1812 251 1949 276 nume-

216 304 293 341 rari
317 302 643 351 improbationem
657 301 875 351 pontificiae
898 300 1200 338 infallibilitatis.
1225 312 1341 347 quam
1365 299 1499 335 saltem
1522 298 1622 335 facto
1645 298 1730 346 ipso
1745 301 1950 347 negarunt.

217 364 290 400 Sed
323 375 449 411 neque
479 362 584 398 inter
614 361 778 409 alicujus
810 359 995 397 haeretici
1027 370 1178 396 errores
1208 362 1435 409 recensetur
1466 357 1624 406 negatio
1655 356 1952 394 infallibilitatis

215 422 468 459 conciliorum
492 421 839 458 oecumenicorum.
872 418 1013 455 Verum
1038 418 1153 455 sicuti
1176 418 1307 465 plures
1329 416 1468 453 idcirco
1492 416 1617 453 habiti
1640 418 1734 453 sunt
1755 415 1950 457 haeretici,

217 481 321 530 quod
354 481 492 517 horum
524 479 778 517 conciliorum
806 478 1048 515 definitiones
1072 476 1385 526 reprobaverint:
1418 476 1473 512 ita
1495 476 1628 523 plures
1652 487 1808 523 quoque
1830 473 1954 511 habiti

217 546 310 578 sunt
341 538 539 584 haeretici,
582 538 687 587 quod
717 552 739 575 a
769 537 938 575 romanis
972 535 1223 584 pontificibus
1258 535 1432 572 damnati
1464 546 1611 571 rnorem
1641 545 1719 570 non
1749 533 1953 583 gesserint.

218 599 404 644 Quocirca
426 598 465 635 in
500 598 665 636 formula
687 596 918 634 Hormisdae
944 594 1162 632 universim
1184 594 1429 639 enunciatur,
1462 605 1539 630 non
1562 593 1849 630 consentientes
1871 591 1953 629 sedi

218 658 448 708 apostolicae
483 658 747 705 sequestratos
780 667 864 692 esse
887 654 1084 691 habendos
1107 667 1129 690 a
1151 653 1420 691 communione
1441 652 1635 690 Ecclesiae
1666 651 1876 689 catholicae
1898 647 1952 703 (n.

218 724 301 758 408
326 715 366 769 1).

337 799 435 839 428.
460 792 646 846 Opponit
681 794 723 836 3.·
747 792 1050 845 Do'llinger,
1075 793 1116 832 in
1138 796 1306 844 patrum
1329 791 1506 848 scriptis,
1529 802 1638 844 quae
1661 794 1790 843 agant
1811 789 1862 830 de
1884 800 1953 829 re-

224 866 319 919 gula
353 865 449 906 fidei
480 865 619 917 deque
643 864 857 904 Ecclesiae
888 863 1154 910 auctoritate,
1186 861 1519 903 Tertulliani
1542 861 1642 910 scil„
1673 859 1953 914 Cypriani,

220 938 399 989 Augus
415 936 538 985 tini,
563 934 597 976 G
611 947 707 976 enn
722 934 832 975 adii
855 939 896 975 et
916 933 1201 974 Vincentii
1222 933 1431 974 lirinensis
1454 945 1671 986 nunquam
1695 932 1954 973 mentionem

221 1008 344 1060 hujus
367 1019 596 1048 occurrere
612 1006 935 1059 praerogativae
957 1009 1003 1046 ut
1024 1005 1152 1046 medii
1175 1004 1229 1046 ad
1251 1004 1509 1045 dirimendas
1525 1003 1838 1044 controversias
1859 1014 1956 1055 per-

221 1077 457 1118 commodi:
481 1089 555 1117 eos
570 1088 827 1129 cognoscere
841 1080 1006 1117 tantum
1020 1074 1236 1116 Ecclesiae
1250 1074 1519 1115 traditionem
1535 1074 1687 1126 triplici
1709 1073 1808 1114 dote
1829 1085 1954 1126 prae-

220 1149 353 1189 ditam
377 1148 649 1200 antiquitatis,
672 1146 1011 1195 universalitatis,
1036 1145 1341 1187 consensionis.
1383 1144 1542 1185 Verum

338 1233 381 1263 a..
415 1231 620 1272 negamus
650 1223 793 1271 patres
825 1230 1045 1270 nunquam
1077 1218 1337 1258 mentionem
1361 1215 1499 1257 facere
1523 1226 1750 1268 supremae
1772 1214 1956 1256 docendi

221 1290 487 1331 auctoritatis
503 1290 690 1342 episcopi
712 1289 881 1330 romani
902 1293 1121 1342 tamquam
1144 1287 1271 1328 medii
1293 1287 1476 1340 expediti
1498 1287 1552 1327 ad
1575 1286 1833 1328 dirimendas
1856 1298 1954 1327 con-

222 1362 451 1403 troversias
466 1366 641 1414 tutoque
656 1360 971 1412 agnoscendam
986 1361 1197 1401 sinceram
1212 1359 1462 1403 doctrinam.
1496 1359 1587 1400 Huc
1610 1362 1805 1411 spectant
1826 1357 1958 1398 verba

221 1432 439 1474 Irenaei
469 1445 509 1475 n.
533 1436 629 1480 394,
659 1432 882 1473 consilium
906 1431 1021 1484 Fulg.
1044 1431 1311 1472 Ferrandi
1333 1429 1492 1472 Severo
1516 1430 1772 1471 scholastico
1794 1442 1833 1472 n.
1856 1431 1956 1477 418,

222 1503 293 1544 Th
306 1516 328 1544 e
341 1516 365 1543 o
379 1504 441 1544 do
454 1503 498 1544 ri
521 1502 710 1545 Studitae
724 1503 855 1544 Leoni
869 1502 1091 1544 sacellario
1114 1515 1152 1546 n.
1175 1506 1260 1546 418
1284 1506 1326 1543 et
1346 1501 1495 1543 Petri
1517 1500 1767 1554 Chrysologi
1779 1499 1956 1552 Eutychi

222 1575 369 1616 datum
392 1588 430 1616 n.
456 1578 540 1620 368
559 1579 595 1623 3;
626 1574 857 1626 Augusti
872 1574 923 1614 ni
954 1573 1154 1626 gaudium
1179 1573 1231 1614 de
1254 1572 1371 1613 finita
1391 1584 1598 1625 responso
1622 1583 1801 1612 romano
1825 1582 1956 1611 causa

226 1647 449 1698 pelagiana
471 1659 509 1686 n.
532 1648 641 1694 4213
672 1644 850 1698 Sergii
873 1645 1105 1698 cypriensis
1129 1643 1339 1685 confessio
1361 1656 1400 1684 n.
1423 1644 1522 1692 4152,
1552 1642 1806 1683 Flaviani
1836 1640 1955 1682 testi-

224 1718 414 1758 monium
438 1729 476 1757 n.
501 1720 598 1765 377,
624 1716 892 1757 Bernardi
915 1715 1125 1756 sententia
1146 1728 1185 1756 n.
1208 1718 1330 1762 4082,
1361 1715 1446 1755 imo
1470 1713 1956 1755 schismaticorum

224 1788 492 1829 orientalium
515 1787 724 1828 confessio
746 1801 784 1840 p.
808 1791 903 1832 392.

343 1860 388 1903 b.
423 1857 519 1900 Non
550 1859 687 1900 solum
722 1859 954 1900 theoretice
976 1862 1119 1911 patres
1149 1858 1232 1898 hoc
1253 1856 1439 1898 medium
1463 1855 1690 1904 insinuant,
1721 1854 1796 1896 sed
1827 1865 1957 1906 saepe

224 1942 275 1971 eo
299 1931 342 1970 in
368 1930 506 1970 dubiis
529 1935 627 1970 sunt
647 1930 723 1977 usi,
746 1934 791 1970 ut
813 1930 933 1970 factis
957 1929 1218 1970 ostendimus
1240 1941 1278 1969 n.
1303 1930 1387 1972 372
1411 1932 1453 1968 et
1473 1930 1571 1971 419.

344 2014 386 2045 G.
410 2004 520 2049 Quod
540 2004 774 2041 nominatim
795 2004 1094 2048 Tertullianum,
1128 2003 1375 2052 Cyprianum,
1402 2001 1681 2051 Augustinum,
1715 2000 1957 2038 Gennadium

225 2066 266 2101 et
279 2064 529 2101 Vincentium
551 2063 776 2100 lirinensem
799 2065 961 2112 spectat,
983 2062 1276 2111 respondemus,
1299 2075 1342 2099 ex
1365 2061 1426 2098 his
1446 2063 1526 2098 tres
1541 2061 1690 2106 saltem,
1707 2059 1957 2097 Tertulli-

225 2136 371 2160 anum
394 2123 486 2168 scil„
520 2122 828 2172 Cyprianum
860 2124 900 2159 et
922 2121 1236 2159 Gennadium
1267 2133 1393 2169 neque
1416 2120 1569 2157 concilii
1590 2118 1828 2157 oecumenici
1848 2131 1957 2156 men-

223 2183 370 2220 tionem
402 2182 536 2221 facere.
579 2181 672 2225 Quis
702 2184 833 2218 tamen
862 2181 1167 2218 adversariorum
1189 2180 1279 2218 inde
1302 2180 1455 2223 inferet,
1488 2180 1559 2216 hoc
1582 2191 1660 2216 non
1682 2190 1763 2215 esse
1785 2178 1956 2215 medium

225 2243 306 2279 sive
328 2241 463 2278 efficax
486 2241 569 2278 sive
591 2240 797 2278 infallibile
831 2240 878 2277 ad
901 2240 1135 2277 dirimendas
1159 2239 1474 2277 controversias?
1517 2237 1845 2287 Augustinus
1866 2249 1958 2275 vero

226 2301 267 2337 in
290 2312 403 2338 causa
425 2300 627 2349 pelagiana
648 2300 718 2337 hoc
738 2300 877 2348 probat
906 2299 1079 2336 medium
1101 2298 1153 2349 (n.
1178 2301 1289 2347 421).
1332 2298 1458 2342 Quare
1480 2299 1638 2346 patrum
1659 2297 1700 2333 in
1723 2296 1957 2345 quibusdam

226 2359 380 2408 scriptis
410 2359 611 2396 silentium
640 2371 718 2396 non
751 2359 971 2408 aequivalet
1000 2358 1214 2407 negationi,
1249 2358 1312 2395 sed
1344 2357 1485 2406 probat
1513 2358 1672 2393 tantum
1703 2367 1767 2393 eos
1793 2356 1856 2392 vel
1886 2367 1957 2392 no-

226 2418 346 2455 luisse
370 2418 537 2455 scribere
559 2418 865 2466 disputationem
888 2418 934 2455 de
957 2417 1307 2455 controversiarum
1326 2416 1471 2465 judice,
1495 2416 1558 2452 vel
1580 2427 1642 2452 eos
1664 2415 1734 2452 hoc
1748 2426 1956 2464 argumen-

228 2480 312 2514 tum
344 2490 423 2513 non
445 2477 680 2522 exhausisse,
713 2477 817 2525 quod
848 2477 889 2514 in
924 2477 1028 2514 omni
1051 2477 1131 2513 fere
1153 2478 1384 2526 argumento
1406 2487 1543 2512 verum
1566 2476 1643 2519 est3
1674 2473 1832 2511 nullum
1854 2473 1959 2510 enim

226 2536 327 2574 forte
358 2536 619 2584 undequaque
650 2538 872 2573 tractarunt
904 2535 1095 2585 singulari
1125 2535 1257 2584 aliquo
1279 2536 1391 2580 libro,
1424 2534 1490 2571 sed
1512 2546 1582 2583 pro
1605 2533 1898 2582 opportunitate
1920 2534 1960 2569 et

232 2595 306 2632 sub
329 2595 458 2642 aliquo
480 2596 634 2631 tantum
656 2596 849 2644 respectu.
893 2595 949 2632 De
972 2594 1239 2632 Vincentii
1261 2595 1321 2631 lir.
1343 2606 1488 2632 canone
1510 2593 1554 2633 cf.
1577 2606 1614 2633 n.
1642 2598 1734 2632 150.

350 2683 445 2716 429.
469 2676 573 2720 Quae
604 2674 647 2717 4.
671 2678 837 2726 opponit
866 2677 1043 2715 Dollin
1053 2690 1160 2727 ger,
1191 2689 1420 2725 responsum
1451 2676 1514 2713 vix
1545 2676 1707 2712 merent.
1750 2673 1960 2711 Contendit

227 2736 333 2773 enim
356 2735 591 2773 sententiam
614 2736 660 2773 de
682 2737 830 2773 romani
853 2736 1049 2785 pontificis
1071 2735 1353 2773 infallibilitate
1376 2747 1448 2772 sec.
1470 2734 1627 2771 demum
1647 2733 1751 2770 XIII.
1773 2732 1822 2770 ad
1842 2732 1959 2770 finem

228 2797 415 2844 vergente
437 2806 507 2844 per
529 2806 557 2831 s.
574 2795 602 2831 T
615 2795 637 2831 h
650 2807 801 2832 omam
824 2808 992 2844 eumque
1015 2794 1158 2844 spuriis
1181 2795 1386 2844 deceptum
1407 2792 1646 2830 testimoniis
1669 2792 1711 2828 in
1723 2792 1959 2841 theologiam

231 2854 383 2892 scholae
422 2853 542 2891 fuisse
576 2853 786 2899 inductam,
828 2855 1108 2905 theologosque
1143 2853 1320 2903 deinceps
1357 2852 1552 2890 mercibus
1586 2850 1959 2900 pseudoisidorianis

229 2926 366 2951 auram
386 2913 447 2950 illi
467 2908 693 2950 conciliasse
716 2913 976 2961 antiquitatis.
1018 2913 1119 2950 Nam
1543 2954 1555 2962 ι
1638 2954 1642 2958 ,

348 2982 390 3012 a.
413 2974 494 3009 tam
515 2971 677 3019 antiqua
707 2973 767 3008 est
789 2972 880 3009 haec
902 2972 1091 3018 doctrina,
1123 2985 1239 3020 quam
1262 2970 1427 3019 antiqua
1449 2963 1594 3007 Christi
1613 2968 1821 3017 promissio
1842 2969 1958 3006 Petro

230 3031 342 3076 facta,
366 3031 478 3080 cujus
499 3030 582 3068 vim
601 3043 805 3078 nunquam
827 3032 1046 3068 convellent
1068 3030 1290 3069 adversarii.
1333 3029 1458 3074 Quare
1486 3041 1516 3066 s.
1538 3028 1702 3066 Thomas
1723 3028 1822 3065 hanc
1843 3027 1960 3064 fidem

229 3102 309 3127 non
331 3090 490 3136 invexit,
513 3089 580 3126 sed
601 3089 642 3126 in
663 3089 835 3126 Ecclesia
851 3090 933 3137 jam
954 3089 1111 3138 reperit.
