2175 3382
181 165 265 205 2350
591 158 713 192 Tract.
737 157 793 192 111.
814 158 857 192 tle
877 157 1048 201 primatu.
1069 156 1196 190 'rhesis
1218 156 1320 192 Lxx.
1340 156 1507 191 Christus

190 278 245 318 Ἰἰι
271 292 311 319 es
334 277 538 331 Christus,
563 277 699 318 Filius
724 277 803 318 Dei
828 277 917 316 rivi.
962 275 1056 326 Qua
1089 275 1202 316 edita
1234 275 1503 316 confessione
1527 276 1679 316 meruit
1700 288 1726 317 a
1748 275 1915 318 Christo

180 348 346 389 audire:
380 348 536 389 Beatus
567 362 620 401 es
653 348 796 389 Simon
819 346 928 388 Bar·
934 346 1063 395 Jona,
1096 347 1195 401 quia
1227 360 1325 387 caro
1356 350 1391 386 et
1427 347 1599 400 sanquis
1620 360 1702 387 non
1723 346 1917 388 revelavit

1960 306 2138 427 ΝΑ

179 419 266 474 tibi
288 419 413 459 sedl'
411 425 499 460 aler
523 432 648 472 mens
671 419 741 473 qui
766 419 808 457 in
831 417 949 457 omlis
972 421 1040 457 est.
1067 416 1120 456 JJt
1142 430 1209 471 eqo
1233 417 1321 457 deco
1345 417 1432 460 tibet
1454 417 1553 471 quia
1576 421 1619 457 ιιι
1643 431 1683 457 es
1697 417 1822 458 Pmu
1846 395 2108 499 etfflW

179 503 304 544 ευμεν
325 489 432 531 ham·
448 493 613 544 petram
639 489 893 562 aedificabo
893 488 1116 529 Ecclesiam
1139 501 1286 539 meam,
1318 493 1353 528 et
1372 491 1520 541 portae
1545 488 1670 541 inferi
1691 501 1771 529 non
1793 443 2031 543 prae-W

180 560 371 602 talebunt
393 561 592 602 acheo-sus
623 573 713 601 eam
738 538 1064 608 Matth.16,15
1086 572 1140 601 ss
1183 558 1274 599 Duo
1307 562 1405 599 sunt
1427 558 1661 610 probanda,
1693 559 1800 600 haec
1830 559 1917 600 scil.

180 631 234 672 ad
255 644 414 672 unum
437 635 631 684 spectare
656 630 828 671 Petrum
852 630 986 682 iisque
1009 630 1197 682 promitti
1215 629 1523 682 jurisdictionis
1545 629 1784 681 primatum.
1827 629 1916 671 Pri-

180 715 295 744 mum
318 702 417 743 illud
433 702 573 755 plures
596 702 661 743 vel
684 714 706 742 e
729 700 1065 753 protestantibus
1080 700 1270 741 veritatis
1286 699 1499 741 evidentia
1514 700 1651 740 coacti
1665 711 1917 742 concessere

180 774 247 829 (cf.
270 773 602 826 Roskovz'iny
624 776 645 827 ,ξ
670 775 718 821 ὃς
744 771 1035 822 Passaglia
1059 770 1102 819 11,
1125 771 1181 826 6),
1205 775 1334 823 atque
1356 771 1415 811 ita
1437 771 1662 823 probatur:

301 848 339 888 1.
365 843 482 885 Sicut
504 843 702 884 omnibus
724 841 1080 894 respondentibus
1103 853 1253 882 omnes
1275 841 1503 894 alloquitur
1526 841 1729 891 Christus,
1751 842 1810 883 ita
1830 854 1917 882 uno

180 915 464 967 respondente
479 913 605 955 Petro
622 914 735 955 hunc
749 925 881 954 unum
906 912 1151 965 alloquitur:
1177 924 1308 964 quare
1330 912 1454 964 hujus
1477 912 1766 965 responsionis
1787 911 1919 954 verba

180 998 266 1026 non
289 985 343 1026 ad
365 997 515 1026 omnes
538 985 768 1037 apostolos,
792 983 865 1025 sed
889 983 942 1024 ad
966 996 1097 1024 unum
1121 982 1291 1024 Petrum
1314 983 1536 1035 pertinent.
1571 978 1573 980 ’

297 1057 338 1100 2.
360 1055 475 1097 Idem
499 1055 663 1096 censeri
678 1054 804 1096 debet
818 1054 1056 1107 subjectum
1078 1066 1115 1094 v.
1136 1056 1199 1102 18,
1222 1053 1335 1105 quod
1357 1066 1393 1093 v.
1412 1056 1462 1097 17
1488 1058 1530 1094 et
1546 1056 1619 1097 19:
1642 1053 1697 1094 Et
1718 1055 1790 1095 tibi
1810 1054 1918 1096 dabo

180 1127 312 1168 clares
344 1128 459 1181 reynse'
490 1126 692 1167 coelorum
705 1141 718 1173 ‚·
748 1126 894 1166 intime
929 1125 1042 1166 enim
1070 1124 1304 1180 cohaerent
1333 1124 1468 1165 incisa
1499 1136 1714 1177 unamque
1736 1124 1920 1166 efficiunt

180 1198 504 1250 responsionem
528 1197 582 1238 ad
605 1197 788 1238 eundem
803 1196 1020 1243 directam,
1045 1195 1233 1248 alioquin
1247 1206 1388 1236 sermo
1404 1199 1516 1236 esset
1530 1195 1774 1237 salebrosus
1796 1195 1920 1236 mini-

181 1281 333 1322 meque
356 1270 604 1318 cohaerens,
637 1270 671 1310 si
704 1269 876 1321 saepius
898 1267 1018 1309 fieret
1040 1267 1219 1320 subjecti
1241 1267 1432 1316 mutatio,
1465 1267 1567 1319 quin
1588 1266 1630 1307 id
1653 1266 1920 1318 significetur.

182 1339 362 1381 Evidens
384 1344 528 1381 autem
551 1344 616 1381 est
636 1339 809 1381 Petrum
831 1352 867 1381 v.
895 1343 945 1383 17
971 1343 1013 1380 et
1040 1342 1089 1382 19
1114 1350 1208 1379 esse
1230 1337 1480 1390 subJectum.

299 1411 341 1454 3.
364 1409 509 1451 Verba
523 1410 678 1451 Christi
693 1415 780 1451 tum
796 1409 1189 1462 interpretationem
1206 1409 1426 1450 continent
1439 1409 1539 1449 novi
1552 1408 1738 1449 nominis
1751 1407 1784 1448 P
1795 1419 1818 1448 e
1829 1409 1920 1457 tri,

181 1487 270 1521 tum
293 1482 686 1522 remunerationem
709 1493 786 1533 pro
809 1481 962 1532 insigni
985 1479 1081 1521 fidei
1103 1479 1392 1521 confessione:
1425 1479 1539 1532 quod
1570 1479 1823 1531 praesertim
1853 1479 1919 1519 in-

180 1553 322 1593 nuitur
343 1552 413 1593 illo
436 1554 562 1608 κάγὼ,
596 1556 637 1593 et
668 1564 746 1604 ego
779 1551 864 1593 scil.
896 1552 1084 1592 vicissim
1115 1551 1210 1592 dico
1243 1550 1319 1591 tibi
1341 1555 1419 1591 etc.
1461 1550 1600 1603 Atque
1631 1562 1741 1591 unus
1772 1547 1921 1591 Simon

182 1624 318 1664 dictus
350 1623 424 1664 fuit
456 1622 618 1672 Petrus,
651 1635 845 1676 unusque
876 1622 1026 1663 Petrus
1059 1620 1279 1663 confessus
1312 1626 1377 1662 est
1406 1620 1620 1662 Christum
1652 1618 1920 1662 Dei‘Filium.

181 1694 307 1747 Igitur
329 1694 436 1735 sicut
457 1694 570 1736 Deus
592 1694 854 1744 Abrahamo,
877 1698 1106 1746 postquam
1129 1693 1252 1734 dixit:
1284 1693 1369 1733 Nec
1398 1693 1513 1734 ultra
1538 1691 1755 1733 vocabitur
1775 1704 1920 1733 nomen

182 1772 298 1806 tumn
319 1765 494 1818 Abram,
519 1766 589 1806 secl
612 1765 887 1819 appellaberis
909 1764 1143 1817 Abraham,
1170 1764 1321 1805 mutati
1342 1763 1527 1804 nominis
1550 1762 1669 1804 addit
1689 1762 1920 1804 rationem:

183 1836 293 1886 Quia
310 1840 476 1890 patrem
498 1835 728 1877 multarum
746 1837 928 1890 {rentium
953 1836 1144 1877 constitui
1165 1841 1200 1876 te
1223 1833 1326 1876 Gen.
1353 1837 1418 1884 17,
1441 1837 1468 1879 5
1491 1834 1586 1890 (Col.
1604 1833 1750 1876 Matth.
1768 1835 1804 1883 1,
1826 1832 1924 1890 21):

182 1909 242 1948 ita
263 1911 305 1948 et
326 1907 394 1947 hic
416 1907 525 1947 ratio
545 1906 843 1959 appellationis
858 1906 972 1947 Petri
994 1906 1184 1947 redditur
1205 1905 1339 1946 inciso
1362 1905 1576 1958 sequenti:
1598 1903 1654 1944 Et
1675 1917 1802 1958 super
1821 1903 1926 1945 hanc

178 1982 345 2033 petram
368 1977 593 2031 aedificabo
608 1976 837 2018 Ecclesiam
859 1991 1001 2020 meam.
1034 1976 1176 2028 Quare
1197 1977 1306 2017 haec
1327 1975 1461 2017 verba
1483 1975 1537 2016 ad
1559 1988 1692 2016 unum
1706 1973 1925 2016 Simonem

184 2048 356 2090 Petrum
377 2048 525 2090 referri
548 2048 715 2090 debent.

300 2120 345 2163 4.
368 2118 516 2172 Neque
539 2120 668 2169 dicas,
691 2120 807 2172 prius
826 2119 996 2172 quidem
1012 2119 1192 2159 incisum
1208 2122 1402 2170 spectare
1425 2117 1479 2159 ad
1494 2117 1679 2166 Petrum,
1703 2116 1926 2169 sequentia

183 2203 305 2232 vero:
328 2204 451 2246 super
472 2191 578 2232 Ιιαησ
592 2195 760 2244 petram
785 2194 875 2240 etc,
897 2189 1123 2231 referenda
1145 2201 1240 2230 esse
1262 2189 1317 2230 ad
1341 2188 1567 2230 Christum.
1600 2186 1710 2228 Nam
1734 2184 1926 2228 Christus

184 2274 271 2303 non
292 2262 415 2302 dixit:
442 2261 505 2303 Tu
527 2262 691 2303 vocaris
712 2261 874 2310 Petrus,
897 2261 974 2302 sed
997 2265 1043 2302 tu
1065 2275 1105 2302 es
1127 2260 1299 2310 Petrus3
1332 2259 1444 2301 unde
1467 2259 1547 2312 ipsi
1567 2270 1656 2299 non
1679 2258 1836 2299 asserit
1855 2269 1926 2299 so-

184 2333 269 2373 lum
291 2344 460 2381 nomen,
493 2333 568 2374 sed
594 2333 941 2385 praerogativam
972 2332 1015 2373 in
1047 2331 1195 2373 ordine
1218 2331 1429 2384 obJectivo
1451 2331 1535 2371 hoc
1556 2329 1729 2370 nomine
1752 2339 1926 2381 expres-

185 2416 289 2453 sam,
312 2416 440 2456 quam
463 2417 563 2444 mox
587 2405 723 2445 inciso
747 2405 941 2457 sequenti
963 2403 1156 2456 explicat.
1199 2402 1323 2454 Quod
1344 2402 1380 2443 si
1403 2402 1625 2455 sequentia
1645 2412 1734 2443 non
1755 2404 1925 2452 specta-

185 2479 279 2515 rent
301 2474 354 2515 ad
378 2473 563 2524 Petrum,
594 2480 640 2516 ut
662 2475 897 2516 adversarii
918 2475 1144 2524 somniant,
1177 2473 1309 2515 verba
1332 2472 1486 2515 Christi
1506 2473 1688 2514 ironiam
1711 2471 1927 2526 quandam

185 2557 287 2597 prae
311 2556 356 2586 se
378 2544 527 2586 ferunt.
571 2546 608 2586 Is
633 2547 745 2587 enim
768 2546 943 2587 tandem
967 2545 1197 2599 aliquando
1221 2549 1335 2586 esset
1356 2556 1527 2586 sensus:
1564 2543 1735 2586 Vocat-is
1756 2543 1926 2597 quidem

184 2620 317 2668 petra,
341 2616 416 2657 sed
439 2629 518 2657 non
544 2630 584 2657 es
606 2621 751 2669 petra3
775 2622 818 2658 te
840 2617 900 2658 uti
923 2629 1011 2658 non
1033 2628 1219 2669 possum.
1262 2615 1462 2657 Ceterum

306 2687 349 2730 5.
373 2698 501 2728 omne
524 2686 590 2727 vel
612 2687 836 2728 minimum
859 2687 1034 2728 dubium
1059 2685 1306 2736 excluditur,
1336 2686 1372 2726 si
1401 2686 1511 2726 ratio
1543 2685 1725 2726 habetur
1745 2685 1926 2737 linguae,

186 2769 271 2810 qua
291 2770 396 2798 usus
419 2762 484 2798 est
506 2756 706 2798 Christus.
729 2757 914 2798 Locutus
936 2757 1137 2798 nimirum
1158 2761 1223 2798 est
1237 2755 1428 2797 Christus
1451 2756 1629 2809 syriace,
1650 2755 1747 2796 ideo
1770 2754 1926 2796 dixisse

186 2828 400 2880 putandus
415 2832 498 2869 est:
520 2827 592 2868 Tu
616 2839 661 2868 es
683 2827 895 2880 Cephas
918 2828 1227 2881 etsuperhunc
1249 2825 1482 2879 Cephas,
1505 2838 1582 2867 seu
1603 2830 1650 2867 tu
1671 2838 1717 2867 es
1739 2838 1926 2867 saxum

189 2904 228 2940 et
251 2910 380 2952 super
401 2899 484 2939 hoc
506 2911 694 2939 saxum
717 2898 953 2940 aedificabo
976 2898 1209 2940 Ecclesiam
1231 2909 1374 2939 meam
1393 2897 1437 2953 1).
1479 2896 1601 2948 Quod
1625 2897 1660 2937 si
1680 2896 1725 2937 in
1745 2899 1926 2948 utroque

333 3019 356 3058 ¹)
374 3015 457 3060 Syri
475 3015 573 3050 enim
593 3014 735 3049 nullam
752 3015 893 3049 habent
913 3016 1267 3061 agnominationem,
1283 3014 1381 3048 unde
1395 3013 1561 3048 Christus
1578 3013 1618 3046 in
1635 3013 1795 3057 utroque
1811 3011 1926 3046 inciso

185 3079 323 3113 ponere
341 3069 472 3103 debuit
487 3068 639 3114 cephas.
656 3068 794 3102 Graece
812 3078 922 3112 porro
940 3069 1147 3113 promiscue
1164 3068 1301 3101 dicitur
1317 3069 1433 3113 πέτρος
1449 3067 1488 3101 et
1503 3069 1621 3113 πέτραι
1640 3065 1727 3100 hinc
1743 3066 1925 3108 interpres

188 3122 370 3157 Matthaei
386 3121 628 3157 masculinum
649 3132 764 3166 genus
792 3124 907 3168 πέτρος
924 3131 1103 3165 personae
1122 3121 1234 3160 Petri,
1252 3120 1475 3154 femininum
1492 3121 1556 3161 rei,
1583 3129 1678 3163 quae
1695 3117 1925 3164 significaba-
