2175 3382
744 105 1051 150 Philosophorum
1069 107 1341 142 insufficientia.
1797 89 1810 95 α
1845 114 1899 156 23

169 227 358 276 justitiae,
391 239 507 275 quam
530 227 773 276 ignorabant,
796 241 923 277 neque
953 228 1127 274 virtutis,
1162 242 1277 277 quam
1311 231 1568 274 mentiuntur,
1602 244 1684 270 esse
1717 232 1901 272 doctores.

170 286 272 330 Quid
293 286 397 323 enim
419 285 594 331 doceant,
619 286 686 334 qui
709 298 819 324 suam
843 299 956 336 saepe
978 287 1238 336 ignorantiam
1263 289 1497 326 confitentur
1507 292 1524 326 ἱ)
1556 290 1669 328 Mitto
1692 291 1900 333 Socratem.

171 345 283 394 cujus
305 346 364 382 est
384 347 478 382 nota
504 345 697 382 sententia
718 342 875 397 („Qu0d
908 358 1026 394 supra
1056 359 1138 391 nos,
1170 347 1269 383 nihil
1303 348 1349 384 ad
1372 355 1480 386 nos«
1514 349 1559 386 cf.
1583 362 1709 398 opusc.
1731 350 1810 396 XV,
1836 356 1900 391 35.

169 402 338 453 annot.):
371 404 624 453 Anaxagoras
647 405 777 441 omnia
798 404 1032 442 circumfusa
1053 406 1226 442 tenebris
1249 418 1331 443 esse
1364 408 1606 455 pronunciat.
1649 409 1900 457 Empedocles

169 464 358 513 angustas
380 463 427 500 ad
450 463 726 500 inveniendam
747 463 954 501 veritatem
976 476 1162 501 sensuum
1185 465 1346 502 semitas
1368 478 1460 506 esse,
1485 466 1728 504 Democrit-us
1750 468 1791 504 in
1813 481 1900 517 pro—

168 521 290 560 fundo
312 522 483 570 quodam
504 525 622 570 puteo
645 521 860 559 demersam
877 523 1083 560 veritatem
1101 524 1229 571 jacere
1251 526 1431 569 testatur,
1456 537 1572 572 quam
1595 526 1688 573 quia
1709 539 1901 575 nusquam

169 580 395 630 reperiunt,
429 580 575 618 idcirco
606 580 804 618 affirmant
834 582 1030 618 neminem
1061 582 1187 619 adhuc
1218 583 1411 620 exstitisse
1443 584 1669 631 sapientem.
1713 584 1900 628 Quoniam

168 639 294 688 igitur
313 640 425 676 nulla
445 642 507 677 est
537 640 659 688 (apud
679 640 883 677 Platonem
907 641 1082 678 Socrates
1106 638 1217 693 dicit)
1249 642 1419 679 humana
1450 643 1659 691 sapientia,
1694 656 1902 691 sequamur

170 710 264 749 ergo
286 698 462 736 divinam
484 699 640 746 Deoque
672 699 818 748 gratias
852 712 1026 749 agamus,
1060 702 1128 747 qui
1151 713 1235 738 eam
1255 701 1368 738 nobis
1391 704 1429 739 et
1451 702 1643 739 revelavit
1664 705 1703 739 et
1724 702 1900 739 tradidit.

169 769 212 794 ac
231 758 348 795 nobis
369 758 625 807 gratulemur,
650 758 752 806 quod
775 759 981 796 veritatem
1003 771 1045 796 ac
1068 760 1301 808 sapientiam
1324 761 1479 798 coelesti
1501 761 1687 799 beneficio
1710 764 1901 799 tenemus.

171 829 286 864 quam
308 819 370 855 tot
390 817 580 866 ingeniis,
613 819 675 854 tot
705 817 902 855 aetatibus
933 818 1165 865 requisitam
1186 819 1471 868 philosophiam
1499 816 1539 871 (f.
1563 820 1902 869 philosophorum)

169 888 282 913 nemo
303 875 438 925 potuit-
457 876 645 915 invenire.
657 882 674 899 «

288 958 542 995 Abstinemus
564 958 605 995 in
627 958 729 995 facto
752 958 927 996 evidenti
949 959 996 996 ab
1018 960 1185 996 aliorum
1207 960 1444 997 testimoniis
1466 958 1506 1012 ¹).
1549 961 1634 998 Jam
1667 974 1757 998 vero
1780 962 1902 1011 magi-

170 1019 333 1056 sterium
355 1017 618 1055 dissonum
642 1021 681 1054 et
704 1017 870 1055 dubium
893 1018 939 1054 de
961 1019 1181 1067 praecipuis
1204 1019 1459 1063 veritatibus,
1494 1032 1590 1067 quas
1617 1020 1753 1057 docere
1777 1019 1902 1057 debet.

171 1079 307 1126 aptum
329 1089 409 1114 non
429 1078 490 1114 est
511 1076 560 1114 ad
582 1076 819 1126 gignendam
841 1077 882 1113 in
904 1077 991 1114 aliis
1014 1077 1129 1114 firm
1143 1091 1211 1114 am
1234 1079 1525 1126 persuasionem
1546 1081 1585 1116 et
1606 1079 1732 1116 fidem.

287 1133 329 1176 2.
351 1136 579 1184 Philosophi
600 1132 754 1173 etiamsi
774 1136 881 1173 inter
902 1149 940 1174 se
963 1137 1260 1176 consensissent,
1296 1150 1375 1174 non
1396 1138 1565 1174 fuissent
1586 1138 1717 1175 idonei
1738 1138 1785 1174 ad
1807 1138 1902 1174 alios

169 1195 446 1239 instituendos,
480 1195 573 1243 quia
603 1207 739 1232 eorum
770 1195 852 1232 vita
874 1195 1032 1233 dissona
1052 1196 1168 1245 plane
1199 1199 1282 1233 erat
1305 1210 1326 1233 a
1348 1196 1533 1234 doctrina.
1578 1196 1660 1240 Qua
1682 1197 1729 1233 de
1751 1209 1792 1233 re
1815 1208 1904 1233 con-

171 1254 350 1302 queritur
365 1255 450 1303 jam
470 1254 553 1303 ipse
575 1254 748 1292 Cicero
773 1251 814 1306 (l.
837 1267 866 1291 c.
896 1262 927 1298 l,
954 1254 1017 1303 4):
1054 1255 1232 1299 »Quotus
1264 1256 1432 1304 quisque
1453 1256 1773 1304 philosophorum
1796 1256 1904 1292 inve-

169 1313 292 1359 nitur,
315 1314 384 1362 qui
406 1313 458 1351 sit
478 1313 534 1350 ita
554 1316 742 1359 moratus
765 1313 822 1350 ita
843 1314 972 1350 animo
996 1326 1038 1350 ac
1060 1315 1143 1351 vita
1164 1315 1414 1360 constitutus,
1438 1317 1484 1352 ut
1505 1315 1603 1352 ratio
1626 1315 1812 1363 postulat.
1836 1314 1906 1361 qui

170 1372 418 1421 disciplinam
441 1385 551 1410 suam
572 1385 651 1410 non
673 1373 976 1410 ostentationem
1000 1373 1196 1416 scientiae,
1221 1374 1286 1410 sed
1309 1374 1434 1423 legem
1456 1374 1559 1411 vitae
1582 1377 1697 1422 putet
1708 1376 1724 1410 ’ἓ
1747 1373 1815 1421 qui
1837 1374 1904 1410 ob-

170 1434 364 1480 temperet
383 1432 467 1480 ipse
489 1431 567 1469 sibi
589 1434 629 1469 et
650 1431 818 1469 decretis
842 1432 923 1468 suis
944 1434 1107 1480 pareat?
1140 1432 1278 1470 Videre
1310 1433 1403 1470 licet
1431 1433 1524 1470 alios
1556 1436 1665 1470 tanta
1686 1432 1844 1470 levitate
1867 1436 1905 1469 et

165 1492 390 1540 jactatione,
415 1491 470 1528 eis
492 1493 539 1528 ut
560 1491 681 1528 fuerit
702 1503 782 1527 non
805 1490 989 1528 didicisse
1011 1492 1174 1530 melius:
1209 1492 1304 1529 alios
1334 1491 1523 1540 pecuniae
1546 1492 1727 1540 cupidos,
1759 1492 1904 1540 gloriae

170 1551 394 1595 nonnullos,
417 1550 564 1587 multos
584 1549 797 1587 libidinum
829 1562 982 1595 servos.
1015 1553 1061 1587 ut
1092 1563 1181 1587 cum
1213 1563 1346 1588 eorum
1377 1551 1459 1588 vita
1489 1551 1727 1588 mirabiliter
1756 1555 1905 1600 pugnet

171 1609 314 1655 oratio,
346 1610 451 1658 quod
473 1609 569 1646 mihi
588 1609 746 1646 videtur
766 1610 1083 1658 turpissimum«
1129 1636 1146 1653 ,>
1157 1609 1231 1653 Qui
1255 1612 1387 1647 autem
1409 1609 1549 1647 docent
1570 1612 1737 1654 tantum,
1772 1610 1906 1646 subdit

170 1669 481 1706 Lactantius
503 1669 527 1705 l.
551 1680 580 1705 c.
604 1680 633 1705 c.
664 1675 726 1714 16,
749 1680 821 1705 nec
843 1668 1006 1714 faciunt,
1041 1668 1117 1717 ipsi
1148 1669 1365 1717 praeceptis
1390 1668 1472 1706 suis
1496 1669 1707 1706 detrahunt
1729 1668 1904 1717 pondus:

172 1728 261 1776 quis
283 1728 387 1765 enim
409 1728 663 1776 obtemperet,
687 1739 774 1765 cum
799 1727 876 1775 ipsi
898 1732 1167 1775 praeceptores
1191 1728 1353 1764 doceant
1375 1740 1454 1764 non
1477 1728 1626 1775 obtemi‘
1637 1741 1743 1765 erare
1758 1730 1774 1763 ’ἓ
1786 1733 1802 1751 «

289 1784 333 1826 3.
364 1787 560 1824 Ponamus
591 1787 844 1835 philosophos
867 1787 970 1823 inter
993 1799 1032 1824 se
1055 1787 1101 1824 de
1124 1787 1341 1835 praecipuis
1372 1787 1520 1824 ordinis
1542 1787 1700 1824 moralis
1726 1779 1903 1823 veritati·
1960 1814 1967 1822 .

171 1847 244 1884 bus
266 1846 507 1884 consensisse
529 1846 770 1894 conspirasse
801 1858 936 1883 eorum
962 1846 1085 1883 vitam
1108 1858 1264 1894 quoque
1287 1858 1374 1883 cuin
1406 1846 1643 1894 praeceptis:
1678 1872 1695 1890 „
1708 1845 1774 1882 sed
1804 1846 1905 1883 nihil

168 1905 365 1955 ponderis,
388 1907 500 1942 notat
520 1904 828 1941 Lactantius
850 1905 900 1941 ib.
924 1917 954 1941 c.
972 1911 1037 1950 27,
1062 1905 1208 1942 habent
1229 1905 1298 1942 illa
1318 1908 1523 1953 praecepta
1539 1904 1604 1957 (ab
1618 1905 1715 1953 ipsis
1730 1902 1903 1945 tradita).

170 1965 262 2014 quia
283 1966 377 2001 sunt
398 1964 569 2001 humana
598 1966 638 2001 et
659 1964 893 2001 auctoritate
914 1964 1065 2012 majori,
1088 1964 1129 2000 id
1151 1966 1212 2000 est
1233 1964 1375 2002 divina.
1408 1964 1477 2000 illa
1499 1966 1642 2002 carent.
1686 1965 1807 2001 Nemo
1830 1964 1904 2013 igi-

169 2025 236 2061 tur
257 2023 392 2069 credit,
415 2023 507 2071 quia
528 2024 609 2059 tarn
631 2035 671 2060 se
693 2023 891 2060 hominem
912 2026 1027 2071 putat
1049 2035 1134 2060 esse
1157 2023 1226 2071 qui
1248 2023 1370 2067 audit,
1394 2035 1510 2070 quam
1533 2026 1593 2060 est
1615 2023 1683 2060 ille
1705 2023 1773 2071 qui
1794 2035 1904 2071 prae-

170 2083 313 2133 cipit3‘
346 2083 530 2120 carebant
561 2082 640 2119 scil.
672 2082 898 2119 authentica
928 2082 1116 2119 missione
1143 2084 1181 2119 et
1203 2082 1435 2126 autoritate,
1469 2095 1545 2130 qua
1575 2083 1721 2131 vulgus
1752 2094 1905 2119 movere

168 2141 388 2191 potuerint:
411 2155 501 2179 nam
523 2141 743 2190 philosophi
767 2153 843 2189 qua
866 2142 965 2178 tales
988 2154 1067 2179 non
1089 2141 1333 2185 auctoritate,
1358 2141 1425 2178 sed
1439 2141 1594 2178 ratione
1609 2143 1767 2178 tantum
1790 2153 1905 2190 argu-

170 2201 395 2249 mentisque
417 2201 567 2245 docent,
591 2201 660 2249 qui
683 2200 846 2237 docendi
865 2201 1006 2237 modus
1028 2201 1162 2249 generi
1193 2201 1362 2237 humano
1385 2200 1428 2236 in
1449 2200 1671 2249 cognitione
1692 2202 1773 2236 tam
1794 2211 1904 2248 prac-

169 2261 257 2307 tica,
282 2273 304 2297 a
325 2273 402 2309 qua
422 2259 565 2308 pendet
590 2261 675 2296 tota
697 2259 799 2296 vitae
821 2259 1014 2297 humanae
1037 2260 1251 2298 institutio.
1275 2272 1354 2296 non
1377 2260 1435 2296 est
1452 2259 1773 2296 accommodatus.
1797 2259 1903 2302 Quod

171 2319 204 2356 si
226 2319 356 2415 εὛε,
385 2318 638 2368 philosophos
671 2320 733 2355 sat
763 2329 897 2355 exosos
928 2319 1048 2356 fuisse
1078 2319 1224 2367 populo
1258 2330 1400 2366 eosque
1430 2317 1600 2354 vicissim
1626 2317 1903 2365 contempsisse

168 2378 280 2427 profa
309 2391 378 2415 um
398 2378 565 2427 vulgus:
588 2377 835 2414 manifestum
857 2379 929 2423 est,
953 2390 1017 2415 eos
1041 2390 1119 2415 non
1141 2377 1261 2414 fuisse
1274 2389 1385 2426 pares
1400 2377 1446 2413 ad
1461 2376 1677 2413 docendum
1690 2377 1903 2412 humanum

170 2450 294 2487 genus
317 2437 498 2485 illudque
511 2437 774 2474 revocandum
789 2449 835 2473 ex
848 2437 1072 2476 universali.
1097 2437 1138 2473 in
1153 2449 1271 2484 quam
1286 2436 1511 2484 prolapsum
1527 2438 1620 2480 erat,
1645 2435 1903 2482 corruptione.

169 2497 273 2534 Hinc
301 2496 419 2534 etiam
450 2495 595 2533 nullibi
625 2507 690 2532 eos
722 2495 872 2543 aliquid
902 2496 1147 2544 praestitisse
1179 2496 1226 2532 ad
1258 2507 1419 2532 suorum
1442 2494 1749 2531 emendationem
1774 2493 1834 2530 vel
1857 2493 1902 2529 ad

169 2555 242 2592 Dei
270 2555 390 2592 unius
421 2554 684 2604 cognitionem
714 2554 1017 2603 promovendam
1048 2554 1229 2604 legimus.
1273 2553 1397 2597 Quare
1420 2553 1658 2590 necessarius
1689 2553 1803 2600 plane
1825 2551 1901 2587 suit

171 2614 348 2663 specialis
370 2614 440 2651 Dei
460 2615 707 2651 interventus
731 2625 799 2650 seu
819 2613 1008 2651 revelatio
1031 2613 1175 2653 divina.
1197 2613 1334 2650 Merito
1350 2625 1440 2661 ergo
1456 2612 1574 2649 Pius
1597 2612 1660 2649 IX.
1682 2610 1902 2658 reprobavit

172 2672 323 2722 Syllabi
343 2686 452 2722 prop.
478 2679 521 2713 3:
547 2698 564 2716 »
574 2672 755 2709 Humana
776 2672 890 2717 ratio,
913 2673 1023 2709 nullo
1046 2684 1205 2721 prorsus
1229 2672 1299 2708 Dei
1319 2675 1498 2718 respectu
1520 2670 1664 2709 habito.
1688 2669 1828 2706 unicus
1844 2677 1900 2705 est

170 2732 255 2769 veri
276 2734 317 2769 et
337 2731 437 2777 falsi,
460 2731 554 2768 boni
576 2733 614 2768 et
635 2731 730 2768 mali
752 2731 909 2776 arbiter,
942 2731 1015 2768 sibi
1046 2731 1123 2780 ipsi
1155 2733 1215 2768 est
1239 2731 1298 2767 lex
1321 2732 1360 2767 et
1381 2729 1627 2766 naturalibus
1650 2728 1732 2765 suis
1754 2727 1902 2764 viribus
1936 2766 1944 2777 ι

172 2790 220 2826 ad
241 2790 443 2828 hominum
465 2802 507 2828 ac
527 2790 765 2839 populorum
778 2790 926 2827 bonum
940 2790 1158 2827 curandum
1174 2789 1318 2826 sufficit
1331 2804 1338 2833 ;
1351 2794 1367 2811 «
1392 2792 1429 2825 et
1447 2795 1469 2827 -1
1485 2801 1491 2823 :
1518 2814 1534 2831 »
1547 2788 1687 2824 Omnes
1703 2785 1901 2834 religioni<

317 2917 344 2959 ¹)
364 2915 416 2952 Cf.
434 2915 474 2949 in
491 2915 677 2958 opusculis
705 2927 725 2949 a
752 2916 859 2949 nobis
879 2915 986 2949 editis
1005 2914 1184 2948 Miniitius
1203 2914 1338 2948 Felix
1366 2913 1403 2946 in
1424 2913 1574 2946 Octavio
1594 2925 1626 2944 11.
1647 2916 1666 2945 5
1686 2922 1728 2943 ss.
1749 2915 1783 2942 et
1804 2922 1836 2942 11.
1863 2912 1899 2941 1ὶὲ

173 2970 201 3003 t.
220 2969 305 3007 XV;
324 2968 673 3002 Tertullianus
690 2968 730 3001 in
749 2968 982 3012 Apologetici
1001 2966 1369 3002 e.37n.149t.X[x;
1389 2966 1444 2998 La
1459 2965 1678 2998 (1111111115-
1696 2963 1764 2995 div.
1786 2962 1899 2994 indit.

173 3021 235 3064 ΙΙΙ,
255 3025 297 3055 15
317 3033 365 3059 s.;
396 3021 457 3060 IV,
481 3023 540 3059 13;
558 3021 602 3059 V,
624 3023 684 3057 18:
713 3021 1052 3055 Theo'doretus
1080 3031 1186 3054 serm.
1208 3024 1247 3054 11
1267 3020 1311 3052 de
1330 3029 1451 3063 graec.
1471 3019 1588 3050 affec-t.
1610 3018 1722 3049 turklt.
1743 3017 1810 3047 etc.
1848 3014 1898 3046 (Ὺ.

173 3074 440 3119 Hettinger
457 3074 491 3106 cl.
512 3077 574 3112 11;
595 3073 802 3108 Perrone
820 3075 933 3118 prael.
952 3073 1065 3108 theol.
1085 3076 1110 3106 t.
1136 3078 1145 3106 l
1169 3085 1203 3117 p.
1227 3078 1240 3106 1
1264 3085 1290 3106 c.
1315 3076 1344 3105 1.
