2175 3382
67 1902 150 1959 ες
216 1896 343 1948 justis
365 1894 578 1936 constabit
600 1899 641 1936 et
663 1895 833 1937 sanctis,

217 148 301 190 408
480 142 598 178 Timet.
617 142 678 176 111.
698 142 743 175 de
760 142 933 186 primatu.
953 140 1139 186 Principia
1158 140 1205 175 ad
1223 140 1417 175 solvendas
1436 140 1684 175 difficultates.

218 274 435 304 cessorum
458 262 609 314 agendi
633 262 810 310 ratione,
838 273 966 314 quam
989 260 1188 301 universa
1211 258 1413 312 probavit
1434 258 1634 307 Ecclesia,
1666 260 1817 301 merito
1839 260 1956 302 colli-

217 335 326 387 gitur
347 332 498 385 agendi
521 333 630 373 ratio
646 332 1025 385 praedecessorum
1049 330 1114 372 vel
1137 330 1289 371 saltem
1307 330 1389 382 jus.
1413 330 1611 370 Ceterum
1635 330 1755 382 plura
1776 331 1956 384 antiqui-

218 406 315 446 tatis
338 409 617 446 monumenta
639 405 827 457 periere;
856 416 906 445 ex
930 403 1078 456 paucis
1101 413 1214 449 vero,
1239 413 1350 455 quae
1375 405 1615 454 supersunt,
1645 400 1881 450 abunde,
1912 407 1958 443 ut

218 475 412 522 vidimus,
433 475 641 526 colligitur
663 487 941 516 romanorum
965 475 1208 526 praesulum
1231 473 1449 525 primatus.

334 547 376 591 4.
411 543 526 588 Ordo
561 545 896 599 supernaturalis
931 550 1192 598 externaque
1228 544 1442 585 Ecclesiae
1478 542 1607 584 iacies
1639 542 1879 595 plurimum,
1912 549 1958 585 ut

218 629 293 670 per
314 630 360 659 se
382 622 498 670 patet
522 617 745 670 multisque
768 616 972 668 exemplis
994 616 1243 669 ostenditur,
1268 614 1322 656 ab
1347 614 1494 655 ordine
1517 613 1701 654 naturali
1722 613 1890 666 pendet,
1911 619 1959 656 ut

219 690 362 730 anima
392 691 434 729 in
466 689 554 729 suis
586 687 871 729 functionibus
904 699 929 728 a
961 687 1151 739 corporis
1183 686 1438 729 valetudine.
1482 684 1587 726 Hinc
1618 685 1726 726 ratio
1759 684 1958 734 redditur,

220 771 352 812 quare
375 759 732 812 persecutionum,
763 757 983 799 bellorum.
1018 757 1241 798 turbarum
1264 762 1341 799 etc.
1375 761 1568 808 tempore
1599 756 1738 797 minus
1768 755 1958 809 resplen-

218 830 356 872 duerit
370 831 587 883 primatus,
611 829 812 871 effulserit
826 841 928 869 vero
944 834 1135 881 tempore
1150 829 1267 880 pacis
1285 827 1364 869 sub
1379 825 1708 880 imperatoribus
1730 826 1809 879 piis
1832 827 1958 883 (sicut

220 902 310 954 ipsa
324 901 523 949 Ecclesia,
547 901 581 941 si
597 905 818 941 externum
834 904 1001 952 spectes
1017 899 1331 955 splendorem):
1356 910 1455 939 nam
1478 903 1521 939 et
1542 897 1617 946 sol,
1639 899 1682 938 in
1703 909 1750 939 se
1771 897 1958 951 alioquin

219 971 299 1013 sibi
331 984 500 1024 semper
534 971 657 1018 idem,
692 983 779 1012 non
814 970 997 1011 eundem
1029 970 1177 1023 quavis
1209 974 1466 1022 tempestate
1498 970 1650 1011 emittit
1675 968 1956 1022 splendorem.

220 1044 410 1096 Cumque
433 1042 561 1084 modo
585 1043 771 1083 maxime
796 1042 1040 1094 expeditum
1063 1042 1117 1082 sit
1139 1041 1444 1082 commercium
1467 1041 1625 1082 sociale
1647 1041 1756 1081 inter
1777 1039 1958 1093 populos

219 1114 283 1156 vel
299 1114 620 1161 remotissimos,
644 1114 796 1154 mirum
812 1125 981 1166 quoque
1004 1125 1098 1154 esse
1121 1124 1208 1153 non
1232 1112 1371 1160 debet,
1393 1112 1429 1153 si
1449 1112 1657 1164 primatus
1679 1124 1803 1153 suum
1825 1111 1960 1163 attigit

221 1185 443 1237 fastigium.
476 1184 589 1237 quod
621 1185 772 1225 attinet
803 1184 893 1237 ejus
925 1197 1079 1225 munus
1111 1183 1343 1225 revocandi
1363 1183 1393 1238 ¹)
1425 1182 1479 1224 ad
1511 1183 1730 1231 unitatem,
1760 1182 1831 1235 qui
1861 1185 1960 1222 sunt

220 1256 406 1309 undique
428 1260 624 1308 pastores
647 1260 688 1296 et
711 1267 823 1297 oves.

337 1328 378 1371 ὃ.
404 1326 621 1379 Principes
644 1331 686 1367 et
706 1326 883 1376 nobiles,
906 1327 991 1367 imo
1016 1330 1058 1367 et
1079 1326 1198 1379 plebs
1215 1325 1471 1378 quandoque
1485 1324 1654 1376 regibus
1669 1323 1960 1367 adversantur.

220 1398 527 1446 contradicunt,
562 1398 777 1446 resistunt,
812 1397 867 1438 ad
900 1397 1168 1438 revocandas
1203 1408 1373 1450 quoque
1406 1396 1521 1449 leges
1551 1395 1781 1448 impellunt.
1822 1393 1959 1436 Nemo

219 1475 362 1510 tamen
385 1469 536 1510 exinde
558 1467 720 1517 inferet,
754 1480 902 1510 carere
933 1468 1029 1521 jure
1060 1480 1182 1520 reges
1220 1468 1334 1520 leges
1355 1467 1528 1515 ferendi,
1558 1466 1625 1508 vel
1655 1465 1848 1507 subditos
1864 1465 1960 1519 ,iure

219 1552 345 1593 agere
367 1552 456 1581 suo.
492 1539 632 1591 Quare
655 1551 791 1593 aeque
805 1543 1128 1592 praeposterum
1154 1539 1233 1580 erit
1255 1550 1307 1580 ex
1329 1550 1393 1587 eo,
1416 1538 1530 1591 quod
1551 1548 1860 1590 nonnunquam
1882 1535 1959 1577 ali-

221 1612 291 1664 qui
326 1612 514 1664 episcopi
547 1612 738 1652 romanis
773 1611 1004 1652 restiterint
1036 1609 1316 1663 praesulibus,
1357 1609 1524 1658 inferre,
1567 1609 1646 1650 hos
1687 1607 1768 1649 sibi
1803 1606 1961 1660 aliquid

219 1687 389 1735 praeter
419 1682 482 1723 fas
508 1682 661 1735 jusque
693 1693 936 1734 usurpasse,
967 1680 1035 1722 vel
1065 1680 1158 1721 illos
1187 1680 1283 1733 jure
1316 1680 1452 1732 egisse
1477 1679 1731 1732 romanique
1751 1677 1960 1731 pontificis

220 1754 449 1806 primatum
473 1753 640 1806 penitus
663 1764 854 1805 negasse.
897 1750 1009 1793 Nihil
1032 1752 1144 1793 enim
1170 1756 1234 1792 est
1256 1751 1365 1792 adeo
1389 1755 1585 1792 sanctum
1607 1750 1650 1791 in
1672 1748 1873 1799 Ecclesia,
1894 1749 1963 1790 cui

221 1837 308 1865 non
329 1836 374 1866 se
396 1825 673 1877 opposuerint
696 1824 845 1877 aliqui3
867 1835 1087 1876 nunquam
1107 1822 1307 1865 Ecclesia.
1330 1821 1534 1875 quamdiu
1557 1825 1622 1862 est
1643 1820 1840 1869 militans.¹
1862 1819 1963 1861 solis

342 1988 437 2022 :585.
461 1978 692 2023 Scholion
716 1979 754 2022 I.
798 1981 993 2030 Objicitur
1025 1992 1106 2019 can.
1132 1987 1184 2020 28
1216 1992 1320 2018 conc.
1343 1978 1776 2017 chalcedonensis
1798 1990 1831 2015 a.
1856 1984 1962 2017 451:

223 2067 240 2084 2,
252 2041 482 2078 Sanctorum
502 2042 655 2079 decreta
676 2041 823 2089 ubique
838 2043 1046 2088 sequentes
1063 2041 1101 2077 et
1116 2051 1314 2085 canonem,
1335 2038 1404 2087 qui
1420 2051 1541 2087 super
1554 2038 1680 2076 lectus
1695 2039 1765 2083 est,
1786 2043 1864 2077 150
1880 2036 1963 2086 epi-

222 2112 426 2149 scoporum
450 2099 571 2151 (conc.
595 2100 662 2138 GP.
687 2113 718 2137 a.
744 2097 844 2150 381)
867 2101 1136 2149 agnoscentes,
1164 2098 1297 2136 eadem
1320 2110 1477 2146 quoque
1499 2100 1538 2134 et
1559 2109 1629 2134 nos
1652 2096 1898 2134 decernimus
1921 2107 1963 2132 ac

223 2159 433 2196 statuimus
465 2160 511 2196 de
542 2158 762 2209 privilegiis
794 2158 978 2196 ecclesiae
1000 2158 1068 2195 GP.
1091 2170 1214 2195 novae
1238 2158 1389 2195 Romae.
1432 2156 1588 2194 Etenim
1616 2155 1800 2204 antiquae
1821 2155 1963 2192 Romae

221 2218 361 2255 throno
383 2218 561 2266 aequalia
582 2218 791 2268 privilegia
811 2218 1052 2262 tribuerunt,
1074 2219 1178 2254 recte
1195 2216 1420 2266 judicantes
1443 2215 1593 2260 urbem,
1618 2227 1718 2263 quae
1739 2216 1779 2252 et,
1799 2213 1963 2262 imperio

223 2279 261 2314 et
284 2281 421 2314 senatu
443 2278 636 2315 honorata
659 2277 723 2323 sit,
747 2280 786 2314 et
807 2276 1037 2325 aequalibus
1060 2288 1149 2314 cum
1171 2275 1448 2325 antiquissima
1461 2274 1597 2324 regina
1610 2274 1730 2312 Roma
1743 2271 1964 2322 privilegiis

222 2335 388 2375 fruatur.
421 2336 542 2374 etiam
573 2337 614 2373 in
644 2336 761 2373 rebus
791 2335 1065 2374 ecclesiasticis
1085 2345 1165 2372 non
1187 2347 1297 2373 secus
1320 2347 1363 2373 ac
1384 2334 1493 2372 illam
1515 2333 1651 2371 extolli
1672 2345 1715 2371 ac
1734 2331 1964 2382 magnifieri,

222 2395 431 2432 secundam
452 2399 543 2444 post
564 2396 675 2432 illam
697 2395 951 2433 exsistentem
975 2397 1076 2432 etc.<i
1119 2394 1415 2443 Respondemus
1436 2404 1478 2434 a.
1500 2405 1685 2431 canonem
1707 2405 1729 2429 a
1749 2391 1914 2429 Leone
1934 2390 1964 2427 Ι.

222 2453 346 2491 fuisse
368 2454 621 2504 reprobatum
651 2454 817 2503 ideoque
850 2466 978 2492 carere
1000 2453 1246 2499 auctoritate,
1280 2453 1467 2501 ipsosque
1488 2454 1620 2501 patres
1642 2450 1964 2489 chalcedonenses

223 2513 427 2562 agnovisse
458 2513 696 2550 eminentem
728 2513 827 2551 sedis
851 2525 1034 2551 romanae
1056 2513 1333 2550 auctorit-atem
1354 2524 1473 2561 super
1493 2511 1720 2549 universam
1739 2508 1963 2553 Ecclesiam,

223 2574 270 2609 ut
299 2584 503 2620 nunquam
536 2571 739 2609 crederent
770 2573 970 2621 aequalem
1004 2584 1045 2609 se
1079 2583 1252 2609 asserere
1274 2583 1391 2620 posse
1413 2571 1496 2608 sedi
1517 2568 1965 2618 constantinopolitanae

225 2629 296 2682 (th.
323 2636 374 2670 78
396 2644 434 2680 p.
452 2628 506 2681 3).
529 2630 654 2675 Quare
671 2629 716 2672 b.
733 2644 919 2669 canonem
942 2643 1025 2668 esse
1046 2630 1352 2681 intelligendum
1375 2629 1422 2667 de
1439 2629 1599 2679 juribus
1620 2626 1965 2677 patriarchalibus:

225 2702 302 2738 quo
334 2690 450 2726 etiam
484 2702 599 2726 sensu
632 2702 722 2727 eum
744 2690 982 2728 intellexisse
1003 2690 1163 2728 videtur
1185 2703 1214 2727 s.
1236 2690 1323 2727 Leo.
1364 2688 1502 2737 Neque
1523 2688 1627 2725 enim
1647 2687 1763 2724 illum
1783 2685 1966 2735 reprobat

224 2761 411 2797 unquam,
436 2748 539 2797 quod
563 2748 793 2787 adversetur
813 2749 1002 2798 primatui
1024 2749 1128 2786 sedis
1151 2760 1345 2793 romanae,
1376 2748 1443 2786 sed
1465 2746 1570 2796 quod
1591 2749 1813 2795 opponatur
1833 2756 1917 2784 can.
1941 2750 1964 2784 6

225 2819 325 2845 conc.
357 2807 510 2845 nicaeni
541 2806 587 2844 de
620 2807 778 2845 sedibus
810 2808 1150 2856 patriarchalibus.
1198 2808 1386 2845 Fatemur
1417 2816 1459 2847 (3.
1492 2817 1678 2843 canonem
1708 2803 1966 2853 ambiguitate

224 2867 434 2904 verborum
455 2865 604 2903 involvi
626 2866 802 2914 falsoque
823 2867 899 2904 niti
922 2867 1138 2916 supposito,
1162 2866 1367 2904 cathedrae
1388 2877 1570 2903 romanae
1591 2863 1799 2914 privilegia
1813 2861 1967 2900 fundari

371 3005 397 3050 ι)
415 3004 510 3038 Hinc
523 3004 618 3038 forte
629 3003 739 3037 etiam
755 3005 1009 3048 repetendum,
1026 3016 1109 3039 cum
1125 3004 1203 3039 scil.
1218 3003 1404 3048 prioribus
1414 3002 1601 3036 Ecclesiae
1611 3001 1744 3035 seculis
1754 3000 1845 3034 adeo
1855 2998 1968 3033 fuerit

225 3057 448 3102 impeditum
466 3056 726 3091 commercium
745 3056 843 3090 inter
860 3057 980 3091 varias
997 3057 1179 3102 regiones,
1198 3057 1298 3101 quod
1317 3055 1456 3101 majora
1485 3055 1590 3088 erant
1616 3052 1912 3098 patriarcharum
1930 3053 1968 3085 et

225 3110 545 3155 metropolitarum
557 3110 642 3151 jura
660 3112 772 3152 atque
792 3109 999 3153 privilegia.
1018 3120 1129 3153 quam
1147 3109 1256 3144 modo
1274 3109 1360 3143 sint.
