2175 3382
758 123 904 158 nullum
930 123 1048 158 edidit
1066 123 1331 159 definitionem.
1829 131 1915 172 453

291 256 331 286 a.
354 254 406 283 ex
428 253 639 283 consensu
661 242 1007 294 gravissimorum
1030 242 1328 294 theologorum
1353 243 1481 284 etiam
1506 245 1803 293 recentiorum,
1827 257 1911 286 non

170 313 309 354 solum
331 324 620 361 romanorum,
643 312 717 354 sed
741 317 782 353 et
803 312 1107 364 gallicanorum
1126 313 1180 367 ²);

290 385 337 427 b.
362 395 413 424 ex
436 383 602 424 defectu
624 383 985 435 promulgationis,
1017 394 1117 423 nam
1140 381 1313 423 Honorii
1347 384 1494 424 literae
1533 396 1666 436 usque
1699 385 1751 425 ad
1787 385 1915 437 ipsius

174 458 216 495 et
238 452 371 507 Sergii
393 453 556 495 obitum
578 453 831 509 latebant2):
861 452 935 493 ubi
966 457 1108 493 autem
1132 452 1251 494 deest
1272 453 1575 505 promulgatio.
1598 455 1811 507 quomodo
1835 455 1915 495 dici

170 529 313 578 potest
334 537 438 566 rom.
470 523 712 577 pontificem
746 524 932 564 omnium
968 523 1296 564 christianorum
1330 524 1513 575 pastoris
1539 536 1588 564 ac
1616 524 1801 565 doctoris
1823 539 1914 566 mu-

172 607 275 637 nere
297 594 410 647 sungi
432 607 483 636 ac
505 594 742 635 doctrinam
773 593 825 635 de
856 592 937 635 fide
969 593 1035 634 vel
1057 593 1247 634 moribus
1270 593 1324 634 ab
1356 594 1514 635 unive
1528 607 1580 635 rs
1597 607 1623 635 a
1644 594 1831 636 Ecclesia
1854 602 1914 637 te-

173 666 360 708 nendam
382 666 567 714 definire,
589 666 632 706 in
655 677 737 718 quo
761 670 927 706 tantum
949 677 1053 706 casu
1075 664 1301 705 infallibilis
1323 666 1659 717 pronunciatur?

293 750 332 781 c.
356 736 478 778 Patet
500 748 551 777 ex
577 737 677 788 ipsis
699 735 875 777 Honorii
896 736 1037 777 verbis
1059 747 1123 788 ep.
1148 740 1194 779 2:
1243 735 1516 786 „Auferentes
1542 748 1654 788 ergo.
1678 737 1787 777 sicut
1809 737 1913 777 dixi-

173 820 281 856 mus,
303 806 552 848 scandalum
574 806 768 847 novellae
791 807 1116 860 adinventionis,
1147 819 1233 847 non
1265 819 1343 847 nos
1377 811 1543 859 oportet
1568 819 1698 847 unam
1720 807 1785 847 vel
1809 807 1913 848 duas

174 879 446 931 operationes
469 877 717 918 definientes
739 877 988 930 praedicare
1011 882 1133 925 etc.;“
1173 882 1214 918 et
1235 878 1277 918 in
1302 889 1363 930 ep.
1387 878 1539 930 priori:
1578 877 1747 927 „Utrum
1771 883 1912 919 autem

173 954 346 1002 propter
370 960 501 1000 opera
524 948 753 988 divinitatis
777 952 818 989 et
838 948 1114 989 humanitatis
1142 960 1227 989 una
1251 961 1306 988 an
1328 948 1521 1001 geminae
1545 949 1815 1000 operationes
1839 949 1912 989 de-

174 1019 306 1060 beant
328 1018 546 1060 derivatae
569 1018 651 1058 dici
672 1018 738 1059 vel
760 1018 943 1070 intelligi,
977 1018 1030 1058 ad
1051 1030 1131 1059 nos
1153 1019 1233 1059 ista
1256 1019 1467 1071 pertinere
1490 1031 1575 1059 non
1599 1019 1765 1069 debent,
1787 1019 1911 1060 relin-

174 1096 352 1143 quentes
376 1101 428 1130 ea
451 1089 772 1142 grammaticiS.“
802 1088 907 1129 Hinc
929 1088 1076 1129 nullibi
1097 1089 1322 1141 praecipit;
1344 1089 1539 1130 hortatur
1561 1095 1726 1130 tantum
1749 1095 1790 1131 et
1812 1103 1914 1131 con-

177 1161 275 1202 sulit
296 1159 596 1201 abstinendum
619 1171 711 1200 esse
734 1172 760 1200 a
781 1159 992 1200 vocabulo
1015 1160 1139 1200 unius
1161 1159 1228 1200 vel
1250 1160 1425 1212 duplicis
1448 1160 1688 1201 voluntatis.

295 1233 338 1275 d,
360 1230 507 1283 Neque
531 1229 700 1283 Sergius
723 1230 1012 1282 postulaverat
1035 1230 1131 1271 fidei
1153 1230 1454 1280 definitionem,
1477 1231 1551 1272 sed
1573 1237 1737 1273 tantum
1762 1232 1913 1273 silentii

174 1302 442 1343 oeconomici
473 1301 615 1354 quoad
646 1312 773 1342 voces
805 1302 928 1342 unius
959 1301 1025 1341 vel
1057 1301 1232 1353 duplicis
1264 1303 1524 1354 operationis
1549 1303 1913 1355 approbationem,

172 1384 353 1426 eamque
375 1372 483 1414 adeo
507 1377 656 1421 astute,
679 1376 724 1412 ut
746 1371 854 1412 mira
876 1372 1008 1413 videri
1029 1384 1117 1413 non
1138 1372 1292 1413 debeat
1314 1372 1489 1413 Honorii
1511 1373 1716 1426 deceptio,

295 1457 337 1487 e.
362 1443 578 1496 Colligitur
613 1454 665 1483 ex
698 1442 828 1483 literis
859 1442 896 1483 A
907 1443 1164 1495 gathonis
1196 1443 1251 1484 ad
1282 1442 1578 1485 Constantium
1611 1445 1720 1496 imp,
1751 1445 1794 1485 in
1829 1456 1911 1497 qua

178 1518 370 1563 testatur,
402 1526 606 1555 romanos
637 1513 857 1566 pontifices
888 1526 1105 1566 nunquam
1137 1514 1347 1555 destitisse
1380 1515 1543 1556 hortari
1565 1516 1788 1568 episcopos
1810 1527 1912 1556 con-

177 1584 592 1637 stantinopolitanos,
623 1590 690 1634 „ut
712 1596 738 1624 a
758 1584 878 1636 pravi
900 1584 1109 1636 dogmatis
1132 1595 1276 1625 errore
1299 1584 1449 1625 saltem
1472 1591 1633 1627 tacen
1648 1585 1710 1626 do
1734 1586 1912 1627 desiste-

177 1661 305 1705 rent,“
344 1655 496 1708 quibus
518 1655 729 1707 respicere
751 1654 916 1695 videtur
938 1654 1114 1696 Honorii
1136 1655 1336 1708 epistolas
1361 1655 1487 1712 (Mig.
1511 1660 1578 1705 87,
1605 1660 1747 1712 1171).
1800 1655 1910 1697 Nihil

178 1739 278 1778 ergo
301 1725 486 1767 definivit
512 1725 736 1774 Honorius,
759 1725 834 1766 sed
855 1731 1020 1766 tantum
1043 1726 1256 1767 silentium
1278 1726 1604 1767 commendavit.

295 1811 395 1852 436.
429 1811 471 1851 2.
509 1807 692 1849 Honora
726 1808 918 1862 epistolae
952 1808 1111 1856 nullum
1146 1811 1352 1849 continent
1386 1822 1565 1849 errorem
1600 1815 1741 1851 contra
1774 1810 1909 1863 fidem„

178 1880 373 1933 quamvis
395 1892 499 1920 una
513 1892 554 1919 m
578 1879 760 1920 fateatur
781 1880 824 1919 in
846 1879 1011 1920 Christo
1034 1879 1307 1921 voluntatem.
1351 1879 1440 1920 Hoc
1463 1880 1670 1932 colligitur

296 1964 336 1994 a.
370 1961 421 1991 ex
453 1951 698 1991 authentica
734 1951 1082 2002 interpretatione
1113 1951 1346 1992 Joannis
1376 1949 1581 2004 Samponi
1617 1951 1795 2001 abbatis,
1827 1964 1910 2004 quo

177 2034 279 2062 usus
301 2020 439 2061 fuerat
451 2020 664 2061 Honorius
687 2022 729 2061 in
752 2021 1069 2062 conscribendis
1085 2021 1226 2063 literis.
1251 2021 1390 2072 Quare
1413 2035 1444 2064 s,
1459 2022 1495 2062 M
1510 2023 1721 2063 aximus
1743 2023 1786 2062 in
1808 2022 1910 2074 disp.

178 2104 276 2133 cum
298 2091 484 2145 Pyrrho:
524 2090 648 2142 „Quis
670 2091 751 2132 fide
773 2091 933 2143 dignus,
964 2093 1111 2145 inquit,
1140 2092 1379 2133 istiusmodi
1402 2093 1605 2145 epistolae
1628 2095 1847 2146 interpres,
1878 2093 1912 2133 is

177 2163 249 2215 qui
271 2174 367 2203 eam
390 2174 442 2203 ex
463 2174 648 2215 persona
662 2162 836 2204 Honorii
858 2163 1036 2215 scripsit,
1059 2175 1154 2204 cum
1177 2168 1219 2205 et
1241 2163 1380 2205 adhuc
1401 2164 1514 2204 vitae
1537 2168 1753 2216 superstes
1775 2164 1839 2207 sit.
1862 2175 1912 2204 ac

177 2234 250 2287 qui
270 2246 368 2274 cum
391 2234 482 2274 aliis
503 2234 590 2274 suis
611 2233 834 2275 virtutibus
857 2235 1023 2286 pietatis
1046 2234 1314 2286 dogmatibus
1336 2247 1508 2275 omnem
1524 2232 1797 2276 Occidentem
1819 2234 1911 2275 illu-

326 2390 348 2427 ¹)
369 2386 419 2420 Cf.
439 2396 492 2420 ex.
511 2398 566 2431 gr.
584 2386 670 2420 Nat.
689 2386 970 2421 Alexander
988 2387 1032 2420 H.
1050 2386 1088 2420 E.
1109 2387 1195 2420 diss.
1211 2390 1229 2420 2
1245 2386 1284 2420 in
1299 2398 1364 2421 sec.
1380 2386 1448 2420 VlI
1462 2398 1563 2432 prop.
1580 2391 1619 2426 2;
1638 2386 1914 2431 Roncaglia

177 2440 218 2474 in
243 2441 342 2474 notis
370 2440 562 2484 subjectis:
599 2441 950 2474 Thomassinus
978 2440 1063 2474 diss.
1092 2443 1136 2474 20
1162 2441 1201 2474 in
1229 2451 1326 2475 conc.
1346 2441 1395 2475 IV
1424 2454 1457 2475 n.
1486 2444 1528 2476 18
1547 2452 1614 2480 es.;
1641 2439 1911 2475 Ballerinii

178 2504 207 2527 c.
230 2498 272 2529 15
290 2498 306 2535 ἓ
325 2496 346 2529 9
364 2506 399 2527 n.
419 2496 483 2532 35;
503 2492 718 2537 Regniei·
736 2494 779 2527 de
797 2493 892 2528 Eccl.
913 2493 1050 2527 Christi
1067 2496 1154 2528 sect.
1173 2497 1194 2528 3
1213 2504 1240 2528 e.
1260 2497 1291 2528 3.

323 2551 347 2588 2)
366 2546 388 2580 S
402 2546 541 2591 ergiu
553 2561 568 2580 s
587 2547 718 2581 saltem
736 2549 856 2590 quoad
874 2547 966 2581 vixit
984 2557 1058 2580 non
1079 2547 1221 2581 videtur
1239 2548 1283 2580 ad
1302 2546 1458 2582 Honorii
1485 2548 1610 2582 literas
1635 2558 1847 2593 provocasse
1867 2547 1913 2580 ad

178 2611 265 2634 suos
283 2600 497 2634 asserendos
516 2610 674 2637 errores:
702 2600 746 2633 iis
766 2600 925 2644 primum
943 2600 1080 2633 abusus
1099 2601 1155 2633 est
1181 2600 1405 2644 Pyrrhus,
1435 2601 1550 2647 Sergii
1570 2612 1764 2641 successor,
1785 2602 1827 2634 ut
1844 2600 1912 2635 col-

180 2652 330 2698 ligimus
349 2663 391 2687 ex
406 2653 525 2686 verbis
543 2652 564 2687 ‚J
577 2663 596 2686 o
609 2663 630 2686 a
641 2665 665 2686 11
676 2664 700 2685 11
711 2653 723 2686 i
735 2664 749 2686 s
769 2653 830 2687 IV.
850 2654 899 2698 (n.
913 2652 1028 2693 436b)‚
1046 2653 1142 2686 unde
1158 2663 1240 2687 mox
1252 2653 1518 2689 scandalizavit
1532 2665 1657 2689 omnes
1669 2653 1914 2688 occidentale-s⁴

178 2708 313 2750 partes.
349 2706 423 2740 [mo
443 2717 497 2750 ep.
518 2706 635 2739 altera
652 2705 699 2739 ad
718 2706 888 2751 Sergium
906 2707 1065 2750 primum
1084 2706 1230 2740 videtur
1256 2706 1368 2741 fuisse
1394 2708 1541 2752 prolata
1563 2709 1601 2742 in
1625 2719 1724 2742 conc.
1750 2717 1914 2741 oecume·

178 2759 260 2793 nico
279 2759 339 2793 Vl.
358 2764 401 2799 (a.
421 2759 608 2804 630—81).
644 2758 776 2793 Mirum
809 2769 954 2803 quoque
983 2762 1040 2793 est
1067 2770 1130 2804 per
1147 2763 1192 2795 40
1211 2771 1326 2794 annos
1354 2762 1390 2794 et
1409 2760 1508 2794 ultra
1525 2771 1641 2804 usque
1659 2760 1703 2793 ad
1723 2759 1814 2793 illud
1833 2770 1912 2793 con-

179 2812 316 2853 cilium,
334 2811 421 2846 licet:
439 2812 582 2856 saepius
600 2812 711 2846 fuerit
740 2812 924 2846 discussus
951 2822 1050 2846 error
1076 2813 1409 2847 monotheletarum
1439 2815 1476 2848 et
1503 2815 1615 2848 etiam
1634 2814 1840 2853 damnatus,
1869 2812 1914 2845 de

179 2865 340 2900 Honorio
372 2865 523 2909 ejusque
554 2876 662 2909 quam
694 2866 838 2909 fingunt
868 2865 1082 2899 definitione
1111 2865 1250 2899 nullam
1284 2867 1360 2900 fieri
1390 2868 1612 2901 mentionem
1627 2881 1634 2903 :
1667 2869 1702 2901 et
1731 2867 1759 2899 si
1787 2866 1829 2898 de
1848 2865 1911 2898 illo

178 2920 307 2963 postea
323 2918 362 2951 in
381 2918 577 2952 Occidente
595 2918 637 2952 fit
654 2919 807 2958 mentm,
835 2929 916 2951 eum
935 2919 1100 2952 excusari
1118 2919 1164 2952 ab
1184 2930 1314 2954 errore.
1351 2920 1407 2954 Ita
1424 2922 1521 2954 Aen
1533 2932 1550 2954 e
1562 2931 1583 2953 a
1595 2934 1609 2953 s
1636 2920 1745 2964 paris.
1766 2920 1809 2962 (a.
1830 2920 1913 2962 870)

179 2972 203 3008 l.
223 2971 303 3005 adv.
323 2982 476 3015 graecos
496 2971 684 3005 Liberii
704 2972 852 3015 quidem
872 2971 1051 3012 meminit,
1070 2972 1134 3015 qui
1152 2972 1275 3017 lapsus
1294 2973 1351 3013 sit,
1371 2983 1445 3007 non
1463 2983 1548 3007 vero
1568 2973 1599 3006 H
1613 2985 1631 3007 o
1644 2983 1697 3006 no
1713 2972 1773 3005 rii
1793 2971 1911 3015 (Mig.

184 3026 260 3065 121,
279 3025 380 3069 687);
400 3024 451 3057 ita
469 3033 538 3058 sec.
557 3024 653 3060 VIII.
673 3025 721 3058 El
737 3024 782 3068 ip
795 3035 850 3058 an
863 3025 946 3057 dus
965 3024 1086 3069 (Mig.
1105 3026 1162 3065 96,
1179 3026 1275 3071 867).
1309 3025 1394 3060 Alia
1420 3037 1486 3071 pro
1515 3027 1583 3060 hac
1616 3025 1814 3059 assertione
1831 3034 1911 3068 pro-

183 3078 290 3121 ponit:
309 3078 336 3111 O
349 3089 365 3110 1·
378 3077 416 3110 si
435 3077 479 3110 de
497 3078 758 3112 irreformabili
776 3077 816 3111 R.
837 3078 873 3111 P.
887 3077 1026 3122 judicio
1045 3079 1071 3112 t.
1093 3081 1109 3112 1
1128 3091 1165 3123 p.
1186 3083 1198 3113 1
1224 3090 1252 3116 e.
1272 3083 1316 3113 ‘22
1335 3090 1367 3114 a.
1385 3083 1418 3114 ⁶2.
