2175 3382
268 131 320 162 -ης
607 123 724 156 'l'rac-t.
748 123 769 156 1.
790 121 973 166 Apologia
991 121 1094 165 relig.
1113 122 1238 156 chi-ist.
1257 122 1383 156 'l'hesis
1403 121 1445 155 V.
1465 121 1641 156 Miraculzi

269 242 468 294 legendas
490 253 596 291 esse,
631 246 705 282 aut
728 241 931 282 miracula
953 245 1069 282 certo
1093 241 1292 293 cognosci
1314 252 1531 293 nunquam
1554 252 1692 293 posse,
1723 253 1802 283 nec
1824 241 1874 283 iis
1895 241 1999 283 divi-

269 326 368 353 nam
401 313 612 364 religionis
644 312 900 353 christianae
933 312 1138 363 originem
1162 312 1240 352 rite
1263 311 1446 364 probari,
1468 310 1514 352 A.
1538 309 1601 356 S.“
1650 310 1899 353 Miraculum
1920 323 1947 354 a
1967 325 1999 353 5.

267 383 300 422 Τ
313 384 467 424 homa
487 385 518 439 1)
550 382 765 424 definitur:
799 383 1019 432 „Ellectus,
1051 383 1122 436 qui
1153 383 1351 423 divinitus
1382 382 1426 423 sit
1456 387 1626 435 praeter
1657 382 1850 424 ordinem
1881 394 2000 424 com-

268 454 450 495 muniter
473 459 723 496 servatum.“
753 454 845 495 Duo
869 459 967 495 sunt
988 455 1031 494 in
1053 454 1198 506 primis
1220 453 1412 494 miraculi
1434 453 1716 495 characteres.
1747 452 1881 495 Debet
1901 453 2001 495 illud

268 537 362 566 esse
387 526 425 569 l.
449 526 621 567 eftectus
644 525 1114 578 supernaturalis,
1146 525 1216 578 qui
1238 525 1324 565 scil.
1347 524 1526 566 excedat
1547 525 1658 565 vires
1680 528 1722 565 et
1749 525 2002 576 exigentiam

268 601 446 637 naturae
464 597 508 653 ²),
531 597 643 638 unde
666 597 707 637 in
731 596 881 637 divinis
902 596 1031 637 literis
1045 595 1251 636 miracula
1266 607 1394 648 saepe
1408 595 1604 636 dicuntur
1626 596 1883 645 virtutes,
1904 607 2002 648 por-

270 672 406 713 tenta;
428 669 469 711 2.
493 668 618 709 debet
641 679 734 708 esse
758 668 943 715 etl'ectus,
967 667 1037 719 qui
1059 666 1113 706 sit
1135 666 1618 707 extraordinarius
1641 666 1727 709 scil.
1742 671 1910 719 praeter
1931 677 2002 706 or-

266 737 408 779 dinem
441 740 722 780 communiter
754 743 970 780 servatum
1002 739 1024 778 i.
1048 750 1082 778 e.
1105 742 1274 790 praeter
1304 737 1429 789 leges,
1461 737 1613 790 quibus
1634 749 1839 790 praesens
1860 749 2003 778 rerum

266 808 372 850 ordo
411 811 576 861 regitur.
620 808 715 850 Non
738 809 917 850 dicimus
939 813 1109 861 praeter
1130 808 1243 861 leges
1266 812 1520 858 naturae,
1552 808 1651 861 quia
1673 820 1876 860 praesens
1898 808 2003 850 ordo

266 880 424 931 regitur
438 892 524 921 non
548 881 688 922 solum
702 881 864 932 legibus
879 879 1154 928 naturalibus,
1176 879 1250 920 sed
1266 883 1308 920 et
1329 879 1875 932 supernaturalibus:
1898 891 2004 932 qua-

269 954 444 1002 propter
465 951 500 991 si
523 951 624 1003 quid
646 951 690 991 fit
712 952 947 992 secundum
969 951 1047 992 has
1061 950 1185 1002 leges,
1208 950 1459 991 miraculum
1481 962 1568 991 non
1583 949 1744 991 dicitur.
1766 949 1824 990 Ex
1839 949 2006 991 defectu

268 1021 420 1072 prioris
452 1022 713 1063 characteris
748 1027 887 1063 terrae
909 1027 1049 1063 motus
1081 1022 1274 1074 quamvis
1306 1025 1483 1062 eventus
1514 1020 1888 1070 extraordinarius,
1918 1033 2006 1062 non

266 1096 332 1132 est
354 1093 655 1134 miraculosus:
680 1105 730 1134 ex
746 1093 912 1134 defectu
927 1093 1099 1134 alterius
1115 1092 1369 1133 conditionis
1386 1091 1630 1144 justificatio
1644 1103 1720 1144 per
1735 1091 2005 1145 baptismum,

268 1163 679 1213 transubstantiatio,
703 1166 781 1205 etsi
802 1164 885 1205 sint
907 1163 1078 1205 effectus
1099 1163 1456 1216 supernaturales,
1478 1175 1566 1204 non
1580 1163 1776 1204 dicuntur
1788 1163 2006 1213 miracula,

272 1234 467 1286 quamvis
499 1240 541 1276 et
572 1235 655 1276 alia
685 1235 793 1276 ratio
817 1235 1106 1291 (secundaria)
1129 1234 1248 1276 reddi
1277 1235 1421 1287 possit.
1464 1233 1643 1287 Exigunt
1664 1234 1777 1274 enim
1799 1235 1842 1278 3.
1865 1234 2006 1287 plures

268 1304 465 1357 theologi,
497 1311 542 1347 ut
574 1306 825 1347 miraculum
859 1306 912 1346 sit
935 1310 1110 1347 eventus
1133 1305 1420 1347 sensibilis
1443 1306 1485 1346 in
1508 1305 1656 1346 oculos
1677 1305 1910 1355 incurrens,
1940 1317 2006 1346 ra·
2053 1298 2057 1301 ’

274 1376 391 1417 tione
422 1376 569 1418 habita
601 1377 790 1429 ejusdem
813 1376 918 1426 finis,
949 1377 1020 1430 qui
1042 1381 1116 1426 est,
1149 1377 1336 1417 excitare
1367 1377 1658 1425 attentionem,
1681 1376 2008 1417 admirationem

269 1447 400 1501 (unde
424 1453 465 1488 et
487 1448 679 1489 miraculi
701 1449 876 1505 nomen)
910 1460 1004 1490 esse
1026 1448 1190 1501 signum
1213 1447 1401 1488 divinum
1418 1448 1464 1504 3).
1506 1447 1628 1499 Quod
1649 1447 1685 1487 si
1707 1459 1814 1500 opus
1836 1447 2008 1500 aliquod

269 1523 442 1569 superat
464 1518 633 1570 quidem
656 1524 837 1560 naturae
851 1519 974 1568 vires,
997 1518 1072 1559 sed
1094 1523 1273 1559 naturae
1296 1519 1408 1571 leges
1430 1530 1517 1560 non
1539 1519 1710 1571 respicit
1730 1517 1911 1571 ideoque
1933 1529 2007 1559 eas

274 1600 361 1628 non
392 1588 568 1640 derogat
600 1589 853 1630 mirabile
885 1590 1067 1642 proprie,
1097 1601 1185 1630 non
1217 1589 1479 1639 miraculum,
1512 1589 1593 1630 dici
1614 1593 1766 1642 potest,
1796 1594 1843 1630 ut
1863 1601 1927 1632 ex.
1949 1601 2007 1642 gr.

266 1664 514 1699 incarnatio.

414 1809 438 1846 ¹)
457 1805 592 1840 Contra
610 1808 738 1851 gentes
756 1806 816 1847 ΙΙΙ,
841 1811 915 1841 101.
953 1806 1004 1841 Cf.
1028 1812 1039 1841 l
1062 1819 1099 1852 p.
1119 1819 1152 1851 q.
1176 1810 1240 1842 105
1259 1807 1296 1840 et
1316 1810 1400 1845 110;
1421 1807 1465 1840 de
1483 1805 1653 1851 potentia
1671 1818 1705 1851 q.
1724 1810 1757 1842 9.

415 1859 441 1902 2²)
458 1858 622 1894 Dicimus
638 1861 732 1894 vires
750 1866 779 1894 et
797 1862 1005 1904 exigentiam
1023 1869 1196 1894 na'ul‘ae:
1216 1859 1303 1894 hinc
1320 1860 1407 1904 quia
1424 1862 1578 1894 naturae
1597 1860 1684 1894 ordo
1703 1860 1820 1905 exigit
1835 1859 1875 1893 in
1891 1860 2008 1904 hypo-

269 1911 370 1945 thesi
388 1912 582 1947 creationis
601 1913 917 1948 conservationem
937 1914 974 1947 et
990 1913 1182 1957 generatio
1201 1913 1424 1947 creationem
1442 1913 1598 1954 animae,
1625 1913 1707 1947 ideo
1725 1911 1955 1947 conservatio
1972 1915 2010 1946 et

272 1965 422 2000 animae
438 1966 624 2000 humanae
642 1967 789 2008 creatio,
808 1967 975 2010 quamvis
993 1977 1015 2000 a
1032 1968 1109 2001 solo
1128 1967 1201 2001 Deo
1229 1967 1308 2001 ficri
1334 1966 1489 2011 possint,
1516 1967 1613 2001 inter
1641 1967 1821 2000 miracula
1837 1977 1912 2000 non
1930 1977 2008 2001 cen-

277 2020 415 2053 sentur.
451 2019 553 2062 Quod
573 2021 684 2065 paulo
703 2030 807 2054 secus
824 2021 879 2054 ita
897 2021 1077 2064 expressit
1094 2032 1120 2054 s.
1139 2020 1341 2054 Thomas
1363 2025 1392 2055 1.
1411 2033 1445 2065 q.
1468 2024 1533 2057 105
1552 2033 1585 2055 a.
1603 2022 1625 2055 7
1643 2021 1690 2054 ad
1713 2025 1726 2054 l
1742 2031 1750 2056 τ
1786 2019 1955 2059 ,creatio
1973 2021 2011 2055 et

258 2071 479 2116 ⁴justificatio
498 2073 605 2118 impii
623 2073 692 2107 etsi
710 2084 731 2107 a
749 2074 825 2108 solo
843 2073 919 2107 Deo
938 2073 1126 2114 fiant,non
1136 2076 1260 2107 tamen
1275 2074 1422 2119 proprie
1436 2074 1621 2118 loquendo
1636 2073 1814 2108 miracula
1826 2073 2009 2114 dicuntur,

275 2125 363 2169 quia
380 2137 452 2160 non
473 2129 559 2160 sunt
576 2128 665 2160 nata
682 2127 760 2160 fieri
777 2137 842 2172 per
860 2126 950 2161 alias
969 2138 1108 2172 causas,
1128 2127 1166 2161 et
1181 2127 1235 2161 ita
1253 2138 1326 2161 non
1346 2127 1569 2172 contingunt
1590 2135 1736 2172 praeter
1761 2126 1930 2161 ordinem
1947 2137 2009 2160 na-

270 2187 396 2226 turae,
416 2196 496 2220 cum
516 2186 607 2221 haec
627 2187 672 2220 ad
693 2187 857 2221 ordinem
877 2187 936 2227 (al.
954 2186 1185 2229 facultatem)
1202 2189 1357 2221 naturae
1374 2198 1448 2221 non
1467 2187 1714 2232 pertineant.‘
1751 2186 1842 2221 Cum
1859 2186 2011 2230 insuper

266 2251 281 2272 5
292 2252 314 2272 u
331 2251 355 2284 p
367 2250 386 2274 e
397 2251 448 2273 rn
461 2241 543 2274 atu
554 2252 571 2273 r
583 2241 623 2274 al
638 2240 678 2274 is
705 2240 807 2274 notio
838 2241 887 2274 sit
906 2239 1073 2281 relativa,
1094 2240 1272 2286 supponit
1289 2241 1386 2275 enim
1405 2241 1570 2275 ordinem
1588 2240 1807 2280 naturalem,
1826 2240 1890 2284 qui
1908 2249 2010 2284 prae-

274 2293 451 2337 supponit-
469 2293 711 2329 creationem:
744 2293 880 2328 creatio
913 2294 1118 2337 generatim
1148 2305 1267 2338 neque
1297 2297 1363 2335 est,
1393 2306 1512 2338 neque
1542 2293 1676 2329 dicitur
1702 2294 1868 2338 operatio
1887 2302 2010 2338 super-

265 2346 456 2380 naturalis.

412 2401 441 2444 3)
461 2399 516 2434 Ad
532 2400 630 2433 hunc
642 2400 811 2434 miraculi
823 2400 931 2434 finem
943 2399 1094 2444 respicit
1107 2400 1139 2432 A
1151 2411 1174 2433 u
1186 2412 1210 2445 g
1220 2411 1244 2434 u
1255 2411 1270 2433 5
1281 2401 1355 2434 tin
1365 2411 1390 2433 u
1401 2411 1426 2440 s,
1444 2410 1526 2433 cum
1540 2400 1669 2434 scribit
1677 2401 1786 2434 tract.
1799 2402 1845 2434 24
1854 2399 1894 2434 in
1902 2399 2007 2434 Joan.

269 2465 303 2486 n.
328 2456 341 2485 1
359 2468 365 2488 2
397 2453 605 2493 ‚Mn-acula,
625 2464 718 2497 quae
736 2453 824 2487 fecit
841 2452 882 2486 D.
901 2453 948 2487 N.
966 2452 998 2486 J.
1028 2451 1206 2495 Christus,
1227 2453 1314 2487 sunt
1330 2453 1479 2497 quidem
1497 2453 1623 2487 divina
1640 2464 1762 2498 opera,
1778 2454 1816 2487 et
1832 2452 1880 2487 ad
1902 2451 2011 2486 intel-

272 2505 465 2550 ligendum
485 2505 603 2539 Deum
623 2506 667 2540 de
685 2505 896 2540 visibilibus
914 2505 1115 2539 admonent
1132 2505 1333 2540 humanam
1352 2507 1525 2540 mentem.
1557 2505 1651 2547 Quia
1667 2506 1766 2540 enim
1782 2506 1846 2540 ille
1862 2515 1938 2540 non
1955 2506 2010 2539 est

268 2558 357 2592 talis
376 2558 594 2599 substantia,
614 2569 709 2602 quae
727 2558 848 2593 videri
866 2558 982 2593 oculis
1000 2558 1128 2602 possit,
1147 2559 1185 2592 et
1201 2558 1381 2592 miracula
1410 2558 1499 2603 ejus,
1527 2558 1661 2602 quibus
1689 2560 1810 2593 totum
1829 2558 2010 2593 mundum

270 2611 369 2655 regit
386 2613 668 2655 universamque
687 2613 892 2646 creaturam
911 2611 1159 2653 administrat,
1180 2611 1399 2646 assiduitate
1416 2611 1614 2653 viluerunt,
1641 2611 1696 2646 ita
1716 2612 1760 2645 ut
1772 2622 1888 2656 paene
1901 2621 2009 2646 nemo

276 2665 450 2709 dignetur
468 2665 658 2699 attendere
677 2676 788 2709 opera
804 2665 873 2699 Dei
890 2665 984 2699 mira
1002 2665 1039 2699 et
1056 2665 1238 2710 stupenda
1255 2666 1294 2699 in
1312 2664 1480 2709 quolibet
1497 2665 1645 2699 seminis
1656 2674 1791 2710 grano:
1810 2665 2010 2699 secundum

272 2728 374 2751 suain
393 2718 682 2752 misericordiam
702 2717 861 2752 servavit
879 2717 949 2752 sibi
970 2718 1163 2762 quaedam,
1183 2729 1277 2762 quae
1304 2718 1441 2752 faceret
1458 2720 1665 2763 opportuno
1683 2719 1850 2761 tempore
1865 2719 2010 2762 praeter

270 2771 454 2805 usitatum
473 2783 618 2805 cursum
637 2772 876 2816 ordinemque
893 2773 1059 2813 naturae,
1077 2774 1120 2805 ut
1136 2782 1210 2810 non
1228 2771 1368 2816 majora
1386 2772 1450 2806 sed
1467 2771 1620 2805 insolita
1636 2771 1794 2806 videndo
1808 2772 2009 2816 stuperent,

276 2824 414 2868 quibus
432 2824 651 2868 quotidiana
667 2825 862 2861 viluerant.
897 2825 1016 2870 Majus
1043 2826 1142 2860 enim
1168 2824 1385 2859 miraculum
1413 2826 1469 2859 est
1497 2824 1718 2869 gubernatio
1735 2823 1850 2857 totius
1867 2823 2008 2869 mundi,

277 2888 389 2921 quam
409 2877 589 2911 saturatio
610 2877 774 2921 quinque
792 2878 952 2912 millium
970 2878 1163 2913 hominum
1181 2878 1226 2912 de
1244 2878 1407 2922 quinque
1417 2877 1593 2922 panibus;
1613 2880 1649 2911 et
1665 2878 1790 2911 tamen
1801 2877 1893 2912 haec
1902 2888 2010 2912 nemo

277 2930 452 2969 mii-atum
482 2928 576 2963 illud
596 2930 777 2964 mirantur
793 2930 971 2970 homines,
989 2941 1062 2965 non
1081 2930 1170 2974 quia
1187 2930 1306 2975 majus
1324 2933 1391 2972 est,
1410 2930 1472 2965 sed
1492 2930 1580 2974 quia
1596 2941 1720 2964 rarum
1737 2930 1826 2965 est.“
1860 2929 2011 2975 Triplici

276 2983 425 3018 nomine
442 2995 459 3017 x
475 2983 542 3017 irt
553 2994 578 3016 u
589 2994 604 3016 s
624 2984 818 3027 (portenta,
838 2983 1031 3028 prodigia),
1049 2983 1161 3017 mira
1172 2981 1319 3017 culum
1335 2983 1533 3030 θαυμάσιον,
1553 2983 1662 3028 sign
1673 2994 1694 3016 u
1708 2995 1754 3024 in,
1781 2983 1918 3027 triplex
1934 2993 2009 3017 mo-

278 3037 445 3070 mentum
474 3036 606 3069 hai-um
636 3035 891 3080 operat-ionum
921 3036 1160 3081 significatur,
1197 3035 1459 3080 ontologieum‚
1492 3035 1795 3081 psychologicum
1828 3037 1867 3070 et
1898 3036 2011 3070 teleo-

271 3089 442 3127 lonicum.
