2175 3382
225 96 301 136 15ss
464 88 582 122 'li-act.
604 88 644 121 11.
666 87 714 120 De
734 98 760 121 s,
781 86 978 130 Scriptura.
999 84 1128 118 'rhesis
1148 83 1309 117 XXXVI.
1329 86 1452 118 Canon
1471 83 1698 119 tridentinus

220 209 333 249 libris
360 207 583 259 inspiratis,
615 217 767 258 nempe
794 210 897 258 quot
920 209 960 245 et
984 205 1156 256 quinam
1180 203 1272 245 sint.
1317 202 1519 244 Custodia
1541 205 1664 256 igitur
1685 206 1809 259 hujus
1832 207 1948 248 testi-

219 279 348 320 monii
371 283 412 319 et
434 277 571 318 dubiis
594 278 751 318 exortis
769 276 973 329 judicium
990 274 1202 315 infallibile
1225 274 1276 315 de
1299 275 1390 326 ipso
1414 275 1595 327 pertinet
1617 276 1670 316 ad
1694 276 1951 319 functionem

218 348 499 390 successionis
515 348 775 400 apostolicae
798 347 876 387 sub
901 347 1111 399 promissa
1126 343 1304 398 Spiritus
1327 346 1462 386 sancti
1485 346 1747 394 assistentia;
1770 347 1949 400 ideoque

217 432 269 461 ex
301 419 424 472 hujus
456 419 737 459 successionis
761 417 1003 459 testimonio
1026 428 1101 468 per
1123 416 1313 457 solemne
1331 416 1536 469 judicium
1560 418 1828 460 manifestato
1860 423 1950 459 tuto

218 496 260 532 et
282 490 525 532 authentice
549 490 792 541 agnoscitur
817 489 1006 529 divinum
1029 489 1081 528 de
1104 488 1220 528 libris
1236 488 1449 540 inspiratis
1465 489 1751 529 testimonium
1767 491 1823 545 (n.
1842 490 1955 544 123).

219 561 434 614 Ejusmodi
467 573 569 602 vero
600 560 804 611 judicium
842 560 1034 600 solemne
1069 559 1199 599 latum
1235 562 1298 599 est
1332 559 1373 599 in
1409 559 1587 600 concilio
1624 560 1955 601 tridentino:

219 638 283 673 est
305 632 416 673 enim
436 631 641 684 judicium
665 629 895 681 magisterii
918 629 1038 678 illius,
1070 628 1183 681 quod
1210 629 1348 669 solum
1370 641 1441 670 sec
1466 629 1567 673 XVI.
1590 642 1711 671 suam
1734 643 1954 684 nunquam

219 704 454 755 interrupta
481 701 751 743 successione
784 700 838 741 ab
873 699 1078 752 apostolis
1111 700 1313 752 originem
1346 701 1481 752 potuit
1512 701 1805 754 comprobare.
1847 701 1954 754 Ergo

219 773 453 815 secundum
477 772 686 825 principia
709 771 894 823 legitima
917 771 968 812 de
992 770 1134 811 divina
1158 770 1382 812 traditione
1405 784 1544 813 canon
1567 774 1594 828 ¹)
1627 785 1651 813 a
1675 773 1854 813 concilio
1880 773 1954 813 tri-

220 845 395 886 dentino
419 843 606 884 sancitus
629 843 899 883 authenticus
922 841 1070 883 haberi
1092 841 1227 883 debet.

342 928 445 973 Quae
469 928 596 966 illatio
619 928 872 965 confirmatur
895 928 1090 965 sentiendi
1112 927 1261 964 ratione
1293 928 1563 977 antiquitatis:
1596 931 1727 978 patres
1748 929 1852 967 enim
1875 941 1960 978 pas-

221 989 291 1026 sim
316 988 525 1033 inculcant,
550 988 597 1024 ab
621 987 793 1024 Ecclesia
815 999 900 1024 esse
923 986 1163 1030 discendum,
1188 987 1346 1035 quinam
1371 987 1451 1025 sint
1474 987 1564 1025 libri
1597 990 1817 1037 spectantes
1849 987 1897 1025 ad
1930 1000 1958 1025 s.

222 1047 464 1096 Scripturam
488 1059 558 1084 seu
587 1047 779 1084 divinitus
801 1046 995 1095 inspirati.
1037 1046 1098 1083 Ita
1119 1046 1209 1082 Ter
1220 1046 1478 1101 QUQDUS
1501 1059 1618 1095 supra
1648 1060 1684 1084 n.
1714 1054 1790 1087 117
1811 1047 1844 1093 3;
1877 1047 1961 1084 adv.

224 1108 340 1144 Marc.
363 1106 425 1151 IV,
453 1113 496 1151 53
519 1106 859 1161 Augustinus,
884 1106 996 1154 eujus
1017 1105 1226 1142 notissima
1257 1108 1350 1142 sunt
1381 1119 1411 1143 c.
1436 1119 1493 1155 ep.
1525 1106 1698 1144 fundam.
1720 1118 1749 1143 c.
1776 1113 1819 1147 5:
1853 1133 1870 1151 ,‚
1881 1106 1962 1155 Ego

222 1178 314 1203 vero
337 1166 550 1215 Evangelio
574 1178 652 1203 non
675 1165 882 1209 crederem,
907 1164 988 1202 nisi
1008 1177 1069 1201 me
1092 1164 1302 1202 catholicae
1324 1164 1519 1203 Ecclesiae
1542 1167 1803 1203 commoveret
1829 1167 1962 1203 aucto-

222 1225 331 1269 ritas,
358 1255 364 1261 .
390 1254 396 1260 .
421 1256 428 1264 .
453 1238 529 1273 qua
551 1224 747 1261 infirmata
764 1225 846 1273 jam
869 1236 939 1261 nec
961 1223 1173 1273 Evangelio
1197 1223 1351 1261 credere
1373 1227 1548 1273 potero<<
1592 1225 1643 1262 Et
1664 1225 1829 1262 iterum:
1865 1223 1963 1268 „Cui

223 1284 325 1321 libro
350 1280 499 1336 (actum
523 1281 807 1334 apostolorum)
831 1295 986 1320 necesse
1009 1285 1069 1320 est
1092 1295 1152 1319 me
1168 1282 1332 1327 credere,
1359 1284 1390 1321 si
1403 1284 1616 1333 Evangelio
1631 1283 1756 1330 credo,
1779 1283 1965 1332 quoniam

223 1346 432 1391 utramque
469 1343 717 1391 Scripturam
749 1342 934 1380 similiter
968 1342 1064 1379 mihi
1100 1342 1289 1379 catholica
1323 1343 1570 1381 commendat
1605 1343 1858 1401 auctoritas}
1912 1341 1964 1379 Cf.

224 1402 270 1439 de
303 1402 478 1439 utilitate
510 1402 611 1439 cred.
646 1415 683 1438 n.
719 1408 784 1441 31.
827 1402 889 1438 Ita
912 1401 1148 1455 Cfflus
1170 1401 1265 1442 hier,
1289 1404 1360 1439 cat.
1385 1409 1407 1442 4
1432 1415 1468 1439 n.
1496 1409 1568 1443 34:
1589 1391 1620 1447 ἵ,
1632 1402 1814 1440 Studiose
1845 1401 1965 1450 idque

222 1462 269 1498 ab
294 1461 464 1498 Ecclesia
486 1461 600 1507 disce,
625 1461 785 1509 quinam
808 1453 958 1498 veteris
972 1461 1011 1497 T.
1035 1460 1141 1505 libri,
1166 1461 1234 1509 qui
1255 1473 1347 1498 vero
1362 1462 1454 1499 novi
1478 1494 1484 1500 .
1510 1491 1517 1498 .
1541 1492 1548 1498 .
1573 1462 1644 1499 Eos
1667 1462 1771 1499 solos
1786 1460 1962 1498 studiose

224 1520 414 1557 meditare
437 1522 477 1557 et
498 1532 620 1565 versa,
654 1531 752 1568 quos
776 1519 892 1556 etiam
926 1519 969 1556 in
991 1520 1161 1557 Ecclesia
1192 1532 1280 1557 cum
1312 1522 1417 1558 certa
1447 1521 1589 1558 fiducia
1619 1521 1787 1570 legimus
1800 1519 1966 1566 3‘multo

222 1579 499 1628 prudentiores
531 1581 569 1616 et
601 1579 869 1628 religiosiores
901 1581 940 1616 te
975 1580 1087 1616 erant
1121 1578 1288 1628 apostoli
1322 1580 1361 1616 et
1396 1582 1546 1617 veteres
1578 1580 1752 1629 episcopi
1772 1578 1967 1617 Ecclesiae

223 1642 402 1685 rectores,
427 1638 497 1687 qui
520 1650 584 1676 eos
606 1638 821 1682 tradidere;
859 1640 905 1675 tu
927 1650 1019 1687 ergo
1042 1637 1147 1675 filius
1170 1638 1362 1676 Ecclesiae
1386 1651 1474 1676 cum
1506 1640 1567 1685 sis,
1600 1651 1648 1677 ne
1681 1640 1790 1689 leges
1821 1637 1968 1687 positas

222 1700 487 1737 transvertat
529 1698 589 1734 Ita
613 1697 863 1747 Origenes
887 1697 989 1736 hom.
1020 1704 1033 1736 l
1072 1697 1112 1734 in
1142 1697 1234 1735 Luc.
1270 1696 1333 1747 (ab
1355 1695 1610 1751 Hieronymo)
1634 1711 1768 1735 versa:
1803 1697 1878 1742 „In
1907 1696 1968 1733 his

223 1757 405 1794 omnibus
428 1754 676 1809 (evangeliisi
707 1756 805 1793 nihil
838 1756 945 1793 aliud
977 1757 1199 1804 probamus,
1231 1757 1309 1794 nisi
1341 1758 1445 1806 quod
1476 1757 1646 1795 'Ecclesia
1676 1758 1699 1795 i.
1732 1770 1762 1794 e.
1795 1757 1968 1806 quatuor

229 1809 329 1866 <rw
359 1797 801 1844 semmua&

372 1939 395 1979 ¹)
415 1933 507 1967 Can
520 1945 539 1968 o
552 1947 576 1968 n
589 1935 599 1968 i
612 1947 627 1969 s
654 1946 722 1969 vox
742 1935 960 1979 multiplicis
979 1936 1036 1969 est
1056 1935 1357 1980 significationis:
1389 1936 1507 1981 primo
1535 1935 1719 1981 significat
1737 1935 1878 1980 virgam
1895 1943 1970 1967 rec-

227 1989 315 2028 tam,
334 1987 420 2022 hinc
438 1998 658 2029 mensuram,
676 1998 854 2029 normam,
874 2000 891 2021 1·
903 1999 921 2022 6
932 1989 1048 2033 gula
1060 2001 1106 2030 m,
1136 2001 1209 2033 qua
1227 1991 1366 2023 rectum
1388 1989 1434 2023 ab
1454 1989 1604 2033 obliquo
1624 1988 1856 2028 discernitur,
1874 1996 1969 2031 quae

225 2052 346 2084 neque
365 2040 592 2075 additionem
612 2052 729 2085 neque
745 2041 1010 2075 detractionem
1024 2042 1186 2086 patitur:
1206 2042 1385 2076 translate
1401 2042 1589 2087 significat
1603 2053 1767 2076 normam
1785 2040 1970 2076 sentiendi

225 2095 444 2139 agendique,
463 2101 713 2139 praeceptum,
734 2095 879 2129 vivendi
898 2095 1065 2139 regulam
1085 2095 1271 2139 exemplar
1290 2097 1370 2131 etc..
1389 2095 1583 2140 speciatim
1598 2095 1768 2129 credendi
1787 2094 1969 2137 regulam,

226 2149 423 2182 secundum
444 2158 555 2191 quam
572 2147 767 2194 judicetur.
790 2148 879 2191 quid
897 2148 968 2182 fide
987 2149 1036 2182 sit
1054 2148 1253 2182 tenendum
1275 2149 1409 2192 quidve
1427 2149 1688 2192 respuendum.
1718 2148 1762 2182 Et
1781 2147 1869 2192 quia
1885 2146 1971 2181 fidei

229 2201 359 2244 regula
377 2201 576 2246 (objectiva
594 2209 627 2235 et
648 2200 824 2247 mediata)
843 2201 883 2235 in
900 2201 1031 2246 primis
1051 2202 1259 2235 continetur
1279 2213 1305 2235 s.
1324 2201 1527 2245 Scriptura,
1547 2213 1610 2235 seu
1626 2201 1844 2235 collectione
1861 2200 1971 2235 libro-

230 2265 310 2287 rum
330 2254 393 2297 qui
412 2255 645 2288 constituunt
663 2254 890 2298 Scripturam
924 2255 1103 2289 divinitus
1120 2255 1340 2299 inspiratam
1368 2264 1431 2288 seu
1458 2255 1610 2289 verbum
1630 2254 1697 2288 Dei
1715 2254 1895 2299 scriptum
1914 2264 1971 2287 ca-

229 2307 335 2341 nonis
353 2306 502 2341 nomine
522 2308 612 2341 haec
638 2309 720 2351 ipsa
745 2308 923 2342 librorum
952 2308 1192 2343 collectio
1219 2308 1446 2353 designatur.
1480 2307 1570 2342 Cum
1599 2309 1722 2341 autem
1749 2308 1859 2342 etiam
1889 2317 1972 2341 con-

229 2360 396 2394 ciliorum
417 2360 649 2395 definitiones
668 2372 797 2395 norma
815 2362 892 2395 sint
910 2362 1081 2396 credendi
1098 2361 1156 2396 vel
1175 2362 1322 2406 agendi,
1341 2362 1427 2395 illae
1447 2371 1594 2405 quoque
1611 2361 1787 2395 vocantur
1802 2370 1971 2399 canones,

229 2413 431 2457 eademque
450 2414 493 2448 de
513 2425 631 2456 causa,
651 2413 882 2458 praedicatio
897 2416 935 2449 et
948 2415 1070 2459 praxis
1091 2414 1272 2449 Ecclesiae
1287 2425 1404 2449 canon
1418 2414 1669 2459 appellantur.
1691 2415 1732 2449 In
1745 2425 1785 2448 re
1797 2413 1974 2458 liturgica

228 2465 391 2509 psalmus
410 2466 469 2500 vel
490 2468 675 2501 canticum
692 2469 892 2501 secundum
907 2478 1076 2501 normum
1091 2467 1200 2501 fixam
1216 2468 1440 2502 cantandum
1454 2468 1655 2501 vocabatur
1670 2477 1798 2509 canon,
1813 2469 1849 2501 et
1863 2467 1972 2501 modo

229 2518 294 2552 illa
313 2530 409 2562 pars,
431 2530 524 2563 quae
543 2531 631 2564 prae
649 2521 781 2554 ceteris
800 2518 973 2555 solemnis
992 2520 1029 2554 et
1046 2520 1118 2554 fixa
1135 2522 1201 2561 est,
1219 2521 1347 2555 eodem
1366 2521 1517 2555 nomine
1530 2520 1753 2566 appellatur.
1772 2519 1972 2564 Catalogus

232 2581 378 2615 quoque
398 2571 625 2613 clericorum,
643 2574 731 2616 quia
750 2574 951 2607 secundum
970 2573 1078 2607 fixam
1097 2572 1265 2618 regulam
1284 2573 1397 2607 vitam
1418 2573 1550 2617 degere
1569 2572 1766 2613 debebant,
1795 2575 1832 2606 et
1849 2583 1973 2606 annua

234 2625 435 2670 pensitatio
456 2628 568 2666 certa,
587 2637 680 2670 quae
698 2626 789 2670 ipsis
808 2629 887 2661 erat
906 2627 1082 2662 solvenda
1110 2637 1226 2661 canon
1253 2627 1457 2661 dicebatur.
1492 2627 1585 2660 Hinc
1614 2627 1802 2661 derivatur
1819 2625 1972 2660 verbum

231 2679 414 2720 κανονίζειν,
433 2679 531 2723 quod
549 2680 688 2724 triplici
707 2680 926 2724 praesertim
945 2680 1217 2725 significatione
1245 2682 1462 2725 usurpatur:
1491 2681 1527 2715 1.
1546 2680 1746 2714 secundum
1765 2680 1902 2713 certam
1919 2689 1972 2713 re-

231 2731 358 2777 gulam
378 2732 520 2775 aliquid
539 2733 766 2772 exaininare;
788 2734 825 2769 2.
844 2734 1042 2767 secundum
1062 2735 1201 2768 certam
1219 2734 1387 2778 regulam
1404 2732 1546 2777 aliquid
1567 2733 1748 2771 statuere:
1767 2733 1804 2768 3.
1822 2732 1860 2766 in
1877 2733 1972 2766 cata-

233 2784 359 2828 logum
378 2784 555 2818 librorum
575 2785 786 2829 Scripturae
805 2787 964 2830 aliquem
986 2786 1121 2820 librum
1141 2787 1192 2827 (et
1209 2795 1274 2831 per
1291 2785 1504 2830 analogiam
1522 2784 1682 2829 aliquem
1707 2784 1746 2818 in
1762 2787 1974 2819 sanctorum

233 2838 458 2883 catalogum]
477 2839 625 2872 referre.
645 2839 879 2883 Adjectivum
899 2841 1068 2880 κανονικός
1085 2834 1319 2884 praedicatur
1337 2839 1381 2873 de
1398 2839 1494 2873 libro
1521 2838 1560 2872 in
1578 2838 1851 2883 scripturarum
1879 2839 1975 2872 cata-

234 2892 363 2936 logum
389 2890 526 2930 relat03
555 2891 599 2925 de
627 2892 777 2933 clericis,
796 2893 861 2936 qui
888 2893 1087 2927 secundum
1115 2894 1251 2926 certam
1279 2893 1453 2937 piamque
1475 2902 1641 2926 normam
1660 2891 1843 2932 vivebant,
1862 2891 1975 2925 etiam

233 2944 276 2978 de
295 2944 503 2989 virginibus
531 2945 566 2978 et
584 2944 726 2983 viduis;
756 2945 800 2978 de
828 2945 945 2979 literis
972 2945 1241 2990 episcoporum,
1267 2956 1359 2990 quas
1391 2944 1461 2978 sibi
1487 2944 1644 2979 invicem
1672 2943 1710 2978 in
1737 2943 1976 2978 orthodoxiae

234 3008 319 3031 suae
350 2997 528 3032 tesseram
559 2997 769 3040 mittebant,
798 3008 962 3042 quasque
988 2998 1096 3032 latini
1123 2999 1366 3033 formatas
1394 2997 1583 3042 appellare
1611 2998 1885 3031 consueverant.
1921 2995 1974 3030 Cf.

234 3050 385 3084 Pohle
405 3050 474 3084 KL.
496 3050 539 3091 II,
563 3053 651 3085 1812
671 3062 715 3084 ss.
