2175 3382
919 154 1151 197 argumenta.
1803 161 1891 204 465

156 274 219 312 vel
250 274 398 312 virtute
431 273 735 319 sanctificati-icc,
771 286 869 322 quae
901 274 1031 311 omnia
1060 275 1255 312 Ecclesiae
1289 280 1531 314 sacramenta
1562 278 1730 316 efficacia
1760 280 1892 318 reddit

156 333 305 383 gratiae
328 335 368 370 et
390 332 539 378 salutis,
564 333 626 369 vel
646 332 906 378 exauditione,
934 345 1010 381 qua
1032 333 1210 370 fidelium
1232 334 1273 371 in
1297 348 1366 372 suo
1388 336 1543 373 nomine
1566 341 1888 388 congregatorum

155 392 336 441 precibus
366 391 412 429 ad
445 391 631 428 beneficia
661 391 881 441 elargienda
911 392 1204 440 paratissimum
1236 405 1274 430 se
1297 394 1453 431 exhibet
1476 396 1611 434 Matth.
1644 403 1704 443 18,
1733 404 1805 442 20;
1828 397 1887 436 Jo.

161 457 224 496 14,
254 457 302 491 13
336 463 365 488 3.
388 452 472 496 etc,
506 450 574 487 sed
595 450 735 487 intima
764 450 997 499 praesentia,
1031 453 1089 488 est
1120 451 1223 488 enim
1246 452 1414 489 Ecclesia
1437 465 1574 502 corpus
1598 455 1747 500 Christi,
1784 457 1888 504 quod

155 509 254 547 vivit
275 510 360 558 ejus
384 509 528 558 spiritu
551 506 604 561 (n.
631 506 745 560 208),
769 509 960 558 templum
984 522 1012 546 s.
1036 509 1208 558 Spiritus
1233 508 1286 562 (n.
1314 509 1426 564 211).

274 578 315 620 5.
337 580 408 617 Est
429 593 594 630 regnum
617 580 687 617 Dei
716 580 865 617 ratione
897 580 915 616 f
920 580 932 617 i
946 581 1044 617 nis:
1069 580 1155 617 finis
1179 581 1281 618 enim
1303 581 1494 619 Ecclesiae
1516 586 1574 620 est
1596 584 1827 633 obsequium
1849 588 1889 623 et

155 639 287 676 cultus
307 639 399 684 Dei;
422 651 491 676 nos
512 639 673 676 reddere
693 638 917 687 discipulos,
941 639 1101 685 milites,
1125 640 1325 677 ministros
1344 641 1496 686 Christi,
1521 643 1694 679 membra
1717 645 1885 692 corporis

156 697 300 735 Christi
329 710 419 735 sane
449 697 644 747 morigera
674 697 791 746 capiti
814 697 988 735 Christo:
1021 711 1105 735 cum
1137 703 1262 736 autem
1293 700 1457 747 subjecta
1485 701 1632 747 fuerint
1663 702 1721 738 illi
1744 705 1882 752 omnia,

155 760 244 793 tunc
275 761 308 793 et
338 758 417 804 ipse
439 757 566 794 Filius
586 757 772 805 subjectus
803 758 874 794 erit
896 758 939 802 ei,
972 759 1037 806 qui
1061 758 1215 804 subjecit
1235 758 1309 795 sibi
1329 760 1471 806 omnia,
1504 764 1544 796 ut
1565 761 1613 796 sit
1635 761 1738 797 Deus
1759 764 1887 799 omnia

153 816 195 852 in
216 816 389 853 omnibus
415 823 448 855 1.
472 816 553 853 Cor.
582 822 647 863 15,
674 822 738 860 28,
763 828 839 864 quo
863 818 1043 864 spectant
1064 819 1103 854 et
1125 817 1214 854 illa:
1245 816 1384 854 Omnia
1406 823 1530 855 vestra
1551 824 1649 864 sunt,
1681 832 1740 857 1⁴08
1762 826 1886 857 autem

157 873 315 923 Christi,
338 874 513 934 Christus
533 879 658 913 autem
679 875 752 912 Dei
778 882 811 914 1.
835 874 916 912 Cor.
941 882 978 916 3.
1034 873 1136 928 2.(n
1162 882 1239 916 >ll
1267 874 1429 929 annot).

275 963 370 996 449
395 953 461 996 II.
483 956 573 993 Alia
593 957 745 994 ratione
767 957 955 994 declaraii
975 959 1108 1006 potest
1124 957 1318 995 Ecclesiae
1340 960 1686 1006 praestantia,
1711 974 1755 998 ex
1778 974 1886 999 ana-

153 998 291 1065 logia
323 1015 405 1054 scil.
435 1015 561 1064 ipsam
590 1015 694 1052 inter
725 1017 763 1052 et
791 1016 1000 1058 Christum,
1033 1017 1125 1054 adeo
1157 1019 1204 1054 ut
1233 1017 1369 1054 habeii
1399 1018 1523 1066 possit
1554 1020 1884 1057 continuatio

153 1074 346 1123 quaedam
376 1074 678 1112 incarnationis:
711 1077 772 1112 est
801 1075 904 1112 enim
937 1076 1022 1124 ejus
1054 1088 1196 1123 corpus
1229 1073 1282 1127 (n.
1309 1082 1387 1116 207
1413 1073 1479 1127 ss.)
1511 1082 1550 1114 et
1580 1078 1705 1115 veluti
1727 1079 1887 1127 pleni-

152 1133 274 1171 tudo
308 1131 359 1184 (n.
386 1134 493 1182 208),
526 1134 610 1182 ejus
631 1134 768 1171 vices
798 1134 901 1184 gerit
922 1135 963 1171 in
987 1135 1115 1180 terris,
1149 1134 1282 1183 ipsum
1303 1138 1544 1183 praesentem
1567 1137 1674 1174 sistit
1695 1138 1798 1175 inter
1819 1139 1887 1176 ho-

151 1192 278 1229 mines
320 1191 374 1245 (n.
412 1189 524 1244 209).
566 1193 726 1230 Praeter
764 1193 936 1241 plurima
976 1194 1273 1242 comparationis
1314 1194 1452 1243 capita,
1495 1208 1593 1243 quae
1627 1196 1886 1235 indicavimus

153 1248 208 1303 (n.
229 1251 337 1302 1853),
359 1251 502 1300 triplex
525 1252 566 1288 in
588 1251 728 1300 primis
750 1252 910 1289 uberius
933 1252 1127 1290 illustrari
1146 1253 1293 1302 poterit

274 1306 312 1351 l.
334 1310 484 1347 ratione
507 1311 752 1348 muneris:
784 1311 977 1349 Ecclesiae
1004 1312 1108 1348 enim
1130 1314 1189 1349 est
1210 1312 1440 1350 continuare
1463 1325 1559 1361 opus
1583 1314 1686 1361 quod
1709 1314 1887 1352 Christus

151 1369 194 1406 in
214 1370 330 1407 terris
344 1369 510 1406 visibilis
531 1369 740 1414 inchoavit,
765 1371 804 1407 et
826 1372 1038 1407 ascendens
1060 1371 1101 1407 in
1124 1371 1275 1408 coelum
1288 1371 1330 1408 in
1343 1372 1467 1419 ipsam
1483 1371 1676 1409 derivavit
1691 1370 1746 1425 (n.
1764 1371 1885 1425 204):

152 1428 258 1466 Sicut
288 1430 392 1465 misit
421 1441 478 1465 me
499 1428 626 1478 Pater,
661 1433 693 1465 et
723 1441 786 1479 eqo
817 1431 921 1466 mitto
948 1442 1010 1466 vos
1032 1429 1091 1467 JO.
1118 1438 1182 1474 20,
1210 1436 1277 1469 21.
1318 1430 1419 1467 Η1110
1441 1431 1651 1468 Ecclesiam
1673 1433 1884 1478 audientes,

151 1488 281 1536 ipsum
312 1487 496 1525 audimus
518 1485 572 1539 (n.
598 1484 698 1539 213)
730 1492 769 1525 et
799 1500 936 1526 sumus
962 1502 1053 1526 vere
1086 1489 1302 1526 secundum
1331 1490 1562 1527 vaticinium
1592 1492 1805 1539 prophetae
1835 1492 1885 1528 Is.

155 1553 219 1591 54,
248 1553 297 1587 13
322 1546 464 1585 col.J0.
483 1553 518 1591 6,
543 1553 594 1587 45
620 1546 811 1584 divinitus
833 1547 960 1585 edocti
985 1545 1038 1600 (n.
1058 1548 1385 1595 253);Εο0103130
1408 1552 1648 1586 sacramenta
1669 1550 1884 1599 percipien—

149 1607 220 1651 tes,
244 1606 291 1642 ab
313 1606 397 1655 ipso
421 1606 726 1651 sanctificamur3
748 1606 941 1644 Ecclesiae
964 1607 1223 1654 obsequentes
1245 1607 1292 1644 ab
1313 1608 1396 1656 ipso
1419 1608 1617 1656 pascimur
1638 1612 1677 1646 et
1698 1610 1883 1658 regimur.

270 1665 311 1705 ⁶2..
335 1665 495 1702 Ratione
517 1665 908 1705 beneficiorum.
950 1665 1182 1703 Per-transiit
1213 1666 1474 1713 benefaciendo
1505 1673 1537 1704 et
1562 1669 1739 1705 sanando
1762 1658 1886 1705 omnes

151 1736 348 1772 oppressos
379 1737 403 1760 a
425 1724 573 1760 diabolo
595 1725 678 1762 Act.
708 1732 769 1769 10,
797 1730 860 1765 38.
904 1725 1009 1762 Haec
1038 1725 1117 1762 fuit
1138 1726 1220 1762 vita
1243 1726 1381 1763 Christi
1408 1726 1448 1762 in
1469 1726 1598 1771 terris,
1631 1727 1723 1764 haec
1745 1730 1802 1764 est
1824 1727 1884 1763 hi-

152 1782 274 1821 storia
295 1783 487 1820 Ecclesiae
508 1795 578 1831 per
599 1783 740 1828 secula,
763 1786 810 1820 ut
830 1784 1014 1832 pluribus
1038 1784 1282 1821 ostendimus
1305 1798 1341 1821 n.
1368 1791 1461 1825 218.

269 1840 313 1881 3.
337 1841 501 1878 Ratione
524 1842 982 1880 contradictionis.
1025 1844 1123 1880 Ecce
1145 1845 1292 1891 positus
1317 1849 1368 1881 est
1389 1845 1448 1880 hic
1469 1846 1509 1881 in
1530 1846 1686 1881 ruinam
1709 1849 1741 1881 et
1763 1846 1804 1881 in
1824 1858 1884 1881 re-

150 1902 422 1939 surrectionem
453 1901 660 1938 multorum
691 1902 732 1938 in
754 1900 890 1948 Israel,
925 1907 957 1939 et
989 1903 1029 1939 in
1052 1904 1217 1951 siqmcm,
1248 1904 1309 1939 cui
1340 1905 1621 1940 contradicetur
1641 1904 1731 1940 Luc.
1758 1909 1792 1948 2,
1818 1910 1883 1944 34.

148 1962 253 1999 Haeo
275 1960 321 1997 de
343 1960 494 1997 Christo
516 1960 714 2008 praedicta
735 1960 915 2010 legimus,
939 1961 1032 1998 haec
1053 1962 1094 1998 in
1117 1974 1160 1998 eo
1181 1961 1358 1999 videmus
1382 1962 1614 2010 adimpleta:
1637 1963 1730 1999 haec
1752 1963 1884 1999 eadem

145 2020 300 2070 jugiter
321 2019 588 2067 adimplentur
610 2022 648 2056 et
670 2019 713 2056 in
734 2019 906 2057 Ecclesia
928 2018 1000 2072 (83
1026 2032 1074 2065 S.;
1101 2027 1176 2060 211
1199 2018 1258 2073 4):
1281 2033 1408 2069 neque
1430 2022 1584 2064 mirum,
1609 2021 1641 2057 si
1663 2021 1805 2058 Christi
1827 2024 1885 2059 est

149 2090 300 2128 corpus,
332 2077 550 2127 plenitudo,
592 2079 919 2127 repraesentatio:
961 2079 1097 2116 odium
1128 2080 1312 2117 adversus
1345 2080 1544 2117 Christum
1574 2080 1813 2117 redundabit
1841 2082 1884 2118 in

147 2151 252 2176 eam:
275 2138 365 2174 hinc
386 2137 635 2186 participatio
658 2138 750 2184 odii,
782 2138 937 2187 signum
970 2140 1028 2176 est
1050 2140 1089 2176 et
1112 2141 1390 2188 argumentum
1412 2139 1572 2176 intimae
1595 2139 1882 2188 conjunctionis

148 2210 236 2235 cum
257 2196 354 2245 ipso,
377 2196 543 2244 ideoque
567 2200 606 2234 et
628 2197 804 2234 veritatis
827 2198 1031 2235 Ecclesiae.

268 2286 363 2320 450.
385 2276 478 2319 III.
511 2279 657 2323 „Credo
688 2292 807 2316 unam
834 2282 1007 2317 sanctam
1038 2280 1266 2317 catholicam
1297 2283 1336 2316 et
1366 2280 1620 2328 apostolicam
1641 2281 1880 2319 Ecclesiam«

145 2339 376 2388 profitemur
405 2338 446 2375 in
477 2338 663 2386 symbolo,
706 2339 844 2375 Merito
877 2338 1084 2386 quaeritur
1115 2338 1269 2375 cuinam
1291 2339 1421 2375 coetui
1443 2351 1514 2376 sec.
1536 2339 1634 2380 XIX,
1657 2340 1749 2377 haec
1770 2354 1881 2389 prae-

146 2398 324 2447 rogativa
354 2409 467 2434 verae
489 2396 683 2434 Ecclesiae
714 2399 918 2445 competat.
960 2398 1122 2434 Ineatur
1153 2398 1386 2446 comparatio
1415 2410 1504 2434 cum
1525 2399 1697 2436 Ecclesia
1719 2412 1789 2437 sec.
1812 2400 1880 2437 ΙΙΙ.

145 2457 210 2494 IV.
233 2459 272 2494 et
292 2456 349 2498 V„
383 2468 482 2504 quae
504 2456 697 2505 gloriatur
717 2458 777 2492 tot
799 2456 1052 2504 martyribus,
1079 2456 1303 2493 illustratur
1324 2458 1384 2493 tot
1406 2457 1645 2506 doctoribus,
1677 2458 1882 2496 decoratur

145 2517 207 2553 tot
228 2515 323 2552 liliis
339 2515 539 2564 virginum
561 2517 862 2562 sanctorumque
876 2515 1106 2562 virtutibus,
1131 2515 1384 2552 conciliorum
1407 2516 1611 2564 splendore
1634 2517 1880 2558 nobilitatur,

148 2575 288 2612 Coetus
311 2574 515 2618 sec.X1X.,
548 2573 616 2621 qui
648 2573 821 2622 proxime
853 2574 899 2610 ad
932 2573 1040 2610 illam
1072 2573 1288 2619 accesserit,
1319 2586 1432 2611 verae
1463 2575 1572 2612 illius
1594 2575 1787 2613 Ecclesiae
1821 2579 1881 2614 est

147 2633 401 2677 continuatio,
434 2645 616 2681 propago,
649 2633 793 2670 haeres.
835 2632 922 2668 ε13111
945 2644 1034 2669 vero
1066 2634 1198 2670 coetus
1224 2634 1618 2671 romano-catholicus
1642 2635 1880 2672 confidenter

146 2692 243 2729 hanc
264 2692 364 2729 inire
385 2694 517 2740 potest
538 2691 868 2739 comparationem

266 2749 305 2791 1.
327 2751 478 2788 ratione
500 2750 726 2787 unitatis
757 2752 796 2787 et
818 2750 975 2798 quidem
1007 2761 1046 2790 a.
1079 2750 1310 2787 socialis:
1333 2764 1423 2787 nam
1443 2751 1553 2800 plebs
1576 2752 1788 2789 christiana
1809 2765 1878 2800 per

145 2810 407 2858 presbyteros,
431 2809 626 2857 episcopos
651 2822 854 2857 unumque
877 2821 1106 2856 supremum
1128 2812 1245 2857 caput
1266 2809 1306 2846 in
1318 2821 1442 2847 unum
1465 2810 1707 2848 coadunatur
1721 2824 1877 2860 gregem

145 2881 348 2916 unumque
379 2880 516 2916 corpus
546 2868 643 2905 bene
675 2868 925 2916 dispositum,
958 2868 1020 2904 cui
1051 2880 1129 2905 non
1157 2869 1275 2905 semel
1298 2868 1443 2906 Paulus
1473 2882 1532 2917 ap.
1554 2869 1761 2907 Ecclesiam
1786 2882 1876 2906 con-

145 2928 229 2968 fert,
272 2927 396 2975 Atqui
427 2927 560 2964 eadem
590 2926 802 2963 hierarchia
833 2927 880 2963 ad
912 2926 1107 2963 unitatem
1137 2927 1396 2964 revocabatur
1426 2928 1537 2976 plebs
1570 2929 1779 2965 christiana
1803 2940 1874 2965 sec.

144 2986 307 3023 III—V.
350 2985 502 3022 Gaudet
523 2983 570 3025 b.
594 2988 725 3022 coetus
756 2985 1149 3023 romano-catholicus
1180 2986 1332 3023 unitate
1353 2987 1629 3036 liturgica,
1662 2999 1739 3023 uno
1772 2987 1875 3023 enim

145 3044 357 3093 eodemque
379 3045 489 3081 cultu
511 3057 582 3092 per
603 3044 734 3081 orbem
756 3045 894 3090 utitur,
923 3045 1034 3092 eujus
1057 3045 1166 3081 velut
1188 3047 1366 3082 centrum
1388 3047 1428 3082 et
1449 3058 1542 3093 apex
1566 3048 1623 3082 est
1645 3045 1874 3082 sacrificium

144 3103 257 3148 illud,
282 3103 386 3151 quod
408 3116 428 3140 a
450 3103 542 3140 solis
565 3104 654 3140 ortu
676 3116 799 3151 usque
822 3103 865 3140 ad
891 3114 1067 3140 occasum
1082 3103 1161 3140 Deo
1182 3104 1353 3141 offertur.
1377 3104 1500 3151 Atqui
1524 3103 1626 3140 idem
1643 3103 1874 3140 sacrificium

287 3182 312 3207 H
322 3190 339 3207 u
349 3184 383 3207 rt
393 3189 407 3207 e
419 3189 450 3213 r,
473 3181 619 3213 compend.
641 3181 794 3214 theologiae
815 3182 835 3206 I.
860 3180 900 3206 10.
924 3181 966 3207 ed.
1618 3172 1662 3203 30
