2175 3382
861 108 988 143 Falsae
1005 109 1176 147 notiones
1197 109 1291 143 fidei.
1863 114 1950 155 477

209 233 351 270 habere
373 232 512 271 motivi
535 232 673 269 saltem
695 231 953 280 partialis.
997 231 1203 268 Rationem
1224 230 1324 267 forte
1347 232 1597 279 praecipuam
1622 232 1740 281 hujus
1763 233 1945 271 assertio-

210 292 272 329 nis
294 292 352 329 ita
373 291 557 329 enunciat
577 291 735 328 Pesch
767 291 948 339 praelect.
970 292 999 327 t.
1020 289 1113 326 VIII
1134 302 1171 326 n.
1198 295 1300 328 226:
1336 290 1561 333 „Revelatio
1593 294 1651 328 est
1672 292 1767 329 unio
1798 292 1946 329 veraci-

209 351 304 389 tatis
327 351 480 388 divinae
502 362 590 387 cum
612 350 763 398 objecto
784 349 969 386 revelato.
1013 348 1135 396 Atqui
1160 349 1252 385 haec
1273 348 1367 385 unio
1392 349 1535 397 objecti
1557 351 1719 387 revelati
1741 362 1829 387 cum
1843 352 1946 388 veri-

209 412 291 447 tate
313 410 445 447 divina
466 421 544 446 non
566 409 699 445 minus
721 411 853 446 movet
874 408 922 445 ad
944 420 1148 445 assensum
1170 407 1260 445 fidei
1283 419 1401 455 quam
1424 410 1704 456 consequentia
1726 410 1946 458 syllogismi

209 469 258 506 ad
281 481 481 506 assensum
506 467 689 505 scientiae
711 467 811 505 circa
833 467 1133 505 conclusionem.
1176 467 1278 515 Ergo
1302 469 1359 503 est
1382 479 1519 504 verum
1541 469 1733 504 motivum
1748 469 1847 513 fidei,
1871 482 1947 506 non

208 541 311 577 pura
333 527 517 573 conditio,
541 527 634 575 quia
655 539 753 575 pura
774 525 947 563 conditio
969 538 1048 563 non
1070 528 1212 571 movet,
1236 538 1363 573 neque
1386 526 1501 562 illum
1523 526 1736 574 positivum
1758 527 1949 565 influxum

209 587 252 624 in
273 588 404 624 actum
425 586 553 625 habet.
564 591 581 609 «
624 585 845 622 Prudenter
867 595 957 622 vero
979 586 1114 622 monet
1135 597 1172 621 n.
1198 590 1292 630 222,
1318 585 1415 621 hanc
1449 585 1719 632 quaestionem
1741 599 1818 623 non
1849 588 1952 623 tanti

210 658 293 684 esse
315 645 514 690 momenti,
547 647 586 681 et
617 644 716 681 circa
746 656 827 681 rem
861 644 986 692 ipsam
1017 656 1095 681 non
1127 655 1207 681 esse
1239 643 1461 680 dissensum
1496 644 1600 681 inter
1634 645 1848 694 theologOS,
1884 646 1951 683 sed

209 705 341 754 potius
365 705 479 742 aliter
500 704 548 741 ab
571 703 658 740 aliis
681 705 828 740 statum
851 703 1091 751 quaestionis
1112 703 1277 751 proponi
1301 705 1419 751 atque
1443 703 1695 740 determinari
1714 701 1758 755 1).

328 786 426 828 459.
449 783 678 828 Scholion
700 784 738 827 Ι.
782 783 935 824 Falsae
969 784 1153 824 notiones
1184 783 1292 837 fidei.
1325 809 1382 814 —-
1413 782 1650 824 Fatendum
1683 783 1852 836 quidem
1885 790 1951 825 est

209 854 343 896 fidei
365 867 523 896 nomen
548 866 678 907 saepe
700 855 789 895 sive
811 854 1046 896 secundum
1061 854 1276 907 quandam
1291 854 1532 906 analogiam
1555 854 1643 895 sive
1666 866 1741 906 per
1763 854 1944 895 abusum

211 925 303 967 aliis
316 926 444 967 tribui
458 926 611 966 mentis
627 925 884 974 assensibus,
908 938 934 966 a
956 938 1040 978 qua
1061 924 1262 978 loquendi
1275 925 1445 966 licentia
1459 925 1644 966 maxime
1667 926 1710 965 in
1731 925 1946 979 theologia

210 1001 275 1038 est
296 996 607 1046 abstinendum,
629 1009 683 1038 ne
705 997 819 1037 circa
842 995 938 1037 fidei
958 996 1223 1047 theologicae
1237 1001 1435 1037 naturam
1452 996 1628 1048 turpiter
1651 1008 1853 1046 erremus,
1877 1002 1942 1037 at-

211 1079 292 1121 que
315 1067 420 1108 alios
441 1068 485 1108 in
507 1079 674 1108 errores
696 1067 984 1120 prolabamur,
1015 1070 1062 1107 ut
1092 1067 1206 1107 haud
1237 1067 1385 1119 paucis
1416 1067 1459 1107 in
1481 1064 1712 1108 Germania
1735 1067 1944 1119 theologis

209 1142 358 1180 nostro
382 1138 526 1179 seculo
550 1139 715 1179 accidit.
759 1137 1028 1190 Quapropter
1050 1138 1248 1189 distingui
1272 1137 1399 1178 debet
1422 1137 1524 1178 fides

262 1202 265 1204 ’
334 1209 372 1254 1.
396 1222 422 1250 a
444 1208 651 1251 fiducia
673 1210 1012 1262 protestantium,
1035 1221 1144 1262 quae
1168 1214 1232 1250 est
1254 1210 1394 1262 potius
1417 1213 1537 1250 actus
1560 1210 1800 1260 voluntatis,
1822 1222 1949 1264 quem

212 1292 402 1322 errorem
425 1281 555 1322 fusius
577 1280 855 1322 refutabimus
878 1280 1134 1322 disserentes
1157 1280 1209 1321 de
1236 1280 1539 1333 justificatione
1563 1282 1606 1337 (t.
1629 1281 1679 1322 III
1702 1295 1739 1322 n.
1768 1285 1848 1326 138
1873 1282 1945 1338 s.);

329 1352 371 1395 2.
394 1351 448 1392 ab
472 1351 734 1404 opinione
752 1352 796 1407 2),
829 1363 1013 1404 quacum
1037 1352 1235 1392 convenit
1258 1351 1428 1404 quidem
1454 1352 1497 1391 in
1519 1351 1685 1393 defectu
1708 1352 1948 1394 evidentiae

212 1426 254 1464 et
273 1422 481 1472 libertate,
504 1422 579 1463 sed
601 1422 738 1464 differt
759 1423 1010 1464 certitudine
1033 1427 1075 1464 et
1096 1422 1373 1463 fundamento
1397 1435 1472 1463 seu
1494 1423 1676 1471 motivo,

333 1495 376 1537 3.
410 1506 436 1534 a
465 1493 660 1546 religioso
683 1493 749 1535 vel
773 1493 925 1535 morali
948 1498 989 1535 et
1011 1493 1246 1535 sublimiori
1269 1494 1400 1534 animi
1422 1506 1588 1534 sensu
1610 1494 1845 1550 (religioses
1867 1495 1948 1535 Be-

213 1566 449 1615 wusstsein,
480 1563 631 1606 Geffihl
662 1565 738 1606 der
758 1565 1046 1618 unbedingten
1069 1564 1408 1622 Abhangigkeit),
1440 1565 1506 1606 vel
1537 1566 1727 1606 interiori
1759 1565 1946 1607 sensibili

213 1636 475 1689 experientia
497 1648 571 1678 seu
593 1636 859 1688 pietistarum
881 1635 973 1685 fide,
1006 1648 1115 1689 quae
1149 1636 1203 1677 ad
1235 1648 1410 1677 coecum
1443 1637 1688 1677 instinctum
1711 1641 1955 1687 revocatur„

213 1708 285 1760 qui
307 1712 424 1749 caret
445 1708 604 1748 motivo
627 1707 838 1756 rationali,
861 1712 988 1760 atque
1011 1708 1201 1748 innititur
1223 1719 1351 1748 sensu
1373 1720 1482 1759 vago
1505 1712 1547 1748 et
1568 1707 1816 1760 subjectivo,
1839 1708 1948 1748 ima-

213 1778 439 1831 ginatione.
483 1777 538 1821 Cf.
563 1777 781 1819 Schmid
804 1777 1053 1822 Untersuch.
1084 1778 1190 1820 iiber
1222 1778 1304 1820 den
1334 1778 1489 1819 letzten
1511 1777 1846 1831 Gewissheitsgr.
1870 1779 1944 1820 des

213 1846 573 1902 Offenbarungsgl.
603 1853 724 1894 1879.

331 1920 375 1964 4.
411 1920 466 1961 ab
501 1920 908 1973 approbatione
942 1920 1134 1962 idearum
1168 1920 1463 1972 religiosarum
1505 1932 1581 1961 seu
1623 1920 1849 1962 moralium
1893 1920 1950 1961 ob

213 1991 467 2044 exigentiam
489 1992 736 2044 practicam,
767 1996 813 2033 ut
844 1992 973 2033 homo
1006 1996 1145 2033 servet
1171 2004 1292 2032 suam
1316 1991 1573 2044 dignitatem,
1606 2003 1715 2045 quae
1747 1996 1811 2032 est
1843 1990 1946 2032 fides

212 2061 498 2110 kantiana;

331 2134 371 2177 5.
394 2146 420 2174 a
441 2133 701 2183 scientia,
723 2146 908 2186 quacum
930 2133 1100 2186 quidem
1122 2133 1224 2174 fides
1247 2134 1456 2183 convenit,
1480 2138 1688 2186 quatenus
1711 2137 1775 2173 est
1797 2144 1943 2173 assen-

212 2217 285 2244 sus
318 2204 463 2245 firmus
498 2210 540 2246 et
570 2206 802 2253 rationalis,
837 2206 912 2247 sed
943 2205 1082 2247 differt
1114 2206 1299 2255 motivo,·
1333 2217 1465 2258 quare
1487 2206 1612 2257 plane
1634 2204 1863 2257 rejicienda
1885 2209 1950 2246 est

213 2274 406 2316 doctrina
429 2276 517 2316 sive
538 2275 828 2326 Hermesii,
861 2276 1096 2318 secundum
1118 2288 1244 2329 quem
1268 2277 1406 2317 omnis
1428 2276 1549 2316 firma
1570 2276 1792 2328 persuasio
1814 2276 1948 2317 ratio-

211 2345 335 2386 nibus
358 2346 606 2399 cogentibus
627 2347 872 2388 theoreticis
904 2347 970 2388 vel
1000 2348 1198 2400 practicis
1230 2347 1402 2388 inducta
1425 2347 1527 2387 fides
1551 2351 1615 2387 est
1637 2347 1827 2396 dicenda,
1860 2347 1951 2388 sive

211 2417 587 2468 rationalistarum,
609 2418 760 2470 quibus
775 2418 882 2459 duce
896 2417 952 2458 W
964 2430 987 2459 e
999 2431 1022 2470 g
1035 2431 1055 2459 ε
1067 2430 1089 2458 c
1101 2418 1128 2458 h
1141 2430 1163 2459 e
1175 2418 1188 2458 i
1200 2418 1225 2458 d
1239 2430 1261 2458 e
1273 2431 1294 2458 r
1315 2417 1417 2458 fides
1432 2417 1629 2469 religiosa
1643 2422 1706 2458 est
1727 2418 1951 2470 persuasio

212 2488 388 2529 rationis
410 2488 462 2529 de
484 2489 612 2530 rebus
635 2488 808 2537 divinis3

329 2559 372 2603 6.
406 2571 432 2599 a
463 2560 703 2611 cognitione
735 2560 974 2601 mediata
1006 2571 1162 2600 causae
1185 2571 1236 2600 ex
1259 2559 1421 2608 effectu,
1452 2559 1717 2600 substantiae
1740 2571 1791 2600 ex
1813 2560 1949 2612 phae-

212 2630 418 2679 nomenis,
450 2643 534 2682 quo
566 2643 695 2672 sensu
726 2631 961 2672 secundum
985 2628 1163 2671 Giinth
1178 2642 1234 2671 er
1265 2630 1449 2682 cognitio
1472 2630 1548 2671 Dei
1579 2642 1630 2671 ex
1656 2631 1862 2671 creaturis
1885 2635 1950 2671 est

212 2698 334 2740 fides:
366 2712 467 2741 nam
499 2702 692 2754 quamvis
724 2702 897 2743 effectus
931 2705 971 2742 et
1002 2701 1300 2753 phaenomena
1331 2713 1408 2742 suo
1441 2701 1569 2743 modo
1607 2706 1815 2743 testentur
1838 2702 1950 2742 exsi-

212 2770 411 2811 stentiam
441 2771 530 2813 sive
561 2784 717 2813 causae
749 2773 836 2814 sive
868 2771 1144 2822 substantiae,
1176 2784 1263 2813 non
1295 2772 1503 2824 ejusmodi
1536 2778 1683 2814 tamen
1704 2773 1949 2814 testimonio

360 2916 382 2953 ¹)
401 2912 452 2947 Cf.
471 2913 515 2947 de
529 2913 598 2947 hac
612 2914 767 2957 aliisque
782 2913 980 2948 subtilibus
994 2913 1274 2987 quaestionibus
1294 2913 1343 2947 Ri
1357 2926 1380 2958 p
1393 2914 1472 2948 ald
1484 2926 1505 2948 a
1523 2914 1568 2948 de
1586 2914 1656 2948 fide
1669 2915 1761 2957 disp.
1778 2917 1814 2951 2:
1836 2913 1951 2947 theol.

212 2965 638 3011 wiiceburgenses
657 2969 702 3003 tr.
722 2968 765 3002 de
784 2968 914 3001 virtut.
933 2966 1045 3000 theol.
1064 2979 1099 3000 n.
1122 2969 1186 3001 137
1205 2978 1250 3001 ss.
1263 2968 1541 3005 ;Mazzella
1560 2968 1603 3002 de
1621 2968 1703 3002 virt.
1723 2968 1855 3000 infusis
1874 2966 1906 2999 d.
1928 2968 1950 2999 2

212 3029 245 3053 a.
264 3021 294 3055 3
313 3022 354 3057 4;
373 3021 594 3063 praesertim
613 3021 862 3065 Kleutgen
880 3031 1003 3065 opusc.
1024 3019 1096 3060 cit„
1117 3020 1282 3054 Munster
1304 3023 1404 3055 1875.

357 3071 452 3118 ²)Cf
472 3072 677 3107 Thomas
698 3077 726 3107 1.
747 3076 767 3106 2
786 3085 819 3117 q.
840 3076 883 3108 67
903 3072 1290 3112 a.3;Be1··na1dus
1309 3074 1352 3107 de
1373 3074 1509 3108 consid.
1529 3074 1571 3115 V,
1593 3076 1613 3107 3
1632 3084 1688 3117 op.
1709 3073 1851 3107 XLVII.
