2175 3382
239 121 321 158 :34⁸3
1051 106 1170 141 Index.

1889 219 1938 254 Pa
1970 248 1976 254 .

473 288 557 320 sch
572 286 707 320 olion
731 283 774 318 ll.
803 282 854 316 De
881 282 1093 316 discrimine
1121 280 1218 315 inter
1244 280 1354 314 libros
1382 279 1733 314 deuterocanonicos
1752 282 1787 313 et
1942 232 1966 265 g

519 342 838 390 protocanoiiicos,
857 341 956 385 quod
974 341 1107 374 statuit
1122 340 1219 375 Jahn
1248 367 1254 372 .
1355 365 1362 373 .
1461 365 1468 372 .
1567 366 1574 372 .
1674 366 1680 372 .
1779 363 1787 372 .
1913 340 1979 374 194

995 413 1131 468 Caput
1153 413 1212 455 111.

853 487 909 521 Dc
930 487 1141 521 authentia
1158 486 1370 529 Vulgatae.

243 550 370 584 Thesis
388 551 444 585 36.
463 550 548 584 „lure
567 557 631 581 suo
651 545 815 580 Ecclesia
833 545 1025 590 vulgatam
1043 544 1295 579 authenticam
1315 543 1518 578 declaravit
1569 570 1576 577 .
1676 573 1681 578 .
1781 568 1790 577 .
1914 543 1980 577 195

454 606 668 651 Explicatur
686 616 759 649 quo
779 615 886 639 sensu
906 603 1064 647 vulgata
1083 604 1299 637 authentica
1317 603 1365 636 sit
1462 629 1469 636 .
1570 629 1577 636 .
1677 627 1684 634 .
1783 629 1790 635 .
1915 602 1980 635 197

1000 677 1137 731 Caput
1157 678 1224 719 IV.

662 750 719 785 De
739 750 880 784 habitu
900 751 1008 785 iuter
1026 750 1267 794 scripturam
1286 751 1326 784 et
1344 749 1569 785 ecclesiam.

459 810 512 844 De
531 809 663 844 habitu
681 808 886 853 scripturae
905 808 951 842 ad
970 807 1162 842 ecclesiam
1180 808 1373 842 docentem
1464 834 1471 840 .
1571 832 1578 839 .
1677 833 1684 839 .
1784 832 1792 840 .
1914 807 1981 840 202

456 870 509 903 De
528 869 730 913 scripturae
749 867 975 902 obscuritate
1035 892 1046 902 .
1144 893 1152 900 .
1252 898 1257 903 .
1358 893 1365 901 .
1466 897 1471 903 .
1571 895 1578 900 .
1679 892 1684 898 .
1786 895 1791 900 .
1913 866 1982 899 203

455 928 506 962 De
525 927 658 962 habitu
678 926 879 971 scripturae
898 927 946 960 ad
964 927 1154 961 ecclesiam
1174 926 1374 960 discentem
1465 950 1472 958 .
1572 952 1579 958 .
1680 952 1687 958 .
1785 953 1792 959 .
1915 926 1984 958 204

453 988 505 1022 De
524 999 550 1021 s.
570 987 775 1031 scriptura-e
794 986 950 1020 lectione
969 986 1016 1020 ab
1035 986 1189 1020 ecclesia
1207 985 1433 1020 moderanda
1464 1011 1471 1018 .
1570 1011 1577 1018 .
1675 1009 1683 1016 .
1783 1009 1790 1016 .
1914 985 1982 1018 205

946 1059 1181 1102 Tractatus
1205 1058 1264 1101 ΙΙΙ.

764 1146 856 1199 De
886 1145 1182 1199 Ecclesia
1209 1144 1466 1199 Christi.

459 1246 731 1291 Disputat-ionis
752 1256 833 1278 cum
851 1245 1160 1289 praecedentibus
1178 1255 1293 1279 nexus
1360 1271 1367 1278 .
1467 1271 1474 1278 .
1574 1268 1581 1276 .
1680 1268 1687 1275 .
1788 1272 1794 1278 .
1915 1243 1985 1276 207

459 1304 511 1340 De
529 1303 714 1338 Ecclesiae
732 1304 962 1348 praestantia
1040 1330 1047 1337 .
1144 1328 1154 1337 .
1252 1330 1259 1337 .
1358 1330 1365 1337 .
1467 1329 1474 1335 .
1575 1333 1580 1336 .
1681 1329 1688 1335 .
1786 1326 1794 1334 .
1915 1301 1985 1336 207

457 1363 619 1398 Ecclesia
638 1363 677 1397 iu
696 1363 737 1396 V.
757 1364 797 1397 T.
815 1363 1061 1408 praefigurata
1079 1367 1116 1397 et
1132 1363 1322 1408 praedicta
1359 1389 1365 1396 .
1465 1389 1473 1396 .
1573 1387 1581 1395 .
1679 1387 1686 1395 .
1785 1388 1792 1394 .
1916 1361 1986 1394 208

458 1423 643 1468 Analogia
661 1424 759 1457 inter
775 1423 979 1457 Ecclesiam
999 1424 1035 1457 et
1053 1422 1238 1457 Christum
1361 1449 1368 1455 .
1468 1449 1475 1455 .
1574 1449 1581 1455 .
1681 1450 1687 1456 .
1787 1447 1794 1454 .
1917 1422 1985 1456 209

457 1485 643 1520 Ecclesiae
658 1486 761 1520 notio
825 1514 832 1521 .
931 1513 937 1520 .
1035 1510 1046 1520 .
1143 1513 1154 1522 .
1249 1509 1262 1521 .
1358 1511 1367 1519 .
1465 1510 1473 1517 .
1573 1511 1579 1517 .
1679 1509 1687 1517 .
1787 1509 1793 1515 .
1917 1483 1980 1516 211

942 1569 974 1610 Ρ
986 1582 1011 1610 a
1024 1582 1044 1609 r
1055 1583 1074 1610 s
1106 1582 1132 1621 p
1144 1570 1242 1609 rim
1253 1581 1290 1609 a.

703 1654 772 1696 De
796 1653 1016 1696 Ecclesia
1040 1651 1227 1696 Christi
1248 1652 1538 1705 generatim.

1026 1734 1162 1788 Caput
1182 1735 1209 1776 I.

852 1807 909 1842 De
928 1806 1133 1842 Ecclesiae
1151 1806 1384 1841 existentia.

247 1866 376 1900 Thesis
395 1867 452 1900 37.
472 1865 638 1900 Christus
656 1865 860 1899 Ecclesiam
877 1864 1045 1899 instituit
1061 1865 1116 1899 ita
1133 1865 1178 1899 ut
1194 1864 1242 1898 sit
1261 1863 1418 1898 societas
1469 1889 1477 1896 .
1918 1863 1985 1895 212

531 1923 557 1958 C
573 1936 593 1958 o
604 1936 622 1957 r
634 1924 678 1959 ol
690 1924 713 1958 1.
734 1923 888 1966 Quando
907 1923 1071 1958 Ecclesia
1088 1923 1251 1968 coeperit
1918 1924 1988 1956 214

248 1985 376 2018 Thesis
395 1987 453 2019 38.
471 1984 633 2019 Ecclesia
652 1985 707 2017 est
724 1984 896 2028 perennis
914 1985 951 2018 et-
969 1984 1014 2017 ad
1032 1984 1142 2018 finem
1160 1982 1291 2018 mundi
1307 1983 1482 2017 duratura
1575 2010 1582 2017 .
1681 2010 1688 2017 .
1787 2010 1795 2017 .
1917 1984 1985 2017 215

252 2044 380 2078 Thesis
400 2045 454 2080 39.
474 2043 633 2078 Ecclesia
652 2044 788 2078 Christi
807 2045 860 2078 est
877 2044 1035 2078 visibilis
1148 2070 1156 2078 .
1917 2043 1986 2076 220

1017 2115 1154 2168 Caput
1173 2116 1216 2157 ΙΙ.

866 2188 926 2223 De
945 2188 1150 2223 Ecclesiae
1168 2189 1357 2223 essentia.

928 2264 1134 2302 Articulus
1155 2264 1318 2312 primus.

764 2330 826 2364 De
853 2341 1002 2364 causa
1026 2329 1177 2364 finali
1203 2329 1465 2364 Ecclesiae.

466 2388 650 2423 Ecclesiae
668 2400 777 2423 causa
796 2389 957 2423 efficiens
975 2390 1013 2423 et
1030 2389 1249 2433 exemplaris
1363 2415 1372 2423 .
1471 2416 1478 2423 .
1577 2415 1584 2422 .
1684 2415 1691 2422 .
1791 2419 1797 2425 .
1918 2389 1986 2421 225

464 2447 647 2482 Ecclesiae
664 2448 746 2482 finis
819 2475 827 2482 .
926 2475 934 2482 .
1033 2476 1041 2483 .
1140 2476 1148 2484 .
1247 2479 1254 2486 ,
1353 2475 1373 2483 ..
1471 2474 1478 2482 .
1578 2475 1585 2482 .
1684 2476 1691 2482 .
1790 2474 1798 2482 .
1919 2449 1988 2482 226

251 2506 383 2541 Thesis
401 2509 458 2541 40.
477 2506 637 2540 Ecclesia
657 2508 714 2540 est
731 2507 887 2541 societas
906 2507 1197 2552 supernaturalis
1224 2510 1261 2542 et
1287 2519 1419 2552 corpus
1437 2507 1575 2542 Christi
1590 2508 1798 2553 mysfficum,

536 2564 715 2599 distincta
732 2576 752 2599 a
770 2566 947 2600 societate
965 2566 1066 2600 civili
1084 2568 1122 2600 et
1139 2577 1160 2600 a
1179 2565 1306 2601 schola
1321 2565 1579 2611 philosophica
1685 2593 1692 2600 .
1791 2595 1798 2602 .
1919 2566 1989 2601 227

254 2624 384 2659 Thesis
401 2626 458 2658 41.
477 2622 637 2657 Ecclesia
655 2625 690 2658 et
709 2625 864 2659 societas
880 2626 1048 2670 perfecta
1153 2652 1160 2659 .
1258 2651 1267 2659 .
1366 2652 1374 2659 .
1473 2652 1481 2659 .
1580 2653 1588 2660 .
1685 2651 1692 2658 .
1791 2651 1798 2658 .
1920 2625 1988 2659 239

489 2682 512 2716 S
524 2693 541 2716 c
552 2683 576 2715 h
589 2681 687 2716 olio
698 2694 734 2717 n.
754 2684 936 2718 Ecclesiae
953 2684 1130 2719 beneficia
1146 2686 1186 2718 in
1203 2694 1318 2730 genus
1339 2685 1541 2718 humanum
1579 2710 1586 2717 .
1685 2714 1692 2720 .
1791 2711 1798 2717 .
1920 2686 1987 2717 242

256 2740 385 2776 Thesis
401 2744 458 2774 42.
477 2741 592 2774 Extra
609 2740 807 2776 Ecclesiam
825 2753 900 2776 non
917 2745 972 2777 est
989 2743 1088 2777 salus
1152 2767 1162 2777 .
1260 2772 1268 2779 .
1366 2769 1374 2778 .
1473 2770 1480 2777 .
1579 2769 1586 2776 .
1686 2769 1693 2776 .
1792 2769 1799 2775 .
1920 2744 1988 2776 245

507 2846 513 2853 Ι
539 2800 564 2834 C
578 2800 718 2834 oroll.
737 2800 790 2835 De
809 2801 1010 2836 tolerantia
1028 2804 1066 2836 et
1082 2802 1323 2836 intolerantia
1340 2802 1513 2847 religiosa
1579 2829 1586 2836 .
1685 2829 1692 2836 .
1791 2828 1799 2837 .
1921 2805 1988 2836 251

907 2879 1111 2916 Articulus
1135 2879 1343 2917 secundus.
1376 2875 1382 2878 ’

359 2943 422 2978 De
449 2954 595 2978 causa
621 2943 881 2978 materiali
906 2945 1187 2987 Ecclesiae,
1216 2957 1297 2981 seu
1326 2946 1379 2980 de
1405 2946 1655 2981 Ecclesiae
1680 2944 1917 2980 membris.

468 3002 651 3037 Ecclesiae
669 3013 799 3047 corpus
817 3011 853 3037 et
871 3005 998 3039 anima
1049 3033 1055 3040 .
1155 3033 1162 3040 .
1261 3033 1268 3040 .
1367 3033 1374 3040 .
1473 3033 1480 3040 .
1580 3033 1587 3041 .
1685 3032 1693 3039 .
1791 3032 1799 3039 .
1921 3009 1991 3041 254

467 3062 623 3096 Remota
640 3061 823 3097 Ecclesiae
841 3063 995 3097 materia
1047 3090 1054 3097 .
1153 3091 1161 3099 .
1259 3092 1268 3100 .
1367 3093 1374 3101 .
1471 3091 1480 3100 .
1579 3092 1588 3099 .
1685 3092 1694 3099 .
1793 3092 1800 3099 .
1920 3067 1989 3100 255
