2175 3382
922 147 995 170 non
1014 137 1069 171 est
1086 137 1195 171 salus.
1836 142 1921 188 ‘249

185 261 398 311 Ecclesiam
419 261 461 297 in
483 260 611 297 Patris
632 261 673 296 et
694 259 782 296 Filii
803 261 844 296 et
866 257 1033 307 Spiritus
1056 258 1179 295 sancti
1202 259 1356 295 nomine
1379 259 1616 306 baptizatur,
1639 260 1670 296 si
1696 261 1783 297 ante
1805 260 1922 297 finem

187 312 403 370 praesentis
427 319 530 356 vitae
561 330 638 356 non
669 317 792 355 fuerit
813 317 1024 354 catholicae
1051 317 1262 354 restitutus
1283 317 1484 357 Ecclesiae,
1518 330 1597 354 non
1619 319 1764 356 carebit
1785 321 1921 364 morte,

187 378 253 416 sed
283 378 436 427 requie:
470 378 563 427 quia
593 378 633 414 et
657 378 832 425 tempore
864 375 1016 419 diluvii,
1051 376 1083 412 si
1105 375 1194 423 quis
1216 375 1257 411 in
1279 388 1406 412 arcam
1431 376 1510 413 Notv2
1532 389 1610 414 non
1633 379 1689 413 est
1711 366 1921 427 ingressus,

186 449 266 475 non
295 439 354 475 est
385 437 559 474 salvatus
582 435 743 480 diluvio,
777 435 843 472 sed
865 436 1036 479 necatus,
1069 446 1139 471 nec
1161 434 1327 471 salutem
1351 434 1504 471 invenit
1525 435 1565 471 in
1588 448 1698 483 aqua,
1731 436 1799 473 sed
1820 449 1921 474 mor·
1949 437 1952 441 ’

186 499 277 534 tem.
319 497 433 545 Aqua
463 495 609 544 quippe
650 495 729 539 illa,
773 494 815 531 in
847 506 924 542 qua
954 492 1295 542 praefigurabatur
1334 493 1584 541 baptismatis
1627 498 1922 541 sacramentum,

189 567 446 604 quoscunque
475 555 517 591 in
548 566 637 591 arca
667 553 826 601 reperit,
860 566 882 589 a
912 555 1019 589 terra
1049 564 1254 600 suspensos
1285 552 1332 589 ad
1364 552 1547 589 coelestia
1581 553 1831 598 sublimavit3
1862 549 1923 591 re—

191 615 324 652 siduos
355 617 487 651 autem
517 624 722 662 oppressos
754 611 908 656 occidit,
943 623 1039 660 quos
1070 611 1164 648 foris
1185 611 1349 648 invenit.
1393 611 1442 648 Et
1462 613 1652 659 pereunte
1679 612 1867 653 Hiericho.
1892 613 1925 650 si

188 686 286 722 quos
309 673 446 710 domus
467 672 599 709 Rahab
621 670 838 708 meretricis
860 670 1033 715 inclusit,
1057 669 1272 707 incolumes
1295 670 1412 707 Jesus
1434 682 1587 707 servare
1609 671 1806 719 praecepit
1830 669 1870 722 (J
1873 684 1924 709 os.

194 740 229 778 6,
266 738 339 776 25;
371 731 543 779 reliquos
576 742 678 776 vero,
721 741 818 778 quos
859 729 929 766 illa
958 742 1037 767 non
1067 729 1296 766 continebat
1325 729 1475 774 domus,
1518 729 1636 765 unius
1666 730 1803 767 mortis
1836 742 1925 767 con-

191 791 360 840 sumpsit
389 790 589 827 interitus.
631 790 677 826 In
699 789 767 826 illa
788 789 914 838 igitur
936 801 1023 826 arca
1048 790 1087 825 et
1109 788 1150 825 in
1172 788 1240 825 illa
1262 788 1374 825 domo
1397 801 1475 825 una
1496 788 1707 835 eademque
1729 789 1925 838 praefigu-

189 850 352 888 rabatur
372 849 585 887 Ecclesia<

308 919 350 961 6.
372 916 562 969 Denique
585 920 746 957 certum
771 920 836 956 est
858 927 966 963 eum,
990 914 1060 967 qui
1082 914 1248 966 peccati
1266 914 1444 967 alicujus
1466 914 1601 955 letalis
1626 926 1723 955 reus
1738 916 1928 964 moritur,

193 988 374 1029 salutem
395 999 482 1028 non
504 986 718 1039 consequi.
760 985 888 1038 Atqui
914 997 966 1026 ex
988 985 1198 1026 sententia
1221 985 1351 1026 totius
1373 985 1648 1037 antiquitatis,
1680 986 1765 1026 imo
1798 986 1928 1038 ipsius

187 1057 347 1109 {Christi
368 1058 513 1136 Mattth.
540 1061 604 1106 18,
640 1059 704 1105 17,
737 1057 1033 1108 gravissimum
1065 1056 1227 1096 crimen
1259 1060 1322 1096 est
1353 1056 1568 1108 separatio
1599 1056 1839 1097 voluntaria
1874 1056 1928 1097 ab

191 1129 392 1172 Ecclesia.
432 1128 578 1179 „Tales
601 1128 768 1169 etiamsi
790 1128 931 1177 occisi,
954 1127 1089 1180 inquit
1111 1126 1420 1180 Cyprianus
1442 1140 1482 1167 n.
1508 1130 1573 1176 14,
1596 1127 1640 1167 in
1662 1126 1929 1168 confessione

185 1200 378 1242 *nominis
400 1199 564 1249 fuerint,
587 1199 757 1240 macula
778 1199 860 1239 ista
881 1209 960 1239 nec
982 1198 1188 1250 sanguine
1212 1197 1407 1240 abluitur.
1437 1198 1706 1250 Inexpiabilis
1729 1203 1770 1239 et
1791 1199 1930 1250 gravis

187 1261 320 1324 ‘culpa
342 1270 581 1312 discordiae
603 1281 682 1311 nec
704 1270 904 1322 passione
926 1274 1140 1321 purgatur.
1183 1268 1286 1310 Esse
1309 1273 1471 1322 martyr
1493 1281 1581 1310 non
1604 1273 1753 1321 potest,
1786 1270 1857 1322 qui
1887 1270 1931 1310 in

197 1342 385 1383 Ecclesia
405 1354 492 1382 non
514 1346 578 1382 est
601 1374 608 1381 .
632 1375 639 1381 .
663 1374 671 1381 .
694 1340 884 1381 Ardeant
915 1340 1014 1380 licet
1044 1339 1226 1380 flammis
1259 1344 1300 1380 et
1330 1339 1496 1392 ignibus
1523 1339 1666 1380 traditi
1687 1340 1754 1380 vel
1777 1340 1931 1392 obJecti

195 1413 341 1454 bestiis
364 1414 529 1453 animas
551 1424 652 1453 suas
674 1416 847 1464 ponant,
879 1423 966 1452 non
998 1411 1076 1451 erit
1107 1411 1179 1451 illa
1210 1410 1306 1452 fidei
1337 1423 1498 1452 corona
1530 1410 1604 1452 sed
1635 1422 1776 1462 poena
1806 1410 1931 1463 perfi-

200 1484 294 1531 diae
305 1457 426 1530 ;'i1ec
447 1484 670 1535 religiosae
692 1483 856 1523 virtutis
878 1482 1014 1522 exitus
1037 1481 1257 1533 gloriosus,
1289 1481 1364 1522 sed
1395 1481 1704 1534 desperationis
1726 1481 1930 1522 interitus.

201 1552 344 1596 Occidi
366 1554 461 1595 talis
483 1552 635 1607 potest,
667 1554 865 1594 coronari
887 1565 973 1593 non
996 1557 1146 1605 potest.
1190 1551 1247 1596 Cf.
1270 1565 1308 1595 n.
1337 1556 1399 1596 17.
1426 1555 1499 1601 193
1532 1552 1763 1604 Optatus
1794 1551 1931 1595 milev,

196 1626 223 1675 Ι,
241 1627 294 1668 21
308 1641 317 1675 ;
331 1625 365 1666 D
376 1639 404 1666 u
416 1625 542 1665 blan
553 1625 615 1665 ch
626 1637 652 1677 y
672 1624 723 1665 de
739 1636 804 1664 ax.
819 1623 958 1672 ,Extra
969 1622 1202 1664 Ecclesiam
1216 1635 1304 1663 non
1318 1627 1383 1664 est
1396 1623 1535 1672 salus&
1549 1623 1789 1664 Barriducis
1810 1626 1931 1667 1895.

314 1711 411 1753 221.
439 1707 721 1752 Corollaria.
767 1708 807 1749 1.
841 1706 900 1746 Ex
932 1706 1041 1747 thesi
1071 1706 1262 1758 sequitur
1291 1705 1525 1746 Ecclesiam
1557 1717 1650 1746 esse
1683 1706 1933 1746 societatem

197 1779 594 1827 necessariam,
627 1790 756 1831 quam
787 1777 982 1818 homines
1015 1789 1066 1817 ex
1092 1781 1320 1829 praecepto
1345 1776 1487 1816 divino
1510 1776 1673 1828 ingredi
1695 1780 1930 1823 teneantur„

197 1862 334 1903 neque
357 1861 451 1890 esse
474 1850 518 1890 in
538 1849 723 1890 hominis
747 1848 921 1889 arbitrio
944 1852 1086 1888 utrum
1108 1847 1207 1888 velit
1229 1847 1366 1888 eidem
1390 1859 1435 1887 se
1458 1846 1687 1899 adjungere
1710 1858 1865 1894 necne;

192 1915 195 1919 ⁴
317 1922 360 1964 2.
384 1920 566 1973 ideoque
598 1933 624 1961 a
655 1919 849 1960 doctrina
871 1917 1026 1959 Christi
1057 1917 1289 1958 abhorrere
1312 1918 1530 1958 axiomata
1555 1917 1637 1967 illa,
1670 1917 1821 1970 quibus
1852 1918 1934 1957 in-

199 1991 278 2033 dif
285 1991 302 2033 f
309 1992 643 2033 erentismus
664 1991 957 2044 praedicatur:
981 1989 1035 2030 ad
1057 1990 1238 2030 salutem
1262 1988 1454 2030 sufficere
1476 1990 1657 2030 honeste
1679 1989 1833 2036 vivere,
1855 1999 1934 2028 na-

199 2067 320 2104 turae
341 2063 477 2116 legem
500 2062 750 2110 observare3
782 2061 1014 2114 quemlibet
1044 2061 1086 2101 in
1120 2073 1197 2101 sua
1230 2060 1386 2101 salvari
1412 2072 1538 2113 posse
1561 2064 1690 2109 secta,
1720 2059 1935 2100 neminem

197 2135 241 2175 in
271 2147 349 2175 sua
380 2133 701 2186 inquietandum
724 2144 817 2174 esse
839 2131 1103 2184 professione
1125 2132 1323 2184 religiosa
1342 2134 1371 2187 1)
1395 2113 1499 2172 etc.¹
1514 2130 1664 2172 Merito
1689 2142 1788 2181 ergo
1812 2129 1935 2170 dam·

198 2206 315 2246 navit
335 2204 461 2246 Pius
482 2203 550 2248 IX.
573 2203 723 2257 syllabi
744 2215 862 2255 prop.
889 2206 961 2248 15:
1002 2202 1221 2253 „Liberum
1253 2203 1405 2255 cuique
1427 2202 1590 2243 homini
1617 2206 1691 2251 est,
1726 2213 1821 2242 eam
1845 2212 1936 2240 am-

197 2275 323 2328 plecti
354 2288 404 2316 ac
435 2274 621 2328 profiteri
651 2273 909 2326 religionem,
942 2285 1069 2326 quam
1102 2274 1280 2314 rationis
1302 2273 1459 2314 lumine
1491 2273 1582 2326 quis
1619 2272 1768 2313 ductus
1790 2283 1936 2312 veram

197 2347 418 2399 putaverit.
444 2349 517 2390 16:
548 2346 751 2387 Homines
774 2346 818 2386 in
843 2345 1026 2398 cujusvis
1048 2345 1262 2397 religionis
1287 2344 1401 2385 cultu
1425 2345 1537 2385 viam
1567 2348 1767 2385 aeternae
1790 2342 1937 2383 salutis

197 2418 382 2470 reperire
404 2422 708 2470 aeternamque
730 2416 911 2457 salutem
935 2416 1102 2469 assequi
1125 2420 1314 2468 possunt.
1340 2419 1414 2459 17:
1442 2414 1604 2456 Saltem
1630 2414 1738 2455 bene
1761 2425 1936 2465 speran-

200 2488 299 2530 dum
322 2493 385 2530 est
407 2488 458 2530 de
490 2493 665 2529 aeterna
686 2487 852 2528 illorum
876 2488 1067 2528 omnium
1089 2487 1236 2528 salute
1273 2487 1343 2539 qui
1374 2487 1416 2527 in
1449 2498 1552 2527 vera
1574 2484 1729 2527 Christi
1750 2483 1938 2524 Ecclesia

197 2571 466 2613 nequaquam
498 2563 721 2600 versantur
744 2559 788 2613 2).
836 2562 909 2602 is:
941 2557 1318 2598 Protestantismus
1349 2570 1437 2599 non
1469 2557 1581 2598 aliud
1621 2560 1684 2597 est
1714 2567 1843 2608 quam
1874 2554 1936 2594 di-

341 2674 371 2715 1)
382 2670 486 2713 Quod
499 2672 633 2705 mirum
645 2672 710 2711 est,
723 2670 778 2704 vel
791 2669 1003 2703 Franciscus
1018 2669 1046 2704 O
1057 2670 1081 2703 b
1094 2680 1112 2703 e
1123 2672 1164 2703 rt
1177 2670 1202 2703 h
1212 2673 1235 2703 ii
1246 2682 1263 2703 r
1280 2670 1319 2703 in
1336 2681 1399 2703 sua
1420 2668 1504 2703 idea
1514 2667 1655 2703 biblica
1668 2668 1849 2701 Ecclesiae
1862 2666 1936 2699 Dei.

202 2725 381 2759 Solisbaci
400 2728 491 2760 1828
508 2737 543 2769 p.
563 2727 606 2759 65
626 2724 805 2758 affirmat:
843 2723 914 2762 ,Ut
932 2723 1090 2757 salutem
1109 2723 1192 2767 quis
1211 2724 1438 2768 adipiscatur
1456 2733 1531 2756 non
1548 2723 1736 2758 interesse,
1755 2721 1856 2764 cujus
1876 2719 1937 2752 Ec-

204 2779 335 2813 clesiae
354 2778 402 2812 sit
419 2778 637 2818 membrum,
653 2777 716 2811 sed
731 2788 841 2821 quam
855 2776 987 2821 justus.
998 2784 1011 2798 ¹
1027 2776 1193 2810 Ceterum
1207 2777 1388 2821 ejusmodi
1403 2776 1590 2810 axiomata
1612 2775 1844 2819 reperiuntur
1861 2774 1938 2814 jani

204 2831 301 2876 apud
317 2833 457 2865 veteres
475 2831 690 2865 haereticos.
724 2830 782 2864 Ita
799 2831 867 2874 Ap
880 2842 903 2874 p
915 2830 1011 2864 elle
1023 2841 1038 2863 s
1065 2831 1159 2863 teste
1178 2830 1207 2863 R
1217 2831 1242 2863 h
1255 2841 1275 2864 o
1287 2829 1341 2863 do
1353 2842 1376 2863 n
1390 2840 1408 2863 e
1427 2829 1526 2873 apud
1554 2828 1581 2862 E
1592 2840 1616 2861 u
1628 2840 1642 2861 s
1655 2838 1672 2861 e
1684 2828 1707 2861 b
1718 2827 1730 2860 i
1741 2839 1764 2860 u
1776 2838 1812 2859 m
1840 2825 1881 2858 H.
1898 2825 1936 2857 E.

201 2885 244 2925 V,
266 2887 307 2919 13
326 2885 529 2933 asserebat„
542 2894 616 2918 non
635 2895 712 2918 esse
732 2884 882 2918 omnino
898 2882 1182 2917 examinandam
1195 2883 1317 2924 fidem,
1332 2882 1394 2916 sed
1408 2891 1704 2925 unumquemque
1718 2880 1756 2913 in
1772 2890 1824 2918 eo,
1839 2878 1937 2921 quod
1985 2915 2000 2923 δ

202 2938 313 2973 semel
326 2937 544 2979 imbibisset,
556 2940 722 2982 perstare
738 2939 916 2983 oportere.
953 2939 1097 2981 Quippe
1125 2947 1197 2978 eos,
1227 2938 1292 2982 qui
1317 2937 1357 2970 in
1384 2936 1555 2970 crucifixo
1584 2945 1686 2978 spem
1711 2944 1812 2966 suam
1832 2931 1937 2965 collo-

203 2993 355 3031 cassent,
374 3001 451 3025 esse
470 2992 668 3025 servandos
686 2992 908 3033 affirmabat,
928 2990 1125 3024 dummodo
1143 2991 1182 3024 in
1199 2990 1308 3025 bonis
1327 2989 1500 3034 operibus
1519 2986 1889 3032 deprehenderentur.

306 3048 332 3087 2)
343 3044 517 3085 Quamvis
528 3044 618 3078 haec
632 3044 839 3089 propositio
852 3043 900 3077 sit
912 3044 1100 3083 damnata,
1111 3052 1188 3076 non
1197 3043 1392 3087 propterea
1405 3041 1617 3085 obligamur
1630 3039 1676 3072 acl
1685 3037 1936 3082 judicandum,

202 3108 327 3132 omnes
345 3097 408 3142 qui
428 3098 530 3131 extra
546 3097 762 3138 Ecclesiam*
780 3097 992 3142 (visibilem)
1011 3096 1230 3133 moriuntur,
1249 3106 1326 3130 esse
1345 3095 1550 3134 damnatos,
1571 3095 1611 3126 ut
1629 3093 1731 3135 patet
1757 3101 1799 3123 ex
1821 3089 1937 3123 thesis
