2175 3382
925 125 979 152 est
997 118 1238 162 reprobanda.
1725 115 1752 151 l»,
1798 145 1803 172 ,⁴
1862 126 1949 168 253

210 213 323 276 nesi‘)
362 238 414 276 Cf.
445 239 618 288 ejusdem
648 239 751 276 vitae
773 252 837 276 nn.
864 246 928 284 89,
955 245 1029 281 91;
1062 239 1108 277 de
1140 252 1166 276 s.
1199 240 1419 277 Martino
1453 242 1669 290 Sulpicium
1702 243 1943 281 Severum

210 298 300 335 dial.
324 303 346 337 3
371 310 501 346 opusc
523 297 702 343 XLVIII3
734 298 780 335 de
812 310 841 337 s.
865 298 1626 347 chrysostomoTheodoretum
1650 302 1695 338 H.
1718 302 1760 339 E.
1776 302 1847 347 IV,
1875 309 1944 342 24

210 356 263 394 Cf.
285 357 482 394 Muzzar
492 356 586 393 elli
608 369 740 405 opusc.
763 357 809 394 de
832 356 1045 394 tolerantia
1067 359 1107 393 et
1128 356 1396 405 inquisitione.

329 439 426 480 223.
450 436 649 477 Notanda
671 436 721 476 de
754 435 1032 477 intolerantia.
1056 461 1112 466 —-
1135 434 1253 486 Quae
1285 435 1336 476 de
1368 436 1641 478 intolerantia
1671 438 1862 488 diximus,
1896 436 1942 482 ut

209 508 288 548 rite
302 507 518 559 intelligas,
541 506 748 557 distingue
770 520 812 549 a.
836 506 945 547 inter
967 517 1021 547 se
1035 510 1152 547 ctas
1175 510 1217 547 et
1237 507 1534 556 sectarios,
1558 519 1725 549 errores
1740 515 1781 550 et
1795 522 1941 552 erran-

209 581 286 627 tes,
307 577 508 618 haereses
530 581 572 618 et
592 576 845 620 haereticos,
878 576 1068 618 Ecclesia
1081 576 1313 618 intolerans
1336 582 1400 618 est
1423 582 1463 618 et
1485 589 1578 618 esse
1601 578 1726 619 debet
1740 580 1945 623 adversus

208 648 410 689 haereses
432 652 474 688 et
495 659 685 692 errores;
717 647 904 688 tolerans
927 659 1029 688 vero
1053 652 1094 688 et
1114 647 1299 700 benigna
1321 652 1459 688 mater
1481 652 1545 689 est
1566 660 1666 700 erga
1689 655 1880 691 errantes
1902 656 1944 692 et

210 718 368 760 devios.
419 717 560 769 Quare
600 718 814 770 piissimus
845 717 972 759 Pius
1002 718 1068 759 IX.
1100 730 1251 760 omnes
1291 718 1351 759 ita
1390 719 1586 760 hortatur
1616 720 1658 759 in
1690 731 1753 772 ep.
1784 722 1946 774 encycl'.

212 793 276 833 10.
298 789 399 841 Aug.
429 792 563 834 1863:
601 788 756 839 „Absit,
786 793 833 829 ut
864 789 1101 829 catholicae
1132 787 1347 829 Ecclesiae
1379 787 1450 828 filii
1481 788 1566 829 ullo
1598 801 1786 842 unquam
1814 791 1942 831 mods»

208 860 365 901 inimici
386 860 469 901 sint
498 860 559 908 iis,
591 860 661 912 qui
692 859 883 912 ejusdem
904 858 1000 900 fidei
1023 859 1296 911 caritatisque
1318 859 1496 900 vinculis
1520 859 1744 900 nobiscum
1766 861 1939 902 minime

208 935 306 972 sunt
327 931 561 984 conjuncti:
593 931 693 983 quin
722 931 808 972 imo
839 930 932 971 illos
954 931 1042 971 sive
1064 942 1273 982 pauperes
1296 930 1385 971 sive
1408 935 1691 982 aegrotantes,
1723 932 1810 972 sive
1843 931 1940 972 aliis

207 1001 444 1055 quibusque
467 1001 682 1042 aerumnis
705 999 884 1042 afflictos
906 1000 1105 1042 omnibus
1134 1001 1391 1041 christianae
1414 1002 1603 1042 caritatis
1626 1000 1772 1042 officiis
1794 1015 1946 1054 prose-

208 1073 279 1126 qui
309 1076 351 1113 et
381 1071 584 1124 adjuvare
615 1083 783 1124 semper
805 1071 1016 1121 studeant,
1049 1076 1090 1112 et
1120 1071 1164 1112 in
1194 1072 1340 1123 primis
1373 1071 1427 1112 ab
1455 1083 1648 1112 errorum
1670 1072 1867 1122 tenebris,
1899 1075 1941 1114 in

208 1142 360 1196 quibus
375 1143 527 1183 misere
544 1143 700 1195 J'acent,
722 1143 885 1195 eripere
908 1147 1035 1195 atque
1058 1142 1112 1183 ad
1135 1142 1390 1183 catholicam
1405 1143 1630 1184 veritatem
1653 1148 1694 1184 et
1716 1143 1770 1184 ad
1794 1156 1942 1185 aman-

207 1214 416 1255 tissimam
446 1218 627 1254 matrem
650 1212 882 1254 Ecclesiam
914 1213 1119 1254 reducere
1151 1213 1422 1263 contendant,
1455 1225 1564 1266 quae
1595 1219 1812 1255 maternas
1844 1227 1943 1255 suas

207 1296 360 1326 manus
392 1284 447 1325 ad
475 1284 569 1325 illos
601 1288 795 1325 amanter
824 1284 999 1325 tendere
1032 1296 1191 1337 eosque
1224 1284 1278 1325 ad
1300 1297 1424 1325 suum
1446 1285 1584 1325 sinum
1607 1286 1811 1326 revocare
1834 1298 1943 1326 nun-

208 1368 337 1408 quam
358 1355 511 1396 desinit
534 1359 633 1396 etc.‘·'
683 1354 907 1396 Praeclare
929 1355 1041 1396 hanc
1065 1355 1378 1396 distinctionem
1401 1356 1608 1408 expressit
1630 1369 1660 1399 5.
1682 1355 1943 1408 Augusti-

207 1439 303 1467 nus
325 1437 450 1467 serm.
472 1430 528 1470 49
552 1439 590 1467 n.
614 1430 638 1470 8
662 1425 803 1467 verbis
825 1425 924 1467 illis:
954 1425 1140 1478 „Diligite
1165 1426 1371 1475 homines,
1401 1426 1621 1467 interficite
1645 1433 1847 1468 errores.“
1896 1427 1940 1468 In

206 1497 288 1538 hac
320 1497 548 1538 tolerantia
581 1496 776 1538 Ecclesia
810 1508 913 1537 sane
948 1500 1121 1549 superat
1154 1496 1405 1545 haereticos,
1444 1501 1729 1549 protestantes
1763 1510 1945 1551 quoque,

206 1580 387 1620 quorum
409 1555 696 1617 intolerantia,
719 1569 872 1609 saltem
895 1572 1045 1609 contra
1067 1568 1313 1618 catholicos,
1335 1569 1438 1609 satis
1461 1573 1563 1608 nota
1586 1570 1710 1623 est1)‚
1817 1573 1820 1576 ’

324 1651 590 1705 Quandoque
614 1656 759 1693 tamen
788 1653 835 1695 b.
868 1651 1140 1692 intolerantia
1163 1651 1318 1692 erroris
1342 1651 1385 1691 in
1406 1652 1521 1703 ipsos
1543 1651 1782 1693 redundare
1804 1656 1945 1704 potest

207 1726 249 1763 et
270 1722 398 1764 debet
419 1727 699 1773 errantes,
730 1724 766 1763 si
787 1724 986 1764 nimirum
1009 1735 1175 1764 errores
1198 1735 1298 1763 suos
1321 1722 1554 1763 diffundere
1577 1723 1766 1764 nituntur
1788 1727 1829 1764 et
1850 1722 1944 1764 infi-

206 1805 303 1834 cere
324 1794 416 1846 ipsa
437 1794 652 1835 Ecclesiae
677 1794 881 1835 membra.

354 1968 375 2006 ¹)
393 1964 489 1998 Dum
500 1966 749 2010 protestantes
761 1965 985 2009 exprobrant
994 1964 1175 1998 Ecclesiae
1187 1963 1390 1998 catholicae
1402 1964 1690 1999 intolerantiam.
1703 1974 1785 1998 vere
1797 1963 1943 1997 obtinet

204 2015 298 2050 illud
313 2016 449 2051 Christi
464 2017 611 2052 Domini
625 2032 631 2051 :
651 2019 744 2061 Quid
759 2020 849 2052 rides
862 2019 1030 2061 festucam
1050 2019 1087 2051 in
1106 2019 1204 2051 oculo
1222 2019 1356 2060 fratris
1372 2019 1434 2061 tui,
1449 2024 1479 2051 et
1493 2019 1623 2051 trabem
1642 2019 1677 2051 in
1692 2019 1789 2051 oculo
1801 2022 1859 2050 tuo
1873 2020 1942 2050 mm

206 2070 295 2103 vides
313 2070 459 2110 (Matth.
478 2073 510 2111 7,
529 2074 564 2113 3)
576 2076 590 2104 5²
608 2071 810 2114 Nunquam
829 2071 925 2105 enim
942 2069 1103 2104 Ecclesia
1120 2070 1175 2103 ita
1193 2073 1387 2114 persecuta
1411 2072 1465 2103 est
1488 2070 1702 2106 haereticos.
1723 2070 1767 2103 ut
1779 2080 1883 2114 reges
1907 2070 1943 2102 et

202 2121 433 2166 respublicae
449 2125 700 2168 protestantes
718 2122 929 2157 catholicos.
949 2123 1039 2157 Prae
1057 2123 1172 2157 oculis
1191 2123 1399 2157 habeantur
1425 2124 1573 2156 tantum
1599 2132 1673 2156 non
1691 2122 1771 2156 dico
1791 2131 1943 2166 poenae,

204 2175 267 2209 sed
284 2175 518 2210 crudelitates
537 2177 717 2211 barbarae
737 2177 942 2221 anglorum,
960 2176 1191 2217 batavorum,
1211 2187 1399 2210 russorum
1418 2176 1497 2215 etc„
1518 2176 1581 2220 qui
1596 2176 1775 2210 vexarunt
1790 2174 1944 2209 catholi-

203 2238 272 2265 cos,
291 2228 344 2263 De
363 2229 440 2263 solo
451 2229 608 2263 Henrico
620 2230 714 2264 VIII.
734 2231 892 2274 constat,
910 2240 993 2264 euin
1010 2229 1121 2263 morti
1138 2229 1336 2263 tradidisse
1350 2229 1568 2273 plerumque
1589 2229 1634 2262 ob
1654 2228 1845 2273 religionis
1865 2238 1939 2261 mo-

203 2281 323 2315 tivum
340 2282 431 2316 duas
448 2282 608 2327 reginas,
628 2284 720 2317 duos
737 2284 951 2324 cardinales,
989 2287 1030 2318 12
1050 2283 1159 2317 duces
1177 2285 1214 2318 et
1231 2283 1471 2323 marchiones,
1504 2285 1546 2316 18
1564 2283 1718 2317 barones
1737 2283 1774 2316 et
1791 2282 1945 2326 equites,

203 2336 247 2370 77
267 2335 420 2370 abbates
439 2339 474 2370 et
492 2338 631 2381 priores
650 2338 687 2370 et
704 2336 907 2371 fatentibus
924 2337 1014 2380 ipsis
1030 2337 1323 2382 protestantibus
1339 2347 1357 2370 e
1372 2335 1480 2380 plebe
1495 2336 1542 2370 ad
1555 2339 1694 2377 72.000,
1713 2348 1796 2370 cuin
1815 2341 1941 2370 tamen

204 2389 281 2434 ejus
298 2399 453 2434 regnum
473 2392 531 2424 sat
548 2401 703 2435 parvum
722 2393 827 2432 esset,
842 2390 942 2434 quod
960 2393 1174 2425 numeraret
1190 2392 1339 2425 tantum
1357 2402 1384 2425 c.
1403 2394 1591 2431 4,000.ooo
1609 2391 1856 2425 subditorum.
1891 2389 1944 2431 Cf.

205 2442 388 2477 Grenzb
401 2444 478 2477 ote
498 2445 588 2479 1860
607 2455 641 2488 p.
664 2447 725 2477 121
741 2457 748 2483 ;
768 2443 800 2477 Κ
812 2455 831 2478 0
844 2444 948 2478 blei·
965 2444 1140 2478 Zeitschr.
1159 2445 1217 2478 fiir
1234 2444 1338 2478 kath.
1357 2444 1558 2488 Theologie
1582 2447 1671 2478 1884
1689 2455 1724 2488 p.
1746 2445 1788 2477 19
1807 2454 1852 2477 ss.
1887 2438 1941 2475 De

203 2495 356 2529 immani
370 2507 455 2530 vero
470 2497 507 2530 et
521 2497 697 2531 diuturna
709 2498 965 2541 persecutione
981 2497 1019 2531 in
1035 2497 1209 2532 hibernos
1225 2497 1428 2531 catholicos
1443 2498 1487 2530 cf.
1503 2497 1680 2531 Katholik
1700 2499 1783 2531 1881
1799 2496 1879 2539 1,71
1896 2507 1939 2530 ss.

204 2547 306 2590 Quod
325 2549 355 2583 si
373 2550 579 2594 provocant
597 2551 725 2584 contra
742 2560 808 2584 nos
827 2550 873 2584 ad
887 2551 935 2584 in
946 2551 1028 2594 qui
1041 2551 1163 2585 sitio
1175 2563 1199 2584 n
1210 2561 1229 2584 e
1240 2562 1277 2584 m
1294 2551 1489 2595 hispanam
1507 2551 1566 2584 vel
1585 2550 1630 2584 ad
1646 2550 1823 2593 quosdam
1838 2559 1940 2594 reges

206 2601 418 2642 catholicos,
437 2603 568 2637 notent
595 2602 786 2647 triplex
814 2602 1009 2637 discrimen
1036 2603 1135 2637 haud
1155 2604 1419 2648 spernendum:
1449 2603 1485 2639 l.
1504 2603 1702 2637 Ecclesiam
1721 2602 1942 2637 catholicam

202 2655 315 2688 fuisse
341 2655 381 2689 in
408 2656 654 2699 possessione:
683 2657 934 2700 protestantes
960 2667 1058 2698 vero,
1085 2658 1127 2690 ut
1153 2657 1249 2690 infra
1267 2657 1482 2697 videbimus,
1503 2656 1764 2696 schismaticos,
1785 2655 1943 2698 ideoque

202 2707 284 2741 reb
296 2708 390 2742 elle
402 2720 417 2741 5
435 2719 530 2751 θ55θ;
548 2709 587 2742 111
605 2708 697 2742 tales
715 2720 801 2743 vero
820 2709 1110 2744 animadvertere
1137 2709 1233 2744 licet.
1261 2710 1297 2745 2.
1318 2709 1515 2754 Nunquam
1539 2709 1830 2753 inquisitionem,
1851 2719 1940 2740 nun-

205 2773 316 2805 quam
333 2772 458 2806 regem
475 2772 557 2796 vere
576 2762 799 2796 catholicum
816 2763 870 2796 ita
888 2763 1060 2797 saeviisse
1077 2763 1117 2797 in
1131 2763 1363 2801 acatholicos,
1379 2763 1474 2797 sicut
1488 2761 1707 2796 dissidentes
1722 2762 1766 2795 ab
1782 2760 1939 2795 Ecclesia

204 2814 385 2849 catholica
401 2815 441 2849 in
458 2816 567 2860 hujus
585 2816 691 2850 filios.
708 2817 745 2851 3.
764 2814 867 2857 Quod
887 2816 1074 2861 principes
1093 2815 1268 2851 catholici
1286 2819 1450 2861 egerunt,
1476 2827 1548 2850 non
1573 2826 1677 2860 posse
1703 2816 1755 2849 ita
1780 2813 1939 2848 adscribi

204 2867 396 2908 Ecclesiae,
414 2869 508 2902 sicut
521 2869 676 2903 adscribi
694 2870 815 2914 potest
829 2870 867 2903 et
880 2870 992 2903 debet
1006 2870 1320 2914 protestantismo,
1337 2870 1516 2914 quidquid
1530 2870 1569 2903 in
1583 2870 1774 2913 religionis
1789 2867 1940 2911 negotio

205 2922 361 2965 egerunt
376 2922 560 2965 principes
577 2924 837 2966 protestantes,
857 2923 943 2966 quia
961 2922 999 2956 hi
1018 2922 1168 2956 demum
1186 2926 1272 2957 sunt
1290 2925 1402 2967 caput
1418 2923 1519 2957 illius
1547 2924 1676 2962 sectae,
1704 2933 1814 2965 quam
1831 2922 1940 2964 proti-

202 2975 340 3008 tentur.
376 2973 427 3008 Cf.
447 2974 496 3007 D·
488 2979 508 3009 0
521 2974 652 3019 lling
666 2986 712 3009 er
730 2975 864 3009 Kirche
881 2976 956 3009 und
975 2975 1134 3010 Kirchen
1152 2988 1187 3020 p.
1207 2979 1252 3011 68
1271 2988 1316 3011 55.
1329 2976 1383 3015 ;Β
1396 2975 1486 3009 alm
1501 2986 1519 3009 e
1531 2988 1546 3009 5
1565 2976 1629 3009 der
1652 2976 1716 3008 Kat
1725 2974 1854 3008 11011115
1859 2984 1937 3022 111115

203 3026 417 3072 verglichen
448 3027 516 3061 mit
533 3027 615 3062 dem
634 3028 979 3066 Protestantismus:
1009 3028 1054 3063 de
1081 3029 1257 3063 Maistr
1269 3040 1287 3063 e
1314 3030 1352 3063 in
1381 3029 1486 3115 epist.
1516 3029 1558 3062 de
1586 3027 1824 3071 inquisitione
1844 3026 1939 3070 hisp

203 3079 376 3124 Lugduni
396 3081 506 3117 1873:
527 3079 710 3120 Schanz
728 3081 1165 3127 11139:Hettinger
1181 3082 1226 3122 Il,
1246 3086 1278 3126 3,
1297 3086 1400 3117 4225
1405 3100 1428 3115 .
