2175 3382
179 151 263 192 362
383 147 504 179 'lu-act.
526 145 584 178 lll.
606 144 650 178 de
669 144 844 188 primatu.
862 143 991 177 'l'hesis
1010 142 1115 177 Lxx.
1137 142 1241 176 Petro
1260 142 1492 186 promittitur
1510 144 1702 186 primatia.

179 271 288 306 trum
312 266 420 304 sicut
443 262 681 304 aedificium
704 262 756 303 ad
783 261 1113 304 fundamentum.
1142 260 1267 313 Atqui
1291 260 1611 302 fundamentum
1634 272 1733 313 pars
1761 262 1798 303 1.
1821 273 1914 301 ma-

178 337 289 376 xime
313 334 556 375 necessaria
579 340 640 375 est
665 333 877 379 aediliciam
907 345 1005 384 pars
1028 337 1092 373 est
1114 334 1154 376 ⁶2.
1178 344 1230 372 ex
1253 343 1337 384 qua
1360 331 1459 372 illud
1482 343 1604 372 suam
1629 335 1794 372 mutuat
1816 330 1913 372 fir-

177 406 446 452 mitatem;
470 405 564 446 ideo
588 405 698 445 enini
723 416 809 444 non
832 403 990 444 corruit
1013 403 1216 455 sapientis
1239 402 1459 443 architecti
1482 401 1635 442 domus
1657 401 1913 443 irruentibus

176 477 218 517 in
249 488 343 516 eain
377 476 538 528 pluviis,
575 474 817 516 fluminibus
849 475 1080 526 ventisque.
1116 474 1215 526 quia
1247 473 1433 527 fundata
1468 477 1558 514 erat
1595 486 1718 526 super
1748 477 1913 527 petram,

176 546 322 590 Matth.
348 550 384 592 Ἰ,
408 551 464 591 25
487 546 596 602 (coll.
622 545 684 586 Ps.
711 549 778 589 26.
803 548 850 591 ὃς
883 547 950 592 39,
975 549 1022 591 ὃς
1046 548 1113 589 69.
1138 549 1163 588 3
1187 546 1305 595 etc.);
1340 557 1438 596 pars
1471 548 1534 585 est
1567 545 1609 587 3.
1643 548 1763 584 extra
1786 554 1913 596 quam

176 622 321 670 nequit
343 629 437 658 esse
460 617 710 663 aedilicium,
743 621 784 656 et
807 627 856 656 ex
881 627 965 668 qua
987 615 1028 659 4.
1053 615 1152 656 illud
1176 627 1295 656 suam
1321 614 1451 656 habet
1481 615 1763 656 unitatem.
1805 613 1913 666 Ergo

176 694 217 730 et
239 688 388 729 Petrus
411 689 452 729 in
474 687 663 728 Ecclesia
687 699 785 739 pars
808 687 993 727 maxime
1016 691 1081 727 est
1102 687 1358 733 necessaria,
1391 698 1442 727 ex
1475 698 1557 739 qua
1582 684 1769 726 Ecclesia
1789 695 1912 725 suam

175 765 342 800 mutuat
366 760 605 800 firmitatem
630 758 833 799 adversus
849 758 1082 798 acerrimos
1105 756 1296 809 ejusdem
1320 757 1476 805 hostes,
1499 761 1541 798 et
1563 757 1781 803 unitatem,
1802 754 1910 796 adeo

176 835 221 871 ut
243 831 436 883 sejuncta
460 842 485 870 a
509 828 633 870 Petro
657 840 751 869 esse
775 834 968 880 nequeat.
1013 827 1171 868 Horum
1196 839 1297 869 vero
1321 827 1421 868 nihil
1454 832 1528 870 est.
1563 826 1675 880 quod
1706 838 1794 867 non
1818 836 1914 878 per-

177 902 403 954 spexerint.
428 900 540 953 quod
563 911 649 940 non
672 898 1000 951 significaverint
1021 904 1175 951 patres.

296 986 418 1031 „Quis
439 986 600 1030 nesciat,
625 985 765 1023 scribit
788 985 848 1022 VI.
872 998 931 1034 ep.
958 992 1004 1024 51
1033 984 1080 1022 ad
1104 984 1315 1034 Eulogium
1340 968 1623 1033 Gregorius
1647 983 1708 1029 M„
1732 982 1768 1020 S.
1783 982 1914 1020 Eccle-

177 1046 272 1083 siam
295 1046 334 1082 in
353 1045 621 1094 apostolorum
636 1045 827 1093 principis
842 1043 1040 1081 soliditate
1055 1044 1246 1081 firmatam
1259 1046 1276 1080 ’ἒ
1287 1048 1304 1066 ‘¹
1328 1047 1367 1080 et
1389 1043 1415 1080 C
1427 1043 1517 1092 hry
1529 1054 1546 1079 s
1558 1054 1579 1079 ο
1592 1054 1608 1079 s
1621 1044 1639 1079 t
1650 1054 1670 1079 o
1684 1055 1719 1079 m
1732 1054 1759 1079 u
1771 1054 1788 1079 s
1811 1042 1914 1079 hom.

178 1112 229 1145 54
253 1105 293 1142 in
316 1105 454 1142 Matth.
477 1117 513 1144 n.
541 1110 584 1143 2:
610 1103 744 1148 „Quae
767 1103 838 1141 uni
863 1103 939 1140 Deo
963 1108 1057 1140 sunt
1081 1103 1249 1152 propria.
1275 1115 1412 1151 nempe
1427 1107 1581 1151 peccata
1596 1101 1759 1146 solvere,
1782 1101 1913 1138 Eccle-

175 1164 269 1201 siam
293 1165 465 1201 intanto
500 1164 693 1200 fluctuum
725 1175 916 1200 concursu
947 1162 1149 1199 immotam
1181 1162 1344 1199 reddere
1376 1161 1651 1209 hominemque
1683 1160 1913 1209 piscatorem

174 1225 256 1261 toto
278 1223 535 1272 impugnante
558 1222 650 1260 orbe
671 1224 784 1271 petra
806 1221 1017 1258 firmiorem
1039 1221 1211 1267 reddere,
1235 1221 1328 1258 haec
1349 1233 1388 1258 se
1411 1219 1470 1257 illi
1484 1220 1668 1257 daturum
1685 1219 1912 1268 pollicetur:

173 1284 219 1319 ut
241 1282 358 1319 Pater
378 1281 587 1319 Jeremiam
611 1282 815 1329 alloquens
831 1280 996 1324 dicebat,
1021 1292 1059 1317 se
1076 1281 1249 1328 posuisse
1265 1280 1380 1317 illum
1395 1279 1497 1316 sicut
1518 1279 1742 1316 columnam
1762 1290 1914 1315 aeream

174 1343 213 1378 et
235 1342 337 1378 sicut
358 1354 530 1385 murum,
555 1340 622 1377 sed
644 1340 757 1377 illum
781 1340 851 1377 uni
873 1339 995 1389 genti,
1021 1340 1122 1376 hunc
1145 1346 1274 1376 autem
1298 1339 1340 1375 in
1361 1339 1548 1376 universo
1570 1345 1766 1375 terrarum
1779 1336 1911 1375 orbe.‘

175 1400 275 1437 Hinc
309 1401 408 1436 hom.
444 1407 463 1440 7
499 1413 536 1437 n.
562 1407 582 1440 5
619 1399 742 1449 (Mig.
777 1405 841 1444 63,
876 1395 978 1451 499)
1011 1399 1172 1435 Petrum
1202 1401 1314 1435 vocat
1345 1400 1413 1452 τὴν
1444 1397 1611 1450 κρεπῖδα
1641 1403 1710 1452 τῆς
1740 1393 1915 1442 πίπτεως.

174 1459 276 1503 „Ubi
298 1471 390 1505 ergo
414 1459 565 1504 Petrus,
601 1458 723 1495 infert
744 1457 1052 1495 Ambrosius
1075 1457 1117 1494 in
1143 1458 1197 1495 Ps.
1224 1465 1275 1497 40
1301 1470 1337 1493 n.
1363 1464 1428 1501 30,
1452 1457 1507 1493 ibi
1530 1456 1719 1500 Ecclesia3
1753 1455 1823 1493 ubi
1844 1455 1914 1492 Ec-

174 1517 299 1558 clesia,
323 1518 379 1555 ibi
400 1518 512 1554 nulla
533 1530 649 1562 mors,
673 1517 740 1554 sed
762 1517 844 1554 vita
866 1519 1033 1554 aeterna.
1078 1516 1125 1553 Et
1156 1516 1243 1554 ideo
1265 1516 1375 1553 addit
1397 1513 1612 1567 (Christus)
1635 1519 1667 1552 et
1687 1519 1826 1563 portae
1856 1515 1914 1551 in.-

172 1577 249 1623 fert'
271 1579 340 1615 etc.
386 1577 529 1614 Beatus
552 1577 706 1620 Petrus,
741 1576 804 1613 cui
825 1589 903 1612 non
925 1575 1143 1612 inferorum
1165 1579 1279 1623 porta
1300 1575 1532 1623 praevaluit,
1563 1587 1644 1612 non
1674 1574 1773 1612 coeli
1802 1574 1915 1623 porta

175 1649 214 1679 se
236 1636 389 1681 clausit,
422 1637 530 1673 sede
553 1635 748 1673 contrario
780 1635 977 1672 destruxit
1008 1634 1152 1671 interni
1184 1634 1392 1680 vestibula,
1424 1633 1608 1682 patefecit
1637 1632 1827 1670 coelestia.
1870 1632 1916 1669 In

173 1696 290 1732 terris
312 1695 447 1743 itaque
468 1695 620 1743 positus
642 1695 793 1733 coelum
816 1694 980 1743 aperuit.
1019 1693 1165 1731 inferos
1188 1693 1378 1732 clausitz«
1412 1696 1452 1730 et
1473 1693 1644 1730 Bruno
1676 1691 1843 1729 astensis
1874 1691 1915 1729 in

175 1755 311 1791 Matth.
333 1767 370 1803 p.
397 1762 415 1793 ·.‘
442 1767 479 1791 n.
497 1760 571 1793 26:
598 1754 858 1801 „Ubicunque
881 1759 942 1790 est
965 1753 1146 1797 Ecclesia,
1170 1752 1226 1789 ibi
1250 1755 1311 1789 est
1332 1752 1472 1789 domus
1489 1751 1633 1790 Petit«
1670 1750 1916 1800 Quapropter

175 1813 282 1851 Petri
305 1813 489 1851 cathedra
511 1826 533 1850 a
555 1813 702 1862 Cypri
716 1825 806 1850 ano
829 1812 972 1861 passim
996 1812 1139 1849 radix
1165 1813 1205 1849 et
1225 1811 1412 1849 matrix
1447 1811 1614 1848 unitatis
1636 1809 1916 1848 ecclesiasticae

175 1872 392 1910 exhibetur.
437 1873 581 1916 ²,Petro
612 1872 782 1920 primum
817 1871 1019 1916 Dominus,
1052 1871 1189 1907 scribit,
1219 1883 1277 1919 ep.
1309 1870 1357 1907 ad
1386 1870 1629 1919 Jubajanum
1659 1882 1697 1910 n.
1731 1875 1768 1914 7,
1800 1880 1916 1918 super

175 1943 289 1980 quem
313 1931 530 1968 aedificavit
563 1931 785 1973 Ecclesiam,
819 1935 858 1968 et
889 1931 994 1967 unde
1024 1930 1192 1981 unitatis
1224 1929 1419 1979 originem
1449 1928 1629 1966 instituit
1659 1931 1700 1966 et
1730 1927 1915 1973 ostendit,

174 1993 407 2038 potestatem
429 1990 546 2027 istam
569 1990 687 2034 dedit,
711 1996 756 2026 ut
778 1990 819 2026 id
841 1989 1062 2027 solveretur
1084 1989 1125 2026 in
1148 1989 1275 2034 coelis,
1300 1990 1403 2037 quoi
1426 1989 1495 2025 ille
1517 1987 1700 2025 solvisset
1714 1987 1756 2024 in
1770 1989 1914 2025 teri-af

292 2069 420 2122 Atqui
442 2069 549 2110 haec
581 2068 926 2121 quadruplex
947 2068 1247 2121 praerogativa
1270 2067 1382 2109 Petri
1405 2079 1508 2120 prae
1530 2066 1720 2108 Ecclesia
1740 2066 1915 2107 includit

176 2141 442 2181 verissimum
459 2140 682 2192 potestatis
696 2140 947 2192 primatum:
970 2138 1011 2179 id
1034 2139 1146 2180 enim
1163 2138 1274 2191 quod
1290 2138 1333 2179 in
1348 2139 1498 2191 quavis
1512 2138 1717 2179 societate
1732 2136 1915 2178 maxime

176 2216 239 2252 est
260 2212 548 2252 necessarium
572 2215 614 2251 et
636 2222 661 2251 a
683 2223 767 2263 quo
790 2222 843 2251 ea
864 2210 1071 2250 unitatem
1094 2221 1216 2250 suam
1240 2214 1282 2250 et
1303 2209 1579 2250 stabilitatem
1602 2207 1807 2249 adversus
1829 2206 1918 2248 for-

176 2282 362 2323 tissimos
382 2282 528 2322 hostes
550 2287 728 2330 mutuat,
750 2281 902 2334 cuique
925 2292 1075 2322 omnes
1098 2280 1334 2321 adhaerere
1356 2279 1524 2329 debent,
1556 2284 1620 2320 est
1650 2279 1743 2332 ipsa
1765 2283 1915 2319 aucto-

177 2352 292 2401 ritas,
314 2364 451 2405 neque
468 2352 692 2405 quaelibet,
716 2352 790 2393 sed
805 2364 933 2393 verae
942 2351 1260 2404 jurisdictionis,
1275 2363 1411 2404 eoque
1426 2350 1650 2403 potentior,
1673 2361 1758 2403 quo
1775 2349 1914 2402 maj0r

177 2427 242 2464 est
264 2424 467 2465 socletas:
491 2436 629 2477 neque
653 2424 764 2465 enim
788 2424 840 2465 ad
855 2423 1088 2466 Ecclesiam
1112 2429 1201 2464 tarn
1223 2423 1307 2464 late
1322 2427 1539 2476 patentem
1561 2422 1605 2462 in
1626 2422 1788 2463 unitate
1810 2433 1913 2462 con-

176 2494 443 2543 servandam.
473 2496 776 2537 continendam
811 2501 853 2537 et
883 2500 1034 2537 contra
1056 2500 1203 2548 portas
1225 2494 1346 2536 inferi
1368 2493 1622 2535 firmandam
1644 2491 1797 2533 sufficit
1817 2504 1911 2533 um-

177 2565 338 2606 bratilis
372 2567 536 2615 aetatis,
571 2567 821 2613 vocationis,
856 2567 1033 2607 honoris
1065 2570 1142 2609 etc.
1174 2567 1394 2619 primatus,
1430 2576 1556 2617 quem
1587 2563 1804 2604 somniant
1836 2562 1912 2604 ad-

177 2636 364 2679 versarii.
408 2636 513 2677 Cum
536 2649 638 2678 vero
661 2637 769 2678 haec
792 2636 984 2679 Christus
1006 2637 1133 2678 Petro
1155 2637 1336 2678 seorsim
1367 2648 1393 2676 a
1424 2635 1595 2688 reliquis
1618 2633 1832 2686 apostolis,
1861 2632 1912 2673 iis

177 2712 322 2748 tamen
343 2707 652 2759 praesentibus,
683 2708 791 2749 adeo
824 2708 1071 2750 solemniter
1100 2708 1145 2749 in
1175 2707 1412 2760 praemium
1442 2705 1673 2759 promittat,
1704 2715 1802 2745 eum
1832 2703 1913 2744 hac

177 2783 390 2830 potestate
412 2777 477 2818 vel
500 2790 603 2830 prae
625 2778 829 2831 apostolis
852 2779 1040 2820 eminere
1062 2779 1205 2820 voluit.
1240 2777 1382 2829 Quare
1405 2776 1444 2820 b.
1466 2775 1592 2817 Petro
1611 2774 1917 2828 jurisdictionis

176 2848 389 2900 primatus
411 2850 646 2900 promissus
668 2849 750 2889 dici
773 2849 896 2890 debet
920 2850 963 2890 in
984 2850 1228 2891 universam
1250 2848 1493 2890 Ecclesiam.

177 3001 343 3033 mentum
363 2998 411 3033 sit
428 2999 673 3044 exploratum,
692 3001 728 3033 et
745 2999 868 3044 imago
888 2999 1057 3034 adhibita
1084 2999 1132 3034 sit
1158 3000 1197 3034 in
1221 3010 1259 3033 se
1276 2999 1314 3033 et
1330 3008 1397 3043 pro
1416 3009 1486 3032 usu
1504 2996 1678 3042 loquendi
1695 2997 1848 3031 definita
1864 2997 1916 3030 at·

178 3063 249 3096 que
268 3052 556 3097 circumscripta.
591 3053 705 3096 Atqui
723 3052 856 3086 horum
873 3052 968 3086 nihil
988 3053 1090 3087 deest
1106 3053 1231 3087 verbis
1249 3051 1396 3088 Christi.
1432 3049 1550 3092 Quare
1577 3051 1646 3085 etsi
1672 3050 1786 3085 verba
1802 3052 1916 3084 meta-

178 3107 335 3150 phoram
352 3105 555 3146 continent,
575 3116 650 3139 non
666 3109 864 3149 propterea
881 3106 1005 3139 minus
1023 3105 1170 3140 firmum
1188 3107 1246 3140 est
1263 3105 1534 3150 argumentum.
