2175 3382
216 144 304 184 444
497 138 615 171 'Fi-act.
639 137 697 171 111.
716 137 759 172 de
777 137 951 181 primatu.
973 137 1156 181 liffugium
1175 137 1443 181 gallicanorum
1462 137 1681 172 excluditur.

220 263 297 299 tiae
320 264 390 305 est,
416 263 472 305 ut,
505 260 598 309 quia
623 261 724 297 Deus
747 260 928 309 promisit
950 272 1087 309 papam
1111 259 1357 296 definientem
1380 272 1581 308 nunquam
1604 263 1839 305 erraturum,
1863 272 1954 298 con-

218 325 428 370 sequenter
449 319 666 368 provideat,
690 331 737 356 ne
760 332 934 367 unquam
956 319 1023 356 ille
1046 318 1267 356 haereticus
1291 318 1382 358 sit!¹
1420 318 1530 362 Quod
1552 319 1584 356 si
1606 321 1736 356 tamen
1758 319 1847 368 quis
1870 319 1954 368 opi-

220 381 374 418 nionem
407 380 513 416 illam
548 379 660 426 sequi
682 378 789 423 velit,
822 391 913 427 prae
945 378 1065 415 oculis
1098 378 1246 416 habeat.
1281 390 1379 425 quae
1400 388 1470 426 pro
1492 378 1562 415 illa
1583 378 1791 427 hypothesi
1813 378 1956 416 statuit

219 440 323 492 (cum
348 438 470 475 Viva
501 437 599 475 thes.
623 437 748 478 damn.
783 439 891 485 parte
925 434 966 488 2)
989 437 1186 474 Tanner
1215 436 1334 474 theol.
1358 437 1535 474 scholast.
1566 437 1663 486 disp.
1686 437 1734 474 de
1764 437 1839 474 fide
1869 449 1906 486 q,
1930 444 1954 477 4

219 499 311 536 dub.
347 505 390 535 (ἴε
426 497 534 541 ,Nec
564 497 719 545 privata
748 496 916 534 haeresis
953 492 1180 547 (pontificis)
1213 495 1254 532 in
1284 495 1412 532 ullum
1446 496 1637 533 Ecclesiae
1669 495 1954 545 praejudicium

218 557 332 597 cedit.
367 558 448 594 Aut
470 556 574 593 enim
596 556 749 593 notoria
770 559 828 593 est
850 558 919 592 aut
940 555 1110 592 occulta:
1134 555 1165 591 si
1187 555 1370 603 primum,
1389 555 1471 603 jam
1493 555 1564 592 1106
1586 555 1668 604 ipso
1689 555 1865 606 pontifex
1887 567 1957 592 sua

220 618 415 665 potestate
439 615 590 654 excidit.
615 615 730 651 etiam
754 616 844 651 ante
867 614 1022 651 concilii
1044 613 1365 658 declarationem3
1389 614 1419 650 si
1443 614 1669 659 secundum,
1687 615 1768 663 jam
1783 614 1856 652 1106
1869 614 1956 663 ipso

221 689 263 713 ea
287 675 481 712 Ecclesiae
512 674 611 711 nihil
642 673 942 711 incommodat«
988 673 1146 710 Concilii
1178 675 1308 709 tamen
1336 673 1572 710 sententiam
1595 673 1636 710 in
1657 673 1726 710 illa
1748 672 1957 722 hypothesi

221 735 362 773 merito
385 734 547 783 exigunt
570 733 742 782 theologi
766 745 852 769 cum
870 733 948 780 Caj
963 734 1113 769 etano
1137 731 1183 768 de
1205 734 1305 768 auct.
1319 744 1442 780 papae
1464 736 1504 768 et
1526 744 1628 769 conc.
1644 744 1695 770 66.
1717 739 1779 772 19.
1798 738 1863 777 20,
1878 743 1957 769 non

222 794 378 842 quidem
405 792 644 842 judicialem,
677 805 755 839 qua
785 803 946 828 munere
968 790 1165 838 pontificio
1199 790 1424 828 authentice
1446 791 1635 839 privetur.
1669 791 1734 829 sed
1756 803 1860 828 mere
1882 791 1956 828 de-

220 853 547 895 clarativam,
580 864 656 898 qua
687 851 822 899 posita,
856 850 978 887 veluti
1011 849 1233 887 conditione
1260 849 1343 886 51116
1365 845 1442 897 qua
1468 862 1558 895 non,
1591 850 1814 887 immediate
1837 863 1858 886 a
1878 850 1957 888 Deo

223 912 415 961 spolietur
448 924 517 948 sua
548 910 790 953 auctoritate,
824 909 886 946 vel
918 909 1059 946 saltem
1090 908 1222 946 fideles
1254 909 1478 946 authentice
1510 909 1607 946 certi
1629 909 1846 947 reddantur
1867 921 1958 946 eum

222 972 396 1020 primatu
422 969 616 1007 excidisse.
662 968 714 1007 Cf.
738 968 959 1005 Andries
981 981 1017 1017 p.
1043 974 1137 1007 413.

342 1052 439 1094 423.
473 1048 537 1089 Ad
569 1053 820 1100 argumenta
851 1047 1070 1100 proposita
1092 1047 1256 1089 accedit
1277 1047 1457 1100 denique
1481 1048 1682 1089 invictum
1706 1047 1818 1097 illud,
1845 1046 1959 1100 quod

224 1134 277 1162 ex
301 1121 546 1173 dogmatum
569 1119 767 1171 analogia
789 1123 916 1172 atque
939 1130 990 1160 ex
1012 1119 1219 1171 primatus
1233 1117 1315 1160 fine
1330 1118 1615 1159 derivavimus
1631 1120 1687 1173 (n.
1707 1118 1809 1174 340)
1824 1117 1958 1171 quod-

228 1204 309 1245 que
332 1193 390 1232 ita
413 1203 530 1233 6006.
553 1190 796 1231 vaticanum
820 1190 971 1231 saltem
993 1190 1146 1230 innuit:
1176 1189 1288 1240 „Hoc
1310 1190 1434 1241 igitur
1457 1190 1648 1230 veritatis
1671 1194 1712 1230 et
1733 1188 1830 1230 fidei
1851 1200 1958 1229 nun-

229 1275 358 1316 quam
382 1261 613 1303 deficientis
636 1262 850 1302 charisma
872 1260 998 1302 Petro
1031 1261 1204 1314 ejusque
1236 1262 1279 1301 in
1309 1261 1391 1301 hac
1414 1260 1618 1302 cathedra
1641 1258 1959 1300 successoribus

231 1334 428 1375 divinitus
451 1333 651 1374 collatum
675 1337 750 1382 est,
775 1337 821 1373 ut
843 1333 1011 1374 excelso
1034 1344 1111 1373 suo
1136 1344 1310 1373 munere
1332 1333 1375 1372 in
1398 1332 1587 1373 omnium
1609 1330 1791 1372 salutem
1812 1329 1958 1382 funge-

229 1410 386 1454 rentur,
417 1409 462 1445 111
482 1405 704 1446 universus
727 1403 880 1445 Christi
901 1416 1001 1457 grex
1022 1416 1098 1457 per
1120 1416 1194 1445 eos
1216 1403 1270 1444 ab
1294 1404 1450 1444 erroris
1471 1415 1690 1444 venenosa
1712 1413 1812 1443 esca
1835 1412 1957 1442 aver-

227 1489 299 1517 sus
323 1476 518 1517 coelestis
545 1475 764 1517 doctrinae
788 1474 944 1527 pabula
958 1476 1200 1524 nutriretur,
1223 1481 1269 1515 ut
1281 1474 1449 1515 sublata
1463 1474 1706 1514 schismatis
1721 1472 1960 1521 occasione,

228 1546 415 1588 Ecclesia
449 1551 539 1587 tota
572 1558 658 1587 una
693 1550 1030 1589 conservaretur.
1065 1550 1192 1598 atque
1227 1557 1304 1586 suo
1336 1545 1612 1586 fundamento
1646 1544 1803 1591 innixa,
1838 1541 1961 1583 firma

227 1618 432 1659 adversus
454 1617 576 1658 inferi
597 1623 743 1669 portas
765 1617 1051 1657 consisteret.“
1102 1615 1220 1666 Quae
1243 1620 1494 1667 argumenta
1526 1615 1562 1656 si
1594 1618 1794 1656 accurate
1816 1613 1962 1655 omnia

226 1689 533 1741 expendantur,
565 1688 790 1728 manifesto
814 1687 1048 1740 apparebit,
1081 1687 1236 1740 dogma
1263 1687 1346 1727 hoc
1367 1687 1491 1738 longe
1513 1685 1666 1738 majori
1688 1688 1958 1737 argumento-

228 1773 322 1800 rum
345 1771 535 1807 numero,
570 1758 757 1810 pondere
793 1762 834 1799 et
867 1758 1091 1811 splendore
1112 1758 1278 1805 muniri,
1314 1769 1442 1810 quam
1474 1757 1595 1809 plura
1626 1756 1712 1797 alia
1747 1755 1960 1808 dogmata,

227 1829 466 1883 cujusmodi
490 1842 553 1872 ex.
575 1842 632 1880 gr.
664 1834 762 1869 sunt
793 1841 856 1877 ea,
889 1840 998 1882 quae
1030 1833 1224 1881 spectant
1250 1839 1460 1869 canonem
1483 1825 1810 1880 Scripturarum,
1841 1825 1962 1879 plura

227 1905 511 1947 sacramenta,
533 1900 741 1940 visionem
765 1899 1004 1940 beatificam
1023 1900 1112 1952 jam
1136 1903 1234 1940 ante
1257 1911 1484 1951 corporum
1508 1897 1864 1939 resurrectionem
1885 1900 1964 1940 etc.

348 1993 443 2026 424.
468 1983 694 2027 Scholion
716 1983 757 2025 I.
790 1986 994 2035 Effuyium
1025 1986 1249 2022 concluditur.
1280 2007 1338 2012 -—
1369 1985 1473 2022 Haec
1506 1984 1704 2022 sufficiant
1734 1983 1780 2020 de
1811 1983 1964 2021 romani

227 2046 421 2094 pontificis
452 2045 750 2085 infallibilitate.
793 2045 899 2082 Neve
930 2045 1061 2082 dicant
1082 2044 1266 2094 gallicani
1288 2044 1335 2081 ad
1359 2047 1681 2092 argumentorum
1702 2043 1785 2079 vim
1806 2042 1961 2080 elevan-

229 2106 328 2151 dam,
361 2106 445 2153 e'jus
477 2104 631 2141 decreta
662 2104 793 2141 haberi
821 2116 932 2153 posse
954 2106 994 2141 et
1015 2103 1148 2140 habita
1168 2103 1288 2140 fuisse
1310 2102 1536 2140 infallibilia
1558 2104 1718 2151 propter
1739 2113 1963 2150 expressum

226 2165 290 2201 vel
322 2164 486 2201 tacitum
509 2163 700 2201 Ecclesiae
731 2176 943 2208 assensum,
976 2163 1045 2211 qui
1074 2163 1144 2199 illa.
1175 2162 1351 2200 comitari
1384 2162 1493 2199 solet.
1536 2162 1638 2198 Haec
1669 2160 1773 2198 enim
1801 2159 1962 2206 theoria,

229 2236 326 2272 quae
349 2222 530 2271 pluribus
553 2222 697 2268 arrisit,
733 2222 838 2270 quod
860 2223 987 2259 veluti
1009 2221 1137 2259 media
1157 2221 1360 2259 videretur
1380 2221 1486 2258 inter
1507 2221 1583 2258 duo
1607 2223 1780 2257 extrema.
1800 2219 1964 2268 ideoque

227 2283 277 2319 ad
299 2282 560 2319 conciliandos
594 2282 743 2318 animos
777 2281 971 2319 discordes
993 2280 1218 2329 aptissima:
1253 2281 1286 2317 si
1306 2280 1496 2317 attentius
1518 2279 1794 2323 consideretur,
1825 2291 1965 2316 vanam

227 2341 490 2389 inutilemque
512 2341 643 2378 reddit
664 2341 858 2389 pontificis
881 2339 1219 2385 infallibilitatem,
1242 2352 1361 2387 quam
1383 2339 1507 2387 specie
1529 2347 1646 2376 tenus
1670 2338 1797 2375 eidem
1818 2337 1963 2375 adscri-

229 2401 298 2437 bit.
340 2400 439 2436 Nam
462 2400 503 2436 in
525 2412 570 2437 ea
592 2412 742 2448 semper
764 2400 931 2437 dubium
952 2399 1039 2444 erit,
1071 2398 1200 2447 qualis
1223 2410 1403 2435 assensus
1425 2398 1665 2446 requiratur,
1698 2400 1745 2434 ut,
1766 2395 1964 2445 pontificis

228 2460 429 2496 decretum
461 2459 610 2495 1605611
641 2459 782 2496 debeat
808 2458 1102 2496 irreformabile.
1145 2457 1353 2495 Tacitusne
1375 2470 1424 2494 an
1446 2458 1676 2505 expressus?
1711 2459 1751 2493 et
1771 2455 1963 2504 quomodo

229 2518 290 2555 hic
321 2530 500 2555 assensus
521 2518 764 2555 innotescat?
800 2518 988 2566 quamdiu
1017 2516 1321 2565 exspectandum
1345 2517 1409 2562 sit,
1433 2516 1553 2553 donec
1575 2515 1621 2552 de
1644 2527 1687 2553 eo
1710 2515 1807 2552 certi
1827 2514 1963 2552 redda-

229 2590 328 2622 mur,
360 2576 590 2625 praesertim
622 2577 653 2613 si
684 2577 829 2614 tacitus
862 2576 1035 2614 sufficit?
1066 2589 1116 2613 an
1145 2588 1215 2625 per
1235 2588 1420 2620 mensem,
1453 2587 1522 2623 per
1542 2587 1702 2619 annum,
1733 2586 1804 2622 per
1824 2573 1964 2611 decen-

229 2635 369 2673 nium?
404 2637 576 2683 quantus
608 2648 698 2672 vero
730 2636 983 2684 requiratur?
1017 2638 1056 2673 et
1086 2635 1182 2683 quid
1209 2634 1429 2672 faciendum
1450 2634 1493 2670 in
1515 2633 1635 2670 dubio
1659 2633 1705 2670 de
1728 2631 1965 2669 sufficientia

229 2694 422 2743 ejusmodi
451 2696 659 2731 assensus?
702 2694 805 2732 Haec
825 2707 916 2732 vero
948 2697 987 2731 et
1017 2694 1158 2731 similia
1182 2695 1273 2741 jure
1304 2696 1437 2730 nostro
1470 2705 1654 2740 quaerere
1676 2691 1825 2732 licebit.
1868 2691 1963 2737 Quis

229 2757 361 2791 autem
392 2755 516 2801 putet,
553 2766 574 2789 a
604 2759 664 2789 tot
696 2761 858 2801 tamque
890 2753 1049 2791 incertis
1081 2753 1372 2790 conditionibus
1403 2751 1576 2800 supremi
1606 2750 1770 2799 pastoris
1801 2749 1965 2787 docendi

227 2812 473 2850 authentiam
494 2812 690 2860 pendere?
733 2812 897 2850 Nullum
926 2813 1006 2860 jam
1029 2811 1202 2860 profecto
1225 2812 1302 2849 erit
1323 2810 1516 2860 pontificis
1539 2810 1749 2854 decretum,
1782 2809 1829 2846 de
1851 2809 1963 2858 cujus

229 2871 513 2909 infallibilitate
548 2882 628 2907 non
659 2871 814 2918 possint
835 2871 983 2908 moveri
1005 2870 1136 2913 dubia,
1168 2883 1212 2907 eo
1235 2870 1338 2918 quod
1359 2869 1565 2906 haereticis
1587 2869 1650 2906 vel
1672 2867 1964 2905 contumacibus

229 2931 402 2968 incertus
433 2930 676 2978 plerumque,
709 2929 812 2966 haud
842 2930 924 2967 sine
956 2930 1087 2978 aliqua
1116 2929 1199 2966 veri
1231 2929 1368 2977 specie,
1403 2928 1454 2965 sit
1484 2927 1547 2965 hic
1578 2939 1811 2971 consensus;
1843 2939 1963 2975 quare

229 2990 386 3027 nullum
409 2988 484 3025 erit
505 2987 636 3025 efficax
660 2988 708 3024 ad
731 3000 885 3025 causam
907 2988 1284 3036 controversiamque
1297 2987 1518 3024 finiendam.
1541 2986 1603 3023 Ad
1621 2998 1715 3023 rem.
1730 2998 1834 3023 conc.
1848 2985 1962 3023 bur-

231 3049 503 3098 digalense
535 3060 566 3084 a.
594 3052 700 3086 1850
734 3047 776 3082 in
797 3059 857 3094 ep.
880 3047 927 3083 ad
948 3060 1089 3095 papam
1115 3059 1185 3095 pro
1207 3046 1397 3086 confirm.:
1432 3045 1698 3090 „Confitemur
1719 3044 1838 3081 etiam
1854 3043 1962 3092 judi-

229 3107 335 3145 cium
366 3119 462 3145 rom.
492 3105 698 3155 pontificis,
732 3107 778 3142 ut
809 3105 859 3142 sit
889 3107 1019 3142 ratum
1042 3107 1082 3143 et
1102 3106 1271 3152 firmum,
1303 3117 1381 3142 non
1412 3104 1588 3153 indigere
1611 3115 1774 3141 assensu
1795 3102 1962 3140 aliamm
1997 3104 2000 3106 ’

2151 3271 2175 3382 ἔνιψα.
