2175 3382
537 142 729 187 Obligatio
749 143 897 177 evidens
918 143 1089 178 credendi
1107 145 1212 190 relig.
1232 146 1480 182 christianum.
1791 155 1872 197 113

140 261 387 303 revelationi
408 260 587 308 divinae,
610 261 729 312 cujus
752 261 920 310 factum,
954 263 1032 303 etsi
1055 263 1227 304 evidens
1250 277 1335 305 non
1359 266 1426 308 sit.
1461 271 1620 307 certum
1644 273 1788 310 tamen
1811 275 1875 311 est

141 345 193 374 ea
214 332 475 380 certitudine,
499 343 608 384 quae
631 343 757 372 omne
772 332 958 383 prudens
974 332 1148 373 dubium
1164 334 1371 375 excludat.
1394 335 1592 377 Fatemur
1607 341 1749 379 tamen
1762 340 1873 381 hanc

140 403 428 445 credibilitatis
439 403 693 444 evidentiam
707 415 794 444 non
807 403 935 444 talem
950 408 1198 457 tantamque
1222 416 1327 454 esse,
1350 411 1395 446 ut
1411 407 1463 446 ad
1478 419 1698 449 assensum
1714 410 1756 450 in
1771 422 1871 452 cusu

139 475 376 518 necessitet‚
419 472 523 514 Cum
562 473 674 514 enim
705 479 916 526 supponat
949 475 1341 516 certitudinem
1373 476 1471 516 facti
1502 478 1781 528 revelationis,
1813 481 1865 521 ad

140 558 267 598 quam
298 544 549 597 gignendam
580 545 806 597 requiritur
828 544 942 586 hona
965 545 1147 585 hominis
1170 546 1378 594 voluntas,
1408 547 1505 587 hinc
1535 549 1661 589 etiam
1685 550 1737 590 ad
1761 551 1870 602 ejus-

140 615 254 656 modi
276 614 531 656 evidentiam
553 614 795 655 habendam
819 615 1152 667 praerequiritur
1175 615 1289 657 bona
1310 617 1518 661 voluntas,

258 689 324 731 99.
346 686 707 729 Demonstratio
730 699 772 740 p.
796 685 878 729 IV.
903 685 1113 727 Veritates
1144 686 1358 728 revelatae
1391 700 1477 728 non
1506 689 1642 729 solum
1666 695 1763 731 sunt
1786 692 1870 732 evi-

139 757 288 798 denter
309 756 541 803 credibiles,
564 756 639 797 sed
661 757 788 797 etiam
812 757 1067 798 evidente
1081 770 1101 798 r
1124 758 1375 807 credendae,
1408 759 1579 800 evidens
1602 760 1686 804 scil.
1710 765 1774 801 est
1794 762 1871 802 ho-

139 828 263 869 minis
285 827 485 879 obligatio
501 827 783 879 amplectendi
796 827 1102 869 revelationem
1125 839 1201 868 seu
1224 829 1424 870 credendi
1439 831 1638 871 veritates
1652 831 1870 881 revelatas,

139 910 266 952 quam
299 899 482 951 primum
512 898 591 950 ipsi
622 902 738 938 certo
771 898 1004 938 constiterit
1038 898 1089 939 de
1111 899 1381 940 revelationis
1404 899 1527 941 facto.
1569 900 1677 942 Nam
1701 902 1872 943 evidens

138 973 213 1018 est,
234 969 452 1009 hominem
476 968 654 1020 obligari
677 968 730 1008 ad
766 968 1025 1009 credendum
1048 969 1135 1010 Deo
1159 970 1363 1010 revelanti
1384 969 1593 1023 fidemque
1626 971 1679 1012 ab
1711 984 1761 1014 eo
1785 974 1870 1014 exi-

138 1041 249 1092 genti
279 1040 342 1096 (ut
372 1038 480 1080 infra
514 1039 829 1094 ostendemus);
862 1039 1034 1080 evidens
1057 1051 1224 1092 quoque
1247 1045 1311 1081 est
1333 1040 1465 1081 Deum
1488 1054 1574 1082 non
1596 1044 1730 1083 teneri
1751 1056 1870 1085 reve—

140 1111 342 1152 lationem
365 1123 487 1151 suam
510 1110 687 1151 reddere
709 1110 871 1150 homini
893 1111 950 1151 ita
971 1110 1221 1155 evidentem,
1244 1116 1290 1151 ut
1312 1123 1438 1152 omne
1461 1112 1635 1153 dubium
1650 1114 1778 1154 etiam
1793 1116 1870 1156 im-

140 1181 324 1234 prudens
356 1181 616 1233 exstinguat:
648 1180 723 1221 sed
755 1180 916 1230 sufficit,
948 1185 993 1221 ut
1023 1181 1064 1221 id
1095 1181 1301 1234 praebeat
1333 1193 1470 1232 omne,
1503 1183 1616 1236 quod
1646 1185 1754 1226 ratio
1777 1185 1871 1237 jure

138 1253 288 1293 merito
312 1252 478 1304 exigere
500 1252 634 1304 possit
655 1251 710 1292 ad
732 1251 962 1303 prudenter
984 1252 1253 1293 credendum.
1298 1251 1341 1293 Si
1368 1254 1480 1293 enim
1503 1254 1632 1295 homo
1656 1256 1761 1296 citra
1783 1256 1870 1297 lae-

138 1323 302 1364 sionem
333 1323 420 1363 sive
451 1323 620 1375 pietatis
645 1323 733 1363 sive
755 1322 931 1363 honoris
954 1322 1079 1364 fidem
1105 1323 1196 1364 aliis
1218 1324 1462 1365 hominibus
1483 1337 1683 1366 recusare
1715 1327 1870 1379 nequit,

139 1394 305 1434 etiamsi
327 1393 378 1434 de
401 1405 549 1434 eorum
571 1393 803 1434 veracitate
824 1395 893 1434 vix
920 1394 1226 1439 certitudinem,
1258 1394 1504 1448 plerumque
1527 1400 1691 1437 tantum
1713 1397 1869 1449 proba-

138 1464 342 1505 bilitatem
366 1464 592 1517 quandam,
623 1463 710 1505 fere
742 1477 960 1517 nunquam
983 1465 1240 1506 evidentiam
1264 1465 1442 1514 habeat3
1476 1478 1501 1506 a
1523 1465 1684 1508 fortiori
1706 1468 1869 1509 revela-

137 1536 241 1576 tioni
272 1535 438 1575 divinae
470 1534 687 1575 evidenter
718 1534 907 1575 credibili
938 1535 992 1575 ad
1024 1547 1069 1576 se
1101 1535 1287 1576 directae
1320 1536 1425 1577 citra
1456 1536 1599 1578 laesae
1634 1538 1868 1590 maiestatis

137 1606 304 1648 divinae
326 1606 487 1646 crimen
518 1605 643 1646 fidem
665 1605 876 1658 denegare
909 1618 995 1646 non
1026 1605 1178 1647 licebit.
1201 1606 1328 1659 Atqui
1351 1607 1612 1648 ostendimus
1634 1620 1671 1659 p.
1695 1620 1868 1660 praece·

137 1676 251 1718 denti
281 1677 583 1718 revelationem
616 1677 891 1717 christianam
925 1677 1131 1729 obJ'ective
1163 1682 1399 1729 spectatam
1428 1690 1503 1719 seu
1525 1678 1723 1719 veritates
1746 1690 1867 1720 reve-

135 1748 244 1788 latas
275 1759 368 1789 esse
400 1747 616 1788 evidenter
647 1746 887 1791 credibiles:
921 1747 1092 1788 evidens
1115 1758 1213 1800 ergo
1238 1752 1302 1788 est
1324 1747 1537 1800 obligatio,
1569 1761 1653 1801 qua
1674 1749 1868 1790 homines

136 1819 188 1860 ad
212 1830 286 1859 eas
308 1817 388 1859 fide
404 1818 720 1870 amplectendas
748 1817 1076 1870 obstringuntur,
1100 1830 1176 1859 seu
1199 1818 1372 1859 evidens
1395 1823 1458 1859 est
1481 1830 1553 1859 eas
1577 1831 1669 1860 esse
1692 1820 1868 1861 creden-

136 1890 223 1930 das.
247 1889 395 1930 Merito
419 1889 515 1930 inde
538 1889 619 1929 dici
641 1893 795 1941 potest,
816 1889 1119 1930 revelationem
1143 1894 1308 1930 tantum
1323 1889 1482 1930 habere
1504 1889 1685 1937 luminis,
1706 1895 1751 1930 ut
1765 1889 1868 1932 fides

134 1961 192 2001 illi
221 1959 408 2001 exhibita
438 1961 491 2000 sit
521 1972 696 2012 prorsus
728 1960 947 2001 rationalis
970 1964 1011 2000 et
1033 1960 1238 2012 prudens;
1270 1964 1435 2000 tantum
1459 1972 1561 2000 vero
1586 1960 1866 2001 obscuritatis.

134 2036 180 2072 ut
201 2031 334 2072 libera
356 2031 480 2072 simul
503 2036 676 2072 maneat
699 2036 740 2071 et
761 2031 989 2073 meritoria.

257 2106 350 2146 100.
381 2100 703 2146 Corollarium
733 2102 773 2144 I.
815 2101 1116 2142 Demonstrata
1147 2102 1324 2142 veritate
1365 2102 1577 2153 religionis
1610 2102 1865 2142 christianae

135 2177 286 2225 sponte
308 2185 385 2213 sua
417 2173 689 2225 consequitur
711 2172 924 2225 cujuslibet
946 2172 1117 2213 alterius
1148 2172 1357 2225 reliqc'onis
1381 2171 1434 2212 ab
1457 2172 1538 2212 hac
1560 2171 1758 2213 dissonae
1778 2172 1864 2225 fal-

135 2244 251 2297 sitas,
281 2244 366 2284 scil.
389 2243 564 2295 gentilis,
592 2243 790 2295 judaicae
823 2243 958 2295 qualis
991 2256 1104 2283 nunc
1126 2248 1190 2284 est
1212 2248 1253 2284 et
1275 2246 1484 2295 quatenus
1507 2243 1733 2294 opponitur
1755 2242 1865 2282 chri-

135 2314 310 2360 stianae,
340 2314 680 2355 mohamedanae
712 2318 808 2354 etc:
841 2326 978 2366 neque
1014 2326 1189 2354 necesse
1213 2314 1291 2354 erit
1313 2313 1413 2353 data
1437 2324 1567 2365 opera
1590 2312 1775 2365 singulas
1798 2325 1865 2354 re-

134 2384 287 2428 fellere.

256 2459 348 2501 101.
371 2455 697 2500 Corollarium
719 2456 786 2498 II.
813 2454 865 2495 In
897 2455 1079 2496 Ecclesia
1113 2455 1312 2496 catholica
1339 2469 1431 2495 cera
1454 2461 1510 2496 est
1534 2454 1687 2495 Christi
1710 2454 1863 2508 religio.

133 2525 356 2579 —Negari
377 2539 464 2567 non
484 2531 634 2579 potest,
659 2528 767 2567 inter
788 2531 850 2567 tot
873 2531 1030 2574 coetus,
1054 2526 1124 2578 qui
1139 2525 1292 2566 Christi
1314 2526 1486 2566 nomine
1509 2525 1751 2577 gloriantur,
1775 2537 1860 2565 non

133 2597 270 2638 solum
292 2598 599 2638 dissensionem
622 2609 714 2638 esse
736 2598 847 2638 circa
869 2598 984 2644 ritus,
1008 2608 1154 2637 verum
1176 2597 1304 2637 etiam
1326 2596 1438 2636 circa
1460 2596 1595 2648 ipsam
1611 2595 1861 2638 doctrinam.

134 2666 239 2709 Cum
270 2673 412 2709 autem
445 2669 607 2709 admitti
637 2673 831 2721 nequeat,
863 2666 1075 2708 Christum
1097 2667 1297 2707 veritates
1329 2667 1438 2707 inter
1460 2678 1505 2707 se
1527 2670 1763 2719 pugnantes
1785 2665 1861 2706 do-

134 2739 270 2780 cuisse
292 2739 553 2792 proindeque
577 2751 725 2779 omnes
747 2738 840 2779 illos
864 2743 1010 2778 coetus
1033 2749 1179 2778 veram
1202 2739 1496 2789 sinceramque
1520 2737 1609 2789 ejus
1625 2736 1859 2777 doctrinam

132 2809 369 2861 possidere:
392 2810 567 2851 ulterius
591 2811 670 2850 erit
690 2808 1040 2860 investigandum,
1075 2809 1248 2861 quinam
1272 2820 1323 2849 ex
1345 2813 1406 2848 tot
1430 2807 1620 2848 coetibus
1642 2807 1708 2847 ille
1731 2807 1795 2847 sit.
1818 2806 1859 2845 in

134 2892 216 2932 quo
250 2892 354 2932 pura
382 2886 508 2933 atque
531 2881 692 2933 integra
716 2880 907 2920 doctrina
932 2879 1084 2920 Christi
1106 2879 1352 2931 reperiatur,
1385 2890 1460 2919 seu
1483 2890 1694 2931 quaenam
1717 2877 1768 2916 sit
1790 2875 1860 2915 illa

133 2949 331 2998 Ecclesia,
355 2963 482 3003 quam
505 2951 668 2991 divinus
692 2949 888 2991 Salvator
910 2962 1039 3002 supra
1060 2954 1224 3002 petram
1249 2949 1485 2990 aedificavit
1507 2947 1665 3003 (Matth.
1686 2950 1748 2993 16,
1776 2946 1856 3000 18).

133 3022 200 3061 cui
230 3033 351 3062 suam
382 3021 531 3074 suique
563 3021 741 3074 Spiritus
773 3023 814 3062 in
848 3026 1067 3062 aeternum
1101 3021 1384 3061 assistentiam
1418 3018 1609 3071 promisit
1633 3016 1767 3071 (Joan.
1793 3018 1857 3057 14.

136 3095 200 3135 16.
222 3092 306 3147 26).
348 3091 448 3133 Jure
480 3097 621 3133 autem
653 3093 887 3145 meritoque
911 3091 1147 3132 inferemus,
1181 3103 1325 3131 veram
1350 3090 1500 3131 Christi
1526 3087 1766 3137 religionem
1790 3096 1856 3125 re-

275 3163 426 3190 Hnrter.
449 3163 597 3195 Compend.
617 3163 772 3197 theologiae
792 3166 815 3193 Ι,
837 3164 882 3189 10.
902 3163 944 3188 ed.
1623 3159 1644 3189 S
