2175 3382
506 132 543 163 et
561 140 604 164 ex
624 129 822 173 Scripturis
840 129 1018 173 probatur
1034 139 1124 162 rom.
1144 129 1330 173 pontificis
1349 128 1610 163 infallibilitas.
1838 133 1923 175 431

192 249 384 297 deesset‚·
416 249 451 289 si
483 248 655 300 plenum
687 252 729 288 et
761 247 1002 288 absolutum
1034 259 1120 288 non
1142 252 1287 299 posset
1309 247 1592 288 determinare
1616 259 1859 295 assensum3
1891 247 1927 288 si

193 333 280 362 non
301 319 511 361 sufficeret
533 319 588 360 ad
610 319 942 371 peremptorium
965 318 1016 359 de
1040 318 1340 359 controversiis
1360 317 1455 358 fidei
1467 318 1670 369 judicium
1688 316 1926 365 ferendum;

192 391 227 432 si
249 390 338 442 ejus
362 390 592 430 auctoritas
608 388 897 436 sustentanda,
921 388 1139 436 firmanda,
1163 388 1417 440 complenda
1439 393 1550 429 esset
1566 400 1741 429 assensu
1757 389 1922 441 episco-

193 474 365 515 porum3
397 461 431 501 si
461 461 539 501 hos
571 459 872 500 antecedenter
903 459 958 499 ad
984 471 1131 500 eorum
1154 470 1376 499 assensum
1401 471 1486 499 non
1509 459 1733 511 obligaret;
1768 460 1802 499 si
1834 471 1920 500 non

192 537 399 585 aequaret
421 531 600 572 docendi
622 535 877 583 potestatem
900 530 1113 571 Ecclesiae
1136 529 1382 577 infallibilis;
1420 529 1551 570 verbo
1579 530 1610 570 si
1636 530 1726 581 ejus
1749 529 1928 570 docendi

193 607 384 655 potestas
405 614 493 642 non
515 605 628 642 esset
650 599 887 641 infallibilis.
920 599 1060 651 Quare
1083 611 1134 640 ex
1156 600 1259 651 ipsa,
1283 611 1393 652 quae
1409 600 1613 640 asseritur
1626 612 1805 640 romano
1820 612 1926 652 pon-

194 672 304 719 tifici,
337 672 462 725 plena
493 671 673 712 docendi
704 675 915 723 potestate
942 671 1131 723 sequitur
1153 671 1281 711 etiam
1304 670 1394 722 ejus
1417 669 1704 719 infallibilitas,
1736 683 1818 722 qua
1851 670 1926 711 do-

193 743 316 785 cendi
337 747 528 795 potestas
551 741 787 794 completur
810 746 850 782 et
873 746 1204 782 consummatur.
1247 740 1431 782 Videant
1455 753 1554 793 ergo
1578 741 1821 788 adversarii,
1844 753 1927 793 quo

188 814 284 867 jure
317 813 588 855 novitatis
623 812 869 853 insimulent
903 812 1077 864 dogma:
1119 825 1203 865 qua
1237 812 1372 863 logica
1406 812 1684 864 profiteantur
1718 812 1929 864 antiquio-

191 897 286 926 rum
317 896 363 926 se
395 883 670 925 conciliorum
707 882 905 935 amplecti
936 883 1186 932 doctrinam,
1219 883 1318 923 dum
1352 887 1510 935 negant
1531 883 1698 923 romani
1720 882 1928 935 pontificis

196 954 544 998 infallibilitatem.

315 1047 412 1081 409.
433 1040 489 1077 Ex
520 1040 579 1077 his
611 1040 700 1077 fidei
729 1040 911 1077 formulis
933 1040 1059 1088 liquet
1081 1039 1223 1089 dogma
1244 1040 1290 1077 de
1312 1039 1594 1077 infallibilitate
1616 1051 1711 1076 rom.
1733 1039 1930 1087 pontificis

193 1113 272 1138 non
294 1112 376 1137 esse
398 1112 579 1137 novum
602 1099 779 1136 novitate
800 1099 1043 1148 originis,
1078 1099 1143 1136 sed
1169 1101 1325 1136 tantum
1346 1111 1491 1136 novum
1513 1099 1687 1136 novitate
1709 1098 1929 1146 explica-

192 1159 374 1204 tionis,
399 1170 468 1195 seu
490 1158 632 1195 melius
654 1159 829 1195 novitate
850 1170 1006 1207 propo
1020 1158 1248 1195 sitionis.
1292 1158 1571 1195 Continebatur
1603 1157 1707 1194 enim
1723 1158 1806 1206 jam
1828 1157 1929 1194 anti-

195 1219 284 1267 quis
306 1217 397 1255 fidei
417 1217 575 1267 regulis,
608 1229 687 1254 non
716 1217 874 1265 quidem
895 1217 1075 1265 explicite
1098 1220 1137 1254 et
1158 1216 1384 1261 formaliter,
1419 1217 1487 1254 sed
1508 1217 1697 1265 implicite
1719 1218 1758 1253 et
1780 1216 1929 1253 virtua-

194 1278 308 1322 liter3
331 1279 370 1314 et
391 1276 551 1325 quidem
573 1276 629 1313 ita
650 1277 762 1321 clare,
785 1279 831 1313 ut
852 1276 1049 1313 innumeri
1071 1276 1244 1325 theologi
1258 1276 1358 1313 illud
1374 1276 1463 1313 inde
1479 1276 1673 1313 eruerint:
1692 1278 1930 1324 quapropter

193 1336 424 1386 negavimus
454 1335 670 1373 novitatem
692 1335 973 1383 explicationis.
1017 1334 1126 1378 Quod
1159 1335 1251 1372 adeo
1285 1338 1342 1372 est
1373 1348 1509 1372 verum
1539 1338 1585 1372 ut
1607 1334 1931 1372 Petitdidier

196 1394 235 1448 (†
254 1392 381 1447 1728)
396 1395 437 1432 in
459 1394 674 1431 introduct.
697 1394 745 1431 ad
767 1394 854 1431 1.de
877 1394 1110 1431 auctoritate
1133 1396 1173 1431 et
1194 1394 1478 1431 infallibilitate
1503 1406 1552 1431 ss.
1567 1393 1796 1442 pontificum
1818 1406 1929 1441 prae-

195 1457 313 1492 eunte
335 1453 470 1492 Melch.
494 1453 621 1490 Cano
646 1452 685 1505 (†
714 1452 838 1502 1560)
862 1453 907 1490 de
930 1453 1024 1490 locis
1047 1453 1164 1490 theol.
1187 1454 1211 1490 l.
1229 1461 1250 1493 6
1276 1466 1305 1490 c.
1333 1461 1351 1493 Τ
1378 1453 1544 1490 scribere
1566 1452 1759 1501 potuerit:
1784 1479 1800 1496 »
1812 1453 1930 1489 Plane

194 1525 424 1563 persuasum
455 1512 532 1549 sibi
564 1512 708 1550 habent
739 1512 976 1561 minimeque
1010 1512 1207 1557 dubitant,
1241 1513 1270 1549 si
1298 1513 1483 1550 moderno
1505 1514 1678 1560 tempore
1700 1511 1741 1548 in
1762 1511 1929 1559 quadam

195 1572 441 1611 oecumenica
472 1572 620 1620 synodo
654 1572 747 1608 haec
777 1572 955 1619 quaestio
987 1571 1034 1608 ad
1066 1571 1323 1608 decidendum
1354 1574 1648 1620 proponeretur,
1687 1570 1756 1607 ubi
1788 1570 1929 1618 cuique

195 1631 318 1669 libere
348 1633 520 1668 mentem
552 1642 660 1667 suam
691 1631 841 1679 aperire
863 1630 1018 1667 licitum
1040 1630 1150 1675 foret,
1182 1631 1222 1667 in
1246 1643 1486 1667 summorum
1509 1629 1737 1678 pontificum
1760 1630 1929 1666 favorem

196 1690 464 1728 definiretur}
509 1690 653 1726 Tamen
684 1689 732 1726 ad
762 1700 916 1726 omnem
948 1689 1204 1726 dubitationis
1234 1690 1470 1726 nubeculam
1507 1689 1736 1738 abigendam
1758 1688 1931 1725 Ecclesia

195 1749 410 1787 illationem
434 1751 472 1785 et
495 1748 793 1797 explicationem
816 1748 1041 1785 authentico
1064 1749 1329 1797 comprobavit
1346 1748 1504 1797 judici0‚
1527 1748 1631 1796 quod
1653 1750 1744 1784 ante
1758 1748 1930 1784 nondum

195 1809 358 1846 fecerat:
392 1821 440 1845 en
469 1807 746 1855 propositionis
778 1807 1004 1844 novitatem.
1047 1808 1173 1844 Habes
1202 1807 1264 1844 hic
1297 1807 1491 1852 specimen
1523 1807 1612 1844 fidei
1639 1806 1849 1856 profectu&
1883 1807 1930 1843 de

197 1880 274 1916 quo
297 1879 417 1915 supra
439 1866 590 1916 egimus
613 1879 651 1903 n.
678 1872 756 1905 220
782 1878 830 1903 ss.
867 1865 1052 1910 Quocirca
1074 1870 1274 1911 corruunt,
1301 1878 1397 1914 quae
1420 1866 1694 1915 D'ollinger
1715 1866 1929 1915 Erwa'gun-

194 1939 272 1976 gen
292 1939 330 1963 n.
360 1934 372 1965 l
402 1926 547 1973 aliique
570 1928 728 1974 propter
751 1925 867 1973 hujus
890 1925 1082 1974 dogmatis
1104 1927 1319 1962 novitatem
1342 1926 1552 1974 excipiunt.

312 2009 409 2050 410.
432 2007 689 2060 Aryzcmenta
712 2019 760 2045 ex
791 2018 819 2046 S.
845 2005 1092 2058 Scripturas.
1118 2030 1175 2035 —
1196 2003 1292 2044 Non
1315 2005 1468 2045 minori
1492 2004 1703 2045 evidentia
1726 2004 1930 2055 colligitur

195 2077 362 2117 romani
383 2075 592 2129 pontificis
613 2075 884 2116 infallibilitas
908 2087 959 2116 ex
985 2075 1336 2127 splendidissimis
1360 2073 1514 2116 Christi
1536 2074 1687 2123 verbis,

314 2163 355 2200 et
389 2159 428 2202 1.
462 2159 630 2211 quidem
653 2170 705 2199 ex
730 2158 820 2206 illis,
853 2157 1004 2210 quibus
1030 2158 1225 2210 promisit
1247 2158 1496 2210 primatum:
1535 2157 1596 2197 Τιι
1629 2172 1668 2198 es
1700 2158 1861 2210 Petrus,
1893 2161 1929 2197 et

195 2235 318 2284 super
338 2230 445 2271 hanc
462 2234 629 2284 petram
654 2228 876 2282 aedificabo
899 2228 1125 2269 Ecclesiam
1150 2242 1279 2269 meam
1303 2233 1380 2269 etc.
1403 2228 1546 2269 Matth.
1576 2232 1639 2278 16,
1665 2231 1717 2272 18
1743 2230 1797 2283 (n.
1814 2229 1929 2282 346).

197 2299 310 2342 Sane
333 2301 373 2341 vi
394 2301 545 2341 horum
563 2299 788 2340 verborum
803 2298 953 2340 Petrus
977 2312 1073 2340 cum
1096 2300 1183 2340 suis
1197 2299 1527 2347 successoribus,
1549 2300 1592 2339 in
1615 2299 1765 2351 quibus
1787 2299 1928 2339 vivere

196 2372 341 2424 pergit,
372 2376 492 2423 petra
525 2375 566 2411 et
597 2370 918 2411 fundamentum
941 2371 1211 2411 constituitur
1232 2370 1458 2419 Ecclesiae,
1491 2375 1533 2411 et
1563 2370 1732 2423 quidem
1763 2371 1928 2411 ratione

198 2442 350 2489 fidei;
383 2441 569 2482 Ecclesia
593 2441 704 2481 enim
727 2440 875 2481 schola
897 2445 961 2481 est
983 2439 1148 2489 Christi,
1173 2453 1282 2493 quae
1307 2442 1349 2481 in
1373 2440 1452 2481 fide
1476 2440 1674 2482 fundatur
1696 2444 1737 2481 et
1758 2440 1838 2481 fide
1860 2453 1928 2481 re-

197 2514 316 2565 gitur,
356 2512 417 2553 Ita
439 2524 540 2552 vero
563 2511 712 2552 Petrus
735 2510 1059 2551 fundamentum
1083 2516 1145 2552 est
1166 2511 1391 2561 Ecclesiae,
1421 2516 1467 2552 ut
1488 2512 1595 2552 haec
1619 2524 1669 2552 ex
1691 2512 1782 2564 ipso
1806 2524 1927 2552 suam

197 2583 397 2623 invictam
420 2587 635 2623 mutuetur
656 2581 908 2621 firmitatem.
952 2581 1050 2622 Ideo
1074 2582 1186 2622 enim
1208 2581 1395 2622 Ecclesia
1418 2581 1591 2623 fundata
1614 2587 1677 2623 est
1698 2594 1825 2634 super
1846 2581 1926 2623 Pe-

197 2657 307 2693 trum
330 2666 355 2705 p
369 2657 558 2703 etram,
581 2657 627 2693 ut
649 2652 852 2693 adversus
874 2657 1019 2704 portas
1043 2651 1163 2692 inferi
1184 2652 1238 2692 sit
1259 2652 1426 2701 invicta,
1449 2653 1557 2693 sicut
1572 2653 1774 2705 sapientis
1789 2653 1926 2693 archi-

197 2724 297 2764 tecti
328 2724 490 2772 domus,
522 2735 631 2776 quae
662 2723 819 2763 idcirco
851 2735 938 2763 non
971 2723 1132 2770 cecidit,
1165 2723 1263 2775 quia
1295 2724 1478 2777 fundata
1511 2728 1599 2764 erat
1621 2738 1744 2778 super
1761 2728 1924 2778 petram

198 2794 358 2850 (Matth.
384 2798 420 2843 7,
444 2795 528 2850 ⁶25).
570 2793 698 2847 Atqui
720 2793 870 2834 Petrus
903 2793 1077 2846 ejusque
1104 2806 1373 2835 successores
1405 2806 1484 2835 nec
1514 2799 1635 2847 petra
1666 2806 1744 2835 nec
1775 2794 1926 2834 funda—

198 2869 388 2905 mentum
420 2869 574 2913 essent,
606 2877 631 2905 a
662 2877 745 2917 quo
769 2864 956 2905 Ecclesia
979 2876 1100 2904 suam
1122 2865 1322 2905 invictam
1345 2865 1550 2906 adversus
1572 2877 1748 2917 regnum
1771 2865 1924 2904 erroris

199 2939 239 2976 et
260 2935 532 2976 tenebrarum
554 2940 768 2976 mutuetur
790 2934 1088 2984 fortitudinem,
1111 2935 1146 2975 si
1168 2940 1209 2976 et
1230 2936 1308 2987 ipsi
1331 2936 1446 2976 omni
1468 2936 1727 2976 circumferri
1748 2939 1925 2986 possunt

198 3010 324 3047 vento
339 3006 557 3047 doctrinae
580 3010 621 3047 et
642 3006 810 3054 erroris,
832 3006 868 3046 si
890 3005 1086 3046 firmitate
1108 3006 1151 3046 in
1173 3005 1252 3046 fide
1275 3011 1432 3054 carent,
1456 3006 1491 3046 si
1514 3018 1660 3046 eorum
1677 3005 1858 3046 decreta.
1880 3009 1925 3044 ut

198 3075 318 3116 firma
343 3077 436 3126 sint,
468 3088 680 3117 consensu
702 3077 810 3117 illius
832 3075 1044 3117 Ecclesiae
1067 3081 1164 3118 sunt
1186 3076 1489 3126 confirmanda,
1522 3088 1631 3128 quae
1655 3080 1743 3115 tota
1767 3075 1819 3115 ab
1844 3074 1921 3115 illis
