2175 3382
657 83 842 128 praecedit
861 95 887 116 s.
906 82 1133 127 Scripturam
1152 83 1191 116 in
1210 83 1336 118 ordine
1355 83 1487 128 logico.
1860 89 1941 131 159

209 206 328 246 nosci
344 203 510 251 debent,
523 214 632 255 quae
645 202 813 243 nonnisi
833 213 885 242 ea
904 203 993 255 erit,
1017 214 1144 254 quam
1167 200 1372 242 aChristo
1387 202 1566 243 Domino
1587 203 1819 244 institutam
1840 204 1944 245 hac-

209 281 330 316 tenus
352 274 737 316 demonstravimus
759 274 863 314 thes.
887 272 1027 316 XXIII.

324 345 465 397 Quare
497 344 730 385 secundum
763 344 1062 384 oeconomiam
1093 355 1120 384 a
1151 342 1318 383 Christo
1348 342 1528 383 Domino
1562 344 1795 385 institutam
1827 346 1941 398 prin-

209 418 362 470 cipium
386 415 649 468 cognitionis,
680 426 790 467 quae
813 414 864 455 de
887 412 1114 466 Scripturis
1136 413 1284 454 haberi
1306 413 1444 462 debet,
1476 419 1540 454 est
1572 415 1753 466 ipsamet
1775 415 1941 468 praedi-

207 489 316 529 catio
349 487 637 529 ecclesiastica
668 486 914 527 authentica
945 485 1022 526 sub
1059 486 1301 526 assistentia
1328 483 1506 537 Spiritus
1538 498 1581 534 s,
1615 499 1724 538 quae
1755 487 1849 528 sola
1879 493 1941 529 est

207 560 457 613 principium
489 558 739 607 universale,
771 557 1143 598 accommodatum
1168 556 1377 605 omnibus,
1411 557 1465 597 ad
1489 569 1638 598 omnes
1660 557 1789 599 libros
1811 558 1941 600 libro-

207 642 382 683 rumque
413 634 556 681 partes
578 633 667 670 tuto
699 628 1030 681 cognoscendas,
1063 629 1116 668 ad
1144 628 1459 669 controversias
1481 640 1632 668 omnes
1655 641 1730 680 pro
1754 630 1943 669 omnium

208 705 334 753 captu
356 699 616 741 definiendas
631 700 686 756 (n.
706 703 786 743 11ss
804 700 866 753 s).
882 698 990 739 Nam
1014 699 1123 739 sicut
1138 697 1328 740 Christus
1344 698 1557 739 Ecclesiae
1573 697 1832 751 Scripturam
1850 712 1942 740 om-

207 783 386 824 nemque
402 769 645 823 Scripturae
668 770 903 811 doctrinam
930 771 1159 810 commisit:
1186 771 1245 810 ita
1267 783 1292 811 a
1316 769 1478 811 fortiori
1501 770 1538 811 ei
1562 770 1772 810 commisit
1787 770 1943 811 doctri-

207 854 305 883 nam
329 842 352 882 d
368 854 391 883 e
413 841 723 894 Scriptura,
748 840 909 894 absque
932 841 1051 893 cujus
1075 841 1315 894 cognitione
1336 854 1367 881 s.
1384 839 1602 893 Scriptura
1623 840 1746 893 plane
1767 845 1831 881 est
1850 842 1943 881 inu-

208 913 299 956 tilis.
325 912 460 966 Atque
483 917 687 965 perpetua
711 913 1002 954 ecclesiastica
1023 913 1297 965 praedicatio,
1320 926 1403 965 qua
1425 912 1503 953 sub
1519 913 1751 954 directione
1765 926 1793 953 s.
1811 911 1943 965 SpIri-

208 989 275 1025 tus
308 984 542 1025 custoditur
573 989 615 1025 et
636 984 879 1025 diffunditur
911 983 1181 1025 revelationis
1205 984 1457 1036 depositum,
1488 996 1616 1024 sensu
1638 984 1823 1024 maxime
1846 995 1944 1036 pro-

207 1055 298 1107 prio
339 1055 508 1096 traditio
550 1060 614 1096 est
654 1055 806 1095 divina.
850 1054 956 1106 Ergo
992 1055 1034 1094 in
1065 1054 1316 1106 cognitionis
1352 1054 1499 1095 ordine
1530 1054 1788 1106 praecedere
1819 1054 1944 1095 debet

207 1126 449 1167 authentica
468 1126 638 1167 traditio
661 1126 813 1172 divina,
834 1137 909 1178 per
929 1138 1056 1178 quam
1078 1138 1205 1167 nosse
1226 1138 1304 1166 nos
1328 1129 1508 1177 oportet,
1530 1125 1629 1178 quid
1650 1125 1702 1165 de
1718 1123 1943 1177 Scripturis

207 1198 259 1238 sit
279 1196 521 1241 tenendum,
545 1202 774 1250 antequam
797 1197 848 1237 iis
870 1196 1111 1249 prudenter,
1134 1201 1224 1237 tuto
1248 1201 1290 1236 et
1310 1196 1467 1237 utiliter
1489 1196 1549 1237 uti
1571 1197 1794 1248 possimus.

323 1270 367 1312 2.
392 1267 530 1320 Supra
553 1268 815 1308 ostendimus
838 1268 894 1321 (n.
924 1268 1034 1322 126),
1068 1268 1432 1320 praedicationem
1455 1279 1548 1308 esse
1572 1280 1768 1308 normam
1791 1278 1944 1307 secun-

208 1339 306 1380 dum
330 1351 458 1392 quam
481 1352 511 1382 s.
535 1337 753 1391 Scriptura
775 1338 1045 1390 intelligenda
1069 1345 1110 1379 et
1135 1339 1455 1391 interpretanda
1478 1343 1551 1379 est.
1595 1338 1702 1391 Ergo
1725 1342 1767 1378 et
1789 1350 1840 1379 ex
1862 1337 1943 1378 hoc

208 1410 344 1463 capite
368 1410 597 1463 praecedat
618 1421 794 1452 necesse
818 1414 881 1450 est
902 1409 944 1449 in
977 1409 1125 1450 ordine
1148 1410 1399 1461 cognitionis
1422 1410 1591 1450 traditio
1615 1423 1646 1452 s.
1670 1407 1943 1461 Scripturam.

325 1496 418 1536 144.
441 1493 609 1536 TheSiS
633 1492 790 1536 XXX.
837 1507 1046 1540 Traditio
1059 1509 1307 1549 praeterea
1325 1507 1469 1540 latius
1480 1509 1612 1549 patet
1624 1515 1658 1539 s.
1674 1507 1943 1548 Scriptura:

204 1573 312 1600 nam
346 1574 441 1599 non
475 1565 623 1598 solum
662 1568 807 1598 totum
832 1565 1104 1607 Scripturae
1137 1566 1401 1600 doctrinam
1439 1567 1493 1600 (le
1516 1565 1608 1605 fide
1644 1567 1687 1598 et
1720 1564 1943 1605 moribus,

203 1627 283 1660 sed
308 1628 349 1659 et
375 1625 476 1658 alia
501 1625 740 1660 doctrtnae
767 1624 998 1658 ‘revelatae
1025 1625 1181 1666 capim
1207 1625 1539 1666 complectitur.

322 1693 700 1736 Demonstratio.
725 1692 1014 1733 Traditionem
1038 1692 1208 1732 latius
1232 1696 1376 1744 patere
1400 1705 1430 1732 s.
1455 1692 1669 1743 Scriptura
1692 1695 1808 1743 patet

327 1766 367 1808 1.
391 1776 441 1805 ex
465 1764 683 1816 hucusque
714 1763 857 1811 dictis3
889 1763 1184 1814 complectitur
1207 1763 1319 1803 enim
1340 1762 1509 1802 traditio
1533 1774 1619 1802 non
1642 1761 1778 1802 solum
1801 1760 1942 1813 Scrip-

207 1841 327 1876 turae
349 1835 587 1875 doctrinam
610 1834 690 1874 side
712 1834 941 1874 tenendam
974 1834 1102 1888 (quae
1138 1838 1177 1874 et
1202 1839 1432 1886 antequam
1454 1833 1571 1873 libris
1595 1832 1845 1883 consignata
1868 1837 1942 1872 est.

208 1906 314 1947 orali
344 1905 637 1958 apostolorum
668 1904 985 1957 praedicatione
1017 1904 1296 1956 promulgata,
1338 1909 1378 1945 et
1410 1908 1636 1956 postquam
1663 1903 1754 1955 J'am
1786 1903 1943 1955 scripta

210 1981 284 2027 est,
318 1977 468 2017 eadem
499 1976 665 2016 ratione
688 1977 711 2016 i.
735 1988 769 2019 e.
792 1976 887 2015 viva
911 1976 1140 2027 magisterii
1162 1975 1437 2016 ecclesiastici
1459 1986 1565 2015 voce
1597 1986 1767 2026 semper
1788 1985 1943 2026 propa-

207 2052 303 2100 gata
325 2045 430 2103 suit),
445 2058 591 2087 verum
613 2047 740 2087 etiam
763 2046 1002 2087 doctrinam
1024 2046 1131 2087 adeo
1153 2046 1442 2087 necessariam
1463 2045 1514 2086 de
1537 2058 1567 2086 s.
1583 2043 1811 2097 Scriptura,
1835 2056 1944 2097 quae

208 2119 372 2170 integra
393 2117 542 2158 saltem
566 2118 667 2169 ipsis
690 2117 840 2157 divinis
862 2117 993 2157 literis
1016 2130 1103 2157 non
1125 2118 1376 2161 continetur.

325 2190 366 2232 2.
389 2185 661 2229 Ostendimus
692 2201 723 2228 s.
747 2186 1010 2240 Scripturam
1043 2188 1274 2228 secundum
1302 2187 1664 2240 praedicationem
1688 2186 1944 2227 ecclesiasti-

208 2271 303 2300 cam
324 2271 418 2300 esse
441 2259 753 2311 intelligendam
777 2260 832 2313 (n.
859 2260 980 2314 126);
1011 2259 1119 2300 haec
1145 2264 1288 2299 autem
1311 2258 1572 2299 articulatius
1595 2262 1636 2298 et
1657 2256 1828 2298 uberius
1851 2269 1945 2309 pro-

209 2331 338 2382 ponit,
368 2342 477 2382 quae
509 2330 730 2371 obscurius
763 2334 804 2370 et
834 2329 1004 2370 brevius
1037 2330 1186 2370 divinis
1217 2329 1348 2370 literis
1380 2329 1663 2371 continentur.
1704 2327 1812 2368 Fieri
1843 2339 1941 2378 ergo

210 2401 367 2454 nequit,
389 2405 436 2441 ut
456 2413 543 2441 non
564 2400 689 2441 latius
712 2405 753 2440 et
775 2400 946 2441 uberius
969 2405 1113 2452 pateat
1136 2400 1305 2441 traditio
1329 2412 1457 2452 quam
1481 2413 1511 2440 s.
1535 2398 1763 2451 Scriptura.

325 2473 367 2515 3.
391 2471 505 2512 Idem
528 2469 804 2511 confirmatur
826 2471 879 2511 th
893 2471 1140 2511 eoretico
1171 2476 1341 2522 patrum
1363 2469 1574 2522 suffragio,
1607 2471 1678 2523 qui
1699 2470 1859 2522 passim
1880 2469 1944 2508 in-

209 2543 386 2591 culcant,
428 2554 513 2583 non
546 2542 689 2582 omnia
721 2541 810 2581 sive
842 2541 1055 2582 credenda
1086 2541 1173 2581 sive
1206 2552 1257 2581 ex
1288 2541 1505 2581 voluntate
1538 2539 1692 2581 Christi
1723 2539 1888 2591 agenda
1920 2551 1944 2578 a

209 2613 482 2666 scriptoribus
505 2612 703 2653 divinitus
724 2611 940 2664 inspiratis
963 2612 1091 2652 fuisse
1113 2612 1243 2652 literis
1266 2612 1527 2664 consignata.

327 2701 387 2737 Ita
408 2699 854 2749 Qhfflaer.
880 2706 926 2739 61
957 2699 1144 2735 adversus
1167 2699 1400 2747 apostolicos
1424 2698 1470 2735 de
1492 2697 1723 2746 nuptiarum
1744 2698 1944 2745 praestan-

209 2759 265 2796 tia
285 2758 494 2805 disserens,
517 2761 724 2807 postquam
748 2758 880 2806 aliqua
902 2770 945 2794 ex
969 2758 1182 2806 Scripturis
1207 2757 1391 2795 adduxit:
1417 2757 1519 2801 „Sed
1542 2756 1752 2793 traditione
1776 2768 1942 2803 quoque.

210 2818 340 2866 inquit
360 2831 398 2856 11.
423 2824 459 2862 6,
483 2830 580 2866 opus
601 2819 670 2856 est.
712 2818 847 2865 Neque
880 2816 984 2853 enim
1016 2829 1060 2853 ex
1084 2817 1296 2865 Scripturis
1328 2816 1409 2865 peti
1431 2818 1596 2865 possunt
1617 2814 1754 2852 omnia.
1797 2814 1943 2851 Idcirco

212 2875 288 2913 alia
308 2876 466 2925 scripto,
488 2876 701 2914 traditione
732 2876 809 2913 alia
838 2875 1068 2913 sanctissimi
1102 2876 1269 2924 apostoli
1300 2865 1573 2937 reliquerunt)
1603 2874 1714 2918 Quod
1734 2873 1863 2921 ipsum
1888 2872 1944 2908 ita

213 2935 360 2972 Paulus
382 2935 550 2972 affirmat
577 2943 608 2974 1.
633 2936 713 2973 Cor.
742 2942 804 2979 11,
831 2941 875 2974 2:
917 2932 1242 2980 Quemadmodum
1274 2935 1422 2972 tradidi·
1456 2934 1584 2979 vobis;
1618 2933 1712 2969 item
1746 2931 1824 2968 alio
1861 2931 1943 2967 loco

217 2992 285 3045 (ib.
315 3000 377 3038 14,
404 2990 498 3045 33):
532 2994 592 3031 Ila
616 2995 736 3038 doceo,
761 2999 792 3030 et
814 2995 869 3030 ita
893 2994 1039 3030 tradidi·
1069 2995 1110 3031 in
1132 2995 1316 3041 eeclesiis;
1346 2993 1440 3030 item
1464 2991 1531 3043 (ib.
1560 2999 1621 3033 15,
1649 2988 1710 3043 2):
1743 2990 1786 3026 Si
1815 2991 1944 3026 memi-

213 3053 340 3100 nistis,
375 3053 450 3089 nisi
472 3053 624 3100 frustra
646 3053 870 3090 credidistis.
912 3052 1000 3089 Jam
1021 3064 1111 3090 vero
1132 3052 1232 3089 illud
1255 3053 1303 3089 ab
1325 3052 1510 3100 apostolis
1533 3052 1663 3088 sancta
1687 3049 1755 3086 Dei
1776 3048 1946 3085 Ecclesia
