<?xml version="1.0" encoding="UTF-8"?>
<!DOCTYPE html PUBLIC "-//W3C//DTD XHTML 1.0 Transitional//EN"
    "http://www.w3.org/TR/xhtml1/DTD/xhtml1-transitional.dtd">
<html xmlns="http://www.w3.org/1999/xhtml" xml:lang="en" lang="en">
 <head>
  <title>
</title>
<meta http-equiv="Content-Type" content="text/html;charset=utf-8" />
  <meta name='ocr-system' content='tesseract 3.04.00' />
  <meta name='ocr-capabilities' content='ocr_page ocr_carea ocr_par ocr_line ocrx_word'/>
</head>
<body>
  <div class='ocr_page' id='page_1' title='image "./theologiaedogmat01hurt/theologiaedogmat01hurt_0326.png"; bbox 0 0 2175 3382; ppageno 0'>
   <div class='ocr_carea' id='block_1_1' title="bbox 185 155 1693 205">
    <p class='ocr_par' dir='ltr' id='par_1_1' title="bbox 185 155 1693 205">
     <span class='ocr_line' id='line_1_1' title="bbox 185 155 1693 205; baseline -0.009 -2"><span class='ocrx_word' id='word_1_1' title='bbox 185 166 270 205; x_wconf 66' lang='lat'>:3143</span> <span class='ocrx_word' id='word_1_2' title='bbox 416 159 537 192; x_wconf 79' lang='lat' dir='ltr'>Tract.</span> <span class='ocrx_word' id='word_1_3' title='bbox 556 158 616 194; x_wconf 84' lang='grc' dir='ltr'><strong>ΙΙΙ.</strong></span> <span class='ocrx_word' id='word_1_4' title='bbox 635 158 680 193; x_wconf 91' lang='lat' dir='ltr'>de</span> <span class='ocrx_word' id='word_1_5' title='bbox 700 157 872 192; x_wconf 79' lang='lat' dir='ltr'>Ecclesia.</span> <span class='ocrx_word' id='word_1_6' title='bbox 900 157 1183 202; x_wconf 69' lang='lat' dir='ltr'>Exceptionibus</span> <span class='ocrx_word' id='word_1_7' title='bbox 1202 159 1331 191; x_wconf 83' lang='lat' dir='ltr'>contra.</span> <span class='ocrx_word' id='word_1_8' title='bbox 1348 157 1529 190; x_wconf 88' lang='lat' dir='ltr'>unitatem</span> <span class='ocrx_word' id='word_1_9' title='bbox 1548 155 1693 190; x_wconf 75' lang='lat' dir='ltr'>satisfit.</span> 
     </span>
    </p>
   </div>
   <div class='ocr_carea' id='block_1_2' title="bbox 183 279 1933 1807">
    <p class='ocr_par' dir='ltr' id='par_1_2' title="bbox 183 279 1930 745">
     <span class='ocr_line' id='line_1_2' title="bbox 187 279 1926 329; baseline -0.001 -10"><span class='ocrx_word' id='word_1_10' title='bbox 187 287 388 320; x_wconf 78' lang='lat' dir='ltr'>recturum</span> <span class='ocrx_word' id='word_1_11' title='bbox 411 281 534 319; x_wconf 84' lang='lat' dir='ltr'>fuisse</span> <span class='ocrx_word' id='word_1_12' title='bbox 557 282 795 319; x_wconf 85' lang='lat' dir='ltr'>sententiam</span> <span class='ocrx_word' id='word_1_13' title='bbox 817 294 939 325; x_wconf 87' lang='lat' dir='ltr'>suam,</span> <span class='ocrx_word' id='word_1_14' title='bbox 970 280 1003 317; x_wconf 84' lang='lat' dir='ltr'>si</span> <span class='ocrx_word' id='word_1_15' title='bbox 1025 280 1113 329; x_wconf 90' lang='lat' dir='ltr'>quis</span> <span class='ocrx_word' id='word_1_16' title='bbox 1135 280 1170 317; x_wconf 90' lang='lat' dir='ltr'>ei</span> <span class='ocrx_word' id='word_1_17' title='bbox 1193 279 1486 325; x_wconf 81' lang='lat' dir='ltr'><strong>demonstraret,</strong></span> <span class='ocrx_word' id='word_1_18' title='bbox 1520 279 1757 328; x_wconf 86' lang='lat' dir='ltr'>baptismum</span> <span class='ocrx_word' id='word_1_19' title='bbox 1780 279 1926 318; x_wconf 75' lang='lat' dir='ltr'>Christi</span> 
     </span>
     <span class='ocr_line' id='line_1_3' title="bbox 184 338 1926 389; baseline -0.001 -11"><span class='ocrx_word' id='word_1_20' title='bbox 184 341 242 378; x_wconf 83' lang='lat' dir='ltr'>sic</span> <span class='ocrx_word' id='word_1_21' title='bbox 264 340 348 378; x_wconf 83' lang='lat' dir='ltr'>dari</span> <span class='ocrx_word' id='word_1_22' title='bbox 370 352 484 389; x_wconf 89' lang='lat' dir='ltr'>posse</span> <span class='ocrx_word' id='word_1_23' title='bbox 516 340 564 378; x_wconf 88' lang='lat' dir='ltr'>ab</span> <span class='ocrx_word' id='word_1_24' title='bbox 599 341 664 385; x_wconf 89' lang='lat' dir='ltr'>eis,</span> <span class='ocrx_word' id='word_1_25' title='bbox 701 340 770 388; x_wconf 89' lang='lat' dir='ltr'>qui</span> <span class='ocrx_word' id='word_1_26' title='bbox 806 341 905 378; x_wconf 85' lang='lat' dir='ltr'>foras</span> <span class='ocrx_word' id='word_1_27' title='bbox 939 339 1130 382; x_wconf 82' lang='lat' dir='ltr'>exierunt.</span> <span class='ocrx_word' id='word_1_28' title='bbox 1167 338 1496 387; x_wconf 84' lang='lat' dir='ltr'>quemadmodum</span> <span class='ocrx_word' id='word_1_29' title='bbox 1531 338 1658 379; x_wconf 90' lang='lat' dir='ltr'>amitti</span> <span class='ocrx_word' id='word_1_30' title='bbox 1680 350 1759 377; x_wconf 91' lang='lat' dir='ltr'>non</span> <span class='ocrx_word' id='word_1_31' title='bbox 1780 338 1926 387; x_wconf 88' lang='lat' dir='ltr'>potuit,</span> 
     </span>
     <span class='ocr_line' id='line_1_4' title="bbox 183 397 1925 448; baseline -0.001 -11"><span class='ocrx_word' id='word_1_32' title='bbox 183 412 276 437; x_wconf 80' lang='lat' dir='ltr'>cnm</span> <span class='ocrx_word' id='word_1_33' title='bbox 300 399 401 437; x_wconf 88' lang='lat' dir='ltr'>foras</span> <span class='ocrx_word' id='word_1_34' title='bbox 424 399 576 437; x_wconf 75' lang='lat' dir='ltr'>exirent</span> <span class='ocrx_word' id='word_1_35' title='bbox 599 429 606 436; x_wconf 92' lang='lat'>.</span> <span class='ocrx_word' id='word_1_36' title='bbox 631 429 638 436; x_wconf 91' lang='lat'>.</span> <span class='ocrx_word' id='word_1_37' title='bbox 663 430 669 437; x_wconf 92' lang='lat'>.</span> <span class='ocrx_word' id='word_1_38' title='bbox 703 400 784 437; x_wconf 82' lang='lat' dir='ltr'>Nec</span> <span class='ocrx_word' id='word_1_39' title='bbox 805 412 875 437; x_wconf 85' lang='lat' dir='ltr'>nos</span> <span class='ocrx_word' id='word_1_40' title='bbox 898 399 974 448; x_wconf 91' lang='lat' dir='ltr'>ipsi</span> <span class='ocrx_word' id='word_1_41' title='bbox 996 398 1074 436; x_wconf 89' lang='lat' dir='ltr'>tale</span> <span class='ocrx_word' id='word_1_42' title='bbox 1097 397 1246 446; x_wconf 91' lang='lat' dir='ltr'>aliquid</span> <span class='ocrx_word' id='word_1_43' title='bbox 1268 397 1500 436; x_wconf 83' lang='lat' dir='ltr'>auderemus</span> <span class='ocrx_word' id='word_1_44' title='bbox 1531 409 1713 444; x_wconf 81' lang='lat' dir='ltr'>asserere,</span> <span class='ocrx_word' id='word_1_45' title='bbox 1736 397 1814 436; x_wconf 83' lang='lat' dir='ltr'>nisi</span> <span class='ocrx_word' id='word_1_46' title='bbox 1836 399 1925 436; x_wconf 90' lang='lat' dir='ltr'>uni-</span> 
     </span>
     <span class='ocr_line' id='line_1_5' title="bbox 187 456 1927 506; baseline 0 -10"><span class='ocrx_word' id='word_1_47' title='bbox 187 471 321 497; x_wconf 78' lang='lat' dir='ltr'>versae</span> <span class='ocrx_word' id='word_1_48' title='bbox 342 458 535 497; x_wconf 85' lang='lat' dir='ltr'>Ecclesiae</span> <span class='ocrx_word' id='word_1_49' title='bbox 558 459 858 497; x_wconf 82' lang='lat' dir='ltr'>concordissima</span> <span class='ocrx_word' id='word_1_50' title='bbox 879 457 1112 496; x_wconf 86' lang='lat' dir='ltr'>auctoritate</span> <span class='ocrx_word' id='word_1_51' title='bbox 1134 456 1299 499; x_wconf 81' lang='lat' dir='ltr'>firmati·.</span> <span class='ocrx_word' id='word_1_52' title='bbox 1332 457 1395 494; x_wconf 90' lang='lat' dir='ltr'>cui</span> <span class='ocrx_word' id='word_1_53' title='bbox 1426 462 1465 494; x_wconf 90' lang='lat' dir='ltr'>et</span> <span class='ocrx_word' id='word_1_54' title='bbox 1494 457 1578 506; x_wconf 91' lang='lat' dir='ltr'>ipse</span> <span class='ocrx_word' id='word_1_55' title='bbox 1609 457 1694 494; x_wconf 89' lang='lat' dir='ltr'>sine</span> <span class='ocrx_word' id='word_1_56' title='bbox 1725 457 1844 495; x_wconf 88' lang='lat' dir='ltr'>dubio</span> <span class='ocrx_word' id='word_1_57' title='bbox 1865 469 1927 496; x_wconf 91' lang='lat' dir='ltr'>ce-</span> 
     </span>
     <span class='ocr_line' id='line_1_6' title="bbox 183 515 1930 567; baseline -0.001 -12"><span class='ocrx_word' id='word_1_58' title='bbox 183 518 309 564; x_wconf 83' lang='lat' dir='ltr'>deret,</span> <span class='ocrx_word' id='word_1_59' title='bbox 333 518 366 556; x_wconf 91' lang='lat' dir='ltr'>si</span> <span class='ocrx_word' id='word_1_60' title='bbox 383 518 464 567; x_wconf 89' lang='lat' dir='ltr'>jam</span> <span class='ocrx_word' id='word_1_61' title='bbox 489 517 559 556; x_wconf 93' lang='lat' dir='ltr'>illo</span> <span class='ocrx_word' id='word_1_62' title='bbox 581 521 755 567; x_wconf 88' lang='lat' dir='ltr'>tempore</span> <span class='ocrx_word' id='word_1_63' title='bbox 778 516 1021 566; x_wconf 83' lang='lat' dir='ltr'>quaestionis</span> <span class='ocrx_word' id='word_1_64' title='bbox 1044 516 1163 563; x_wconf 90' lang='lat' dir='ltr'>hujus</span> <span class='ocrx_word' id='word_1_65' title='bbox 1184 515 1330 553; x_wconf 87' lang='lat' dir='ltr'>veritas</span> <span class='ocrx_word' id='word_1_66' title='bbox 1361 516 1534 565; x_wconf 85' lang='lat' dir='ltr'>eliquata</span> <span class='ocrx_word' id='word_1_67' title='bbox 1564 518 1604 553; x_wconf 89' lang='lat' dir='ltr'>et</span> <span class='ocrx_word' id='word_1_68' title='bbox 1636 515 1830 554; x_wconf 84' lang='lat' dir='ltr'>declarata</span> <span class='ocrx_word' id='word_1_69' title='bbox 1858 529 1930 566; x_wconf 87' lang='lat' dir='ltr'>per</span> 
     </span>
     <span class='ocr_line' id='line_1_7' title="bbox 187 574 1928 626; baseline -0.001 -11"><span class='ocrx_word' id='word_1_70' title='bbox 187 577 405 626; x_wconf 85' lang='lat' dir='ltr'>plenarium</span> <span class='ocrx_word' id='word_1_71' title='bbox 429 577 638 615; x_wconf 87' lang='lat' dir='ltr'>concilium</span> <span class='ocrx_word' id='word_1_72' title='bbox 663 577 903 614; x_wconf 80' lang='lat' dir='ltr'>solidaretur</span> <span class='ocrx_word' id='word_1_73' title='bbox 924 579 1025 614; x_wconf 78' lang='lat' dir='ltr'>etc.‘</span> <span class='ocrx_word' id='word_1_74' title='bbox 1049 574 1101 612; x_wconf 85' lang='lat' dir='ltr'>Cf.</span> <span class='ocrx_word' id='word_1_75' title='bbox 1124 576 1152 617; x_wconf 81' lang='grc' dir='ltr'>Ι,</span> <span class='ocrx_word' id='word_1_76' title='bbox 1180 581 1199 614; x_wconf 78' lang='grc' dir='ltr'><strong>Τ</strong></span> <span class='ocrx_word' id='word_1_77' title='bbox 1226 587 1276 614; x_wconf 63' lang='lat' dir='ltr'>a:</span> <span class='ocrx_word' id='word_1_78' title='bbox 1309 581 1368 615; x_wconf 81' lang='lat'>18.</span> <span class='ocrx_word' id='word_1_79' title='bbox 1391 575 1567 613; x_wconf 85' lang='lat' dir='ltr'>Veritate</span> <span class='ocrx_word' id='word_1_80' title='bbox 1588 577 1718 613; x_wconf 87' lang='lat' dir='ltr'>autem</span> <span class='ocrx_word' id='word_1_81' title='bbox 1733 575 1928 614; x_wconf 78' lang='lat' dir='ltr'>Ecclesiae</span> 
     </span>
     <span class='ocr_line' id='line_1_8' title="bbox 187 634 1928 684; baseline -0.001 -11"><span class='ocrx_word' id='word_1_82' title='bbox 187 636 422 675; x_wconf 84' lang='lat' dir='ltr'>auctoritate</span> <span class='ocrx_word' id='word_1_83' title='bbox 444 636 686 674; x_wconf 78' lang='lat' dir='ltr'>sufficienter</span> <span class='ocrx_word' id='word_1_84' title='bbox 717 636 922 679; x_wconf 85' lang='lat' dir='ltr'>declarata,</span> <span class='ocrx_word' id='word_1_85' title='bbox 941 635 1023 684; x_wconf 87' lang='lat' dir='ltr'>jam</span> <span class='ocrx_word' id='word_1_86' title='bbox 1045 634 1092 671; x_wconf 91' lang='lat' dir='ltr'>ab</span> <span class='ocrx_word' id='word_1_87' title='bbox 1117 634 1289 671; x_wconf 84' lang='lat' dir='ltr'>Ecclesia</span> <span class='ocrx_word' id='word_1_88' title='bbox 1311 634 1428 671; x_wconf 90' lang='lat' dir='ltr'>alieni</span> <span class='ocrx_word' id='word_1_89' title='bbox 1451 634 1708 679; x_wconf 83' lang='lat' dir='ltr'>habebantur,</span> <span class='ocrx_word' id='word_1_90' title='bbox 1733 634 1803 682; x_wconf 88' lang='lat' dir='ltr'>qni</span> <span class='ocrx_word' id='word_1_91' title='bbox 1825 635 1928 673; x_wconf 86' lang='lat' dir='ltr'>ulte·</span> 
     </span>
     <span class='ocr_line' id='line_1_9' title="bbox 187 693 1744 745; baseline -0.002 -12"><span class='ocrx_word' id='word_1_92' title='bbox 187 696 270 733; x_wconf 89' lang='lat' dir='ltr'>rius</span> <span class='ocrx_word' id='word_1_93' title='bbox 292 695 418 733; x_wconf 89' lang='lat' dir='ltr'>eidem</span> <span class='ocrx_word' id='word_1_94' title='bbox 439 695 751 745; x_wconf 82' lang='lat' dir='ltr'>refragabantur.</span> <span class='ocrx_word' id='word_1_95' title='bbox 795 694 847 733; x_wconf 88' lang='lat' dir='ltr'>Cf.</span> <span class='ocrx_word' id='word_1_96' title='bbox 872 694 963 731; x_wconf 73' lang='lat' dir='ltr'>Vin</span> <span class='ocrx_word' id='word_1_97' title='bbox 977 693 1184 731; x_wconf 88' lang='lat' dir='ltr'>centius</span> <span class='ocrx_word' id='word_1_98' title='bbox 1205 693 1267 730; x_wconf 89' lang='lat' dir='ltr'>lir.</span> <span class='ocrx_word' id='word_1_99' title='bbox 1291 704 1320 731; x_wconf 89' lang='lat' dir='ltr'>c.</span> <span class='ocrx_word' id='word_1_100' title='bbox 1346 700 1381 733; x_wconf 84' lang='grc'>6.</span> <span class='ocrx_word' id='word_1_101' title='bbox 1403 697 1444 730; x_wconf 91' lang='lat' dir='ltr'>et</span> <span class='ocrx_word' id='word_1_102' title='bbox 1464 693 1567 731; x_wconf 83' lang='lat' dir='ltr'>infra</span> <span class='ocrx_word' id='word_1_103' title='bbox 1588 706 1624 730; x_wconf 92' lang='lat' dir='ltr'>n.</span> <span class='ocrx_word' id='word_1_104' title='bbox 1649 699 1744 734; x_wconf 77' lang='lat'>434.</span> 
     </span>
    </p>

    <p class='ocr_par' dir='ltr' id='par_1_3' title="bbox 184 751 1930 1334">
     <span class='ocr_line' id='line_1_10' title="bbox 305 751 1929 802; baseline -0.001 -10"><span class='ocrx_word' id='word_1_105' title='bbox 305 755 440 802; x_wconf 84' lang='lat' dir='ltr'>Neque</span> <span class='ocrx_word' id='word_1_106' title='bbox 475 755 697 792; x_wconf 86' lang='lat' dir='ltr'>alterum</span> <span class='ocrx_word' id='word_1_107' title='bbox 732 754 877 791; x_wconf 88' lang='lat' dir='ltr'>factum</span> <span class='ocrx_word' id='word_1_108' title='bbox 914 754 975 790; x_wconf 84' lang='lat' dir='ltr'>est</span> <span class='ocrx_word' id='word_1_109' title='bbox 1009 751 1057 789; x_wconf 88' lang='lat' dir='ltr'>ad</span> <span class='ocrx_word' id='word_1_110' title='bbox 1079 765 1173 796; x_wconf 88' lang='lat' dir='ltr'>rem,</span> <span class='ocrx_word' id='word_1_111' title='bbox 1209 752 1328 800; x_wconf 88' lang='lat' dir='ltr'>idque</span> <span class='ocrx_word' id='word_1_112' title='bbox 1351 765 1395 790; x_wconf 80' lang='lat' dir='ltr'>ex</span> <span class='ocrx_word' id='word_1_113' title='bbox 1418 752 1573 790; x_wconf 89' lang='lat' dir='ltr'>defectu</span> <span class='ocrx_word' id='word_1_114' title='bbox 1609 752 1849 791; x_wconf 89' lang='lat' dir='ltr'>conditionis</span> <span class='ocrx_word' id='word_1_115' title='bbox 1871 766 1929 792; x_wconf 91' lang='lat' dir='ltr'>se-</span> 
     </span>
     <span class='ocr_line' id='line_1_11' title="bbox 184 811 1929 862; baseline -0.001 -10"><span class='ocrx_word' id='word_1_116' title='bbox 184 814 357 856; x_wconf 73' lang='lat' dir='ltr'>cundae:</span> <span class='ocrx_word' id='word_1_117' title='bbox 381 814 450 862; x_wconf 90' lang='lat' dir='ltr'>qui</span> <span class='ocrx_word' id='word_1_118' title='bbox 472 814 575 851; x_wconf 86' lang='lat' dir='ltr'>enim</span> <span class='ocrx_word' id='word_1_119' title='bbox 598 813 712 850; x_wconf 83' lang='lat' dir='ltr'>initio</span> <span class='ocrx_word' id='word_1_120' title='bbox 736 812 897 850; x_wconf 88' lang='lat' dir='ltr'>concilio</span> <span class='ocrx_word' id='word_1_121' title='bbox 920 812 1170 849; x_wconf 90' lang='lat' dir='ltr'>oecumenico</span> <span class='ocrx_word' id='word_1_122' title='bbox 1192 811 1237 848; x_wconf 91' lang='lat' dir='ltr'>V.</span> <span class='ocrx_word' id='word_1_123' title='bbox 1263 823 1303 849; x_wconf 92' lang='lat' dir='ltr'>se</span> <span class='ocrx_word' id='word_1_124' title='bbox 1325 814 1608 861; x_wconf 84' lang='lat' dir='ltr'>opposuerunt.</span> <span class='ocrx_word' id='word_1_125' title='bbox 1642 813 1771 861; x_wconf 88' lang='lat' dir='ltr'>ipsum</span> <span class='ocrx_word' id='word_1_126' title='bbox 1792 811 1929 850; x_wconf 87' lang='lat' dir='ltr'>adver-</span> 
     </span>
     <span class='ocr_line' id='line_1_12' title="bbox 189 870 1929 922; baseline -0.001 -11"><span class='ocrx_word' id='word_1_127' title='bbox 189 874 266 911; x_wconf 89' lang='lat' dir='ltr'>sari</span> <span class='ocrx_word' id='word_1_128' title='bbox 287 873 486 922; x_wconf 81' lang='lat' dir='ltr'>putabant</span> <span class='ocrx_word' id='word_1_129' title='bbox 507 885 612 910; x_wconf 90' lang='lat' dir='ltr'>conc.</span> <span class='ocrx_word' id='word_1_130' title='bbox 635 872 883 910; x_wconf 86' lang='lat' dir='ltr'>oecumenico</span> <span class='ocrx_word' id='word_1_131' title='bbox 904 871 978 914; x_wconf 80' lang='lat' dir='ltr'>1V;</span> <span class='ocrx_word' id='word_1_132' title='bbox 1013 874 1221 919; x_wconf 86' lang='lat' dir='ltr'>postquam</span> <span class='ocrx_word' id='word_1_133' title='bbox 1253 882 1344 908; x_wconf 88' lang='lat' dir='ltr'>vero</span> <span class='ocrx_word' id='word_1_134' title='bbox 1376 870 1618 909; x_wconf 88' lang='lat' dir='ltr'>sufficienter</span> <span class='ocrx_word' id='word_1_135' title='bbox 1640 871 1819 909; x_wconf 85' lang='lat' dir='ltr'>innotuit</span> <span class='ocrx_word' id='word_1_136' title='bbox 1839 883 1929 909; x_wconf 89' lang='lat' dir='ltr'>con-</span> 
     </span>
     <span class='ocr_line' id='line_1_13' title="bbox 184 928 1929 978; baseline -0.001 -9"><span class='ocrx_word' id='word_1_137' title='bbox 184 933 324 970; x_wconf 90' lang='lat' dir='ltr'>cilium</span> <span class='ocrx_word' id='word_1_138' title='bbox 341 931 440 969; x_wconf 88' lang='lat' dir='ltr'>illud</span> <span class='ocrx_word' id='word_1_139' title='bbox 455 944 535 969; x_wconf 87' lang='lat' dir='ltr'>esse</span> <span class='ocrx_word' id='word_1_140' title='bbox 549 931 854 976; x_wconf 89' lang='lat' dir='ltr'>oecumenicum,</span> <span class='ocrx_word' id='word_1_141' title='bbox 869 930 1073 978; x_wconf 87' lang='lat' dir='ltr'>triumque</span> <span class='ocrx_word' id='word_1_142' title='bbox 1086 928 1350 978; x_wconf 87' lang='lat' dir='ltr'>capitulorum</span> <span class='ocrx_word' id='word_1_143' title='bbox 1365 929 1654 968; x_wconf 84' lang='lat' dir='ltr'>damnationem</span> <span class='ocrx_word' id='word_1_144' title='bbox 1665 942 1751 968; x_wconf 88' lang='lat' dir='ltr'>esse</span> <span class='ocrx_word' id='word_1_145' title='bbox 1762 930 1929 968; x_wconf 87' lang='lat' dir='ltr'>authen-</span> 
     </span>
     <span class='ocr_line' id='line_1_14' title="bbox 185 988 1929 1040; baseline -0.001 -11"><span class='ocrx_word' id='word_1_146' title='bbox 185 992 301 1029; x_wconf 80' lang='lat' dir='ltr'>ticam</span> <span class='ocrx_word' id='word_1_147' title='bbox 326 1003 488 1040; x_wconf 88' lang='lat' dir='ltr'>eamque</span> <span class='ocrx_word' id='word_1_148' title='bbox 511 1002 590 1028; x_wconf 88' lang='lat' dir='ltr'>non</span> <span class='ocrx_word' id='word_1_149' title='bbox 611 990 808 1027; x_wconf 75' lang='lat' dir='ltr'>adversari</span> <span class='ocrx_word' id='word_1_150' title='bbox 829 1001 932 1027; x_wconf 89' lang='lat' dir='ltr'>conc.</span> <span class='ocrx_word' id='word_1_151' title='bbox 956 988 1262 1034; x_wconf 84' lang='lat' dir='ltr'>chalcedonensi,</span> <span class='ocrx_word' id='word_1_152' title='bbox 1295 989 1332 1033; x_wconf 91' lang='lat' dir='ltr'>ii,</span> <span class='ocrx_word' id='word_1_153' title='bbox 1365 989 1434 1037; x_wconf 92' lang='lat' dir='ltr'>qui</span> <span class='ocrx_word' id='word_1_154' title='bbox 1455 1001 1495 1026; x_wconf 87' lang='lat' dir='ltr'>se</span> <span class='ocrx_word' id='word_1_155' title='bbox 1517 989 1707 1039; x_wconf 89' lang='lat' dir='ltr'>subjicere</span> <span class='ocrx_word' id='word_1_156' title='bbox 1729 989 1929 1036; x_wconf 84' lang='lat' dir='ltr'>nolebant,</span> 
     </span>
     <span class='ocr_line' id='line_1_15' title="bbox 186 1047 1929 1099; baseline -0.001 -11"><span class='ocrx_word' id='word_1_157' title='bbox 186 1051 236 1088; x_wconf 84' lang='lat' dir='ltr'>ab</span> <span class='ocrx_word' id='word_1_158' title='bbox 258 1049 429 1088; x_wconf 85' lang='lat' dir='ltr'>Ecclesia</span> <span class='ocrx_word' id='word_1_159' title='bbox 451 1052 622 1087; x_wconf 76' lang='lat' dir='ltr'>extorres</span> <span class='ocrx_word' id='word_1_160' title='bbox 645 1049 902 1086; x_wconf 82' lang='lat' dir='ltr'>habebantur.</span> <span class='ocrx_word' id='word_1_161' title='bbox 945 1048 1087 1085; x_wconf 86' lang='lat' dir='ltr'>Secuta</span> <span class='ocrx_word' id='word_1_162' title='bbox 1109 1050 1167 1085; x_wconf 88' lang='lat' dir='ltr'>est</span> <span class='ocrx_word' id='word_1_163' title='bbox 1189 1047 1378 1085; x_wconf 89' lang='lat' dir='ltr'>nimirum</span> <span class='ocrx_word' id='word_1_164' title='bbox 1400 1047 1568 1085; x_wconf 84' lang='lat' dir='ltr'>Ecclesia</span> <span class='ocrx_word' id='word_1_165' title='bbox 1593 1048 1709 1086; x_wconf 87' lang='lat' dir='ltr'>initio</span> <span class='ocrx_word' id='word_1_166' title='bbox 1733 1061 1826 1099; x_wconf 84' lang='lat' dir='ltr'>erga</span> <span class='ocrx_word' id='word_1_167' title='bbox 1851 1061 1929 1095; x_wconf 87' lang='lat' dir='ltr'>eos,</span> 
     </span>
     <span class='ocr_line' id='line_1_16' title="bbox 185 1105 1928 1159; baseline 0 -13"><span class='ocrx_word' id='word_1_168' title='bbox 185 1110 256 1158; x_wconf 87' lang='lat' dir='ltr'>qui</span> <span class='ocrx_word' id='word_1_169' title='bbox 281 1110 380 1147; x_wconf 86' lang='lat' dir='ltr'>bona</span> <span class='ocrx_word' id='word_1_170' title='bbox 394 1109 470 1146; x_wconf 87' lang='lat' dir='ltr'>fide</span> <span class='ocrx_word' id='word_1_171' title='bbox 486 1121 526 1146; x_wconf 86' lang='lat' dir='ltr'>se</span> <span class='ocrx_word' id='word_1_172' title='bbox 542 1110 817 1157; x_wconf 87' lang='lat' dir='ltr'>opposuerant,</span> <span class='ocrx_word' id='word_1_173' title='bbox 840 1107 1014 1156; x_wconf 87' lang='lat' dir='ltr'>prudens</span> <span class='ocrx_word' id='word_1_174' title='bbox 1036 1108 1107 1144; x_wconf 87' lang='lat' dir='ltr'>Au</span> <span class='ocrx_word' id='word_1_175' title='bbox 1119 1119 1144 1155; x_wconf 88' lang='lat' dir='ltr'>g</span> <span class='ocrx_word' id='word_1_176' title='bbox 1155 1119 1183 1144; x_wconf 91' lang='lat' dir='ltr'>u</span> <span class='ocrx_word' id='word_1_177' title='bbox 1195 1118 1211 1143; x_wconf 91' lang='lat' dir='ltr'>s</span> <span class='ocrx_word' id='word_1_178' title='bbox 1223 1108 1241 1143; x_wconf 88' lang='lat' dir='ltr'>t</span> <span class='ocrx_word' id='word_1_179' title='bbox 1252 1106 1265 1143; x_wconf 92' lang='lat' dir='ltr'>i</span> <span class='ocrx_word' id='word_1_180' title='bbox 1277 1106 1328 1143; x_wconf 88' lang='lat' dir='ltr'>ni</span> <span class='ocrx_word' id='word_1_181' title='bbox 1350 1107 1556 1144; x_wconf 89' lang='lat' dir='ltr'>consilium</span> <span class='ocrx_word' id='word_1_182' title='bbox 1571 1105 1619 1159; x_wconf 77' lang='grc' dir='ltr'>ι);</span> <span class='ocrx_word' id='word_1_183' title='bbox 1645 1107 1760 1152; x_wconf 82' lang='lat' dir='ltr'>,Non</span> <span class='ocrx_word' id='word_1_184' title='bbox 1782 1120 1928 1157; x_wconf 85' lang='lat' dir='ltr'>aspere,</span> 
     </span>
     <span class='ocr_line' id='line_1_17' title="bbox 188 1165 1930 1216; baseline 0 -11"><span class='ocrx_word' id='word_1_185' title='bbox 188 1181 266 1206; x_wconf 89' lang='lat' dir='ltr'>non</span> <span class='ocrx_word' id='word_1_186' title='bbox 288 1168 450 1213; x_wconf 80' lang='lat' dir='ltr'>duriter,</span> <span class='ocrx_word' id='word_1_187' title='bbox 474 1180 553 1205; x_wconf 92' lang='lat' dir='ltr'>non</span> <span class='ocrx_word' id='word_1_188' title='bbox 574 1167 687 1205; x_wconf 92' lang='lat' dir='ltr'>modo</span> <span class='ocrx_word' id='word_1_189' title='bbox 709 1167 918 1216; x_wconf 85' lang='lat' dir='ltr'>imperioso</span> <span class='ocrx_word' id='word_1_190' title='bbox 941 1166 1017 1204; x_wconf 84' lang='lat' dir='ltr'>ista</span> <span class='ocrx_word' id='word_1_191' title='bbox 1037 1166 1257 1210; x_wconf 80' lang='lat' dir='ltr'>tolluntur3</span> <span class='ocrx_word' id='word_1_192' title='bbox 1280 1165 1404 1215; x_wconf 89' lang='lat' dir='ltr'>magis</span> <span class='ocrx_word' id='word_1_193' title='bbox 1427 1165 1600 1204; x_wconf 91' lang='lat' dir='ltr'>docendo</span> <span class='ocrx_word' id='word_1_194' title='bbox 1616 1179 1734 1215; x_wconf 88' lang='lat' dir='ltr'>quam</span> <span class='ocrx_word' id='word_1_195' title='bbox 1742 1167 1930 1216; x_wconf 88' lang='lat' dir='ltr'>jubendo,</span> 
     </span>
     <span class='ocr_line' id='line_1_18' title="bbox 189 1224 1930 1277; baseline -0.001 -12"><span class='ocrx_word' id='word_1_196' title='bbox 189 1227 315 1277; x_wconf 88' lang='lat' dir='ltr'>magis</span> <span class='ocrx_word' id='word_1_197' title='bbox 337 1227 528 1264; x_wconf 91' lang='lat' dir='ltr'>monendo</span> <span class='ocrx_word' id='word_1_198' title='bbox 551 1239 668 1275; x_wconf 90' lang='lat' dir='ltr'>quam</span> <span class='ocrx_word' id='word_1_199' title='bbox 690 1226 888 1264; x_wconf 89' lang='lat' dir='ltr'>minando.</span> <span class='ocrx_word' id='word_1_200' title='bbox 932 1225 994 1263; x_wconf 86' lang='lat' dir='ltr'>Sic</span> <span class='ocrx_word' id='word_1_201' title='bbox 1028 1225 1132 1263; x_wconf 92' lang='lat' dir='ltr'>enim</span> <span class='ocrx_word' id='word_1_202' title='bbox 1166 1224 1362 1274; x_wconf 88' lang='lat' dir='ltr'>agendum</span> <span class='ocrx_word' id='word_1_203' title='bbox 1384 1233 1445 1262; x_wconf 79' lang='lat' dir='ltr'>est</span> <span class='ocrx_word' id='word_1_204' title='bbox 1467 1237 1555 1263; x_wconf 89' lang='lat' dir='ltr'>cum</span> <span class='ocrx_word' id='word_1_205' title='bbox 1577 1225 1846 1271; x_wconf 88' lang='lat' dir='ltr'>multitudine,</span> <span class='ocrx_word' id='word_1_206' title='bbox 1871 1238 1930 1264; x_wconf 90' lang='lat' dir='ltr'>se-</span> 
     </span>
     <span class='ocr_line' id='line_1_19' title="bbox 189 1286 1319 1334; baseline -0.002 -11"><span class='ocrx_word' id='word_1_207' title='bbox 189 1286 332 1323; x_wconf 70' lang='lat' dir='ltr'>veritas</span> <span class='ocrx_word' id='word_1_208' title='bbox 355 1290 485 1323; x_wconf 89' lang='lat' dir='ltr'>autem</span> <span class='ocrx_word' id='word_1_209' title='bbox 510 1286 723 1323; x_wconf 77' lang='lat' dir='ltr'>exercenda</span> <span class='ocrx_word' id='word_1_210' title='bbox 744 1290 804 1323; x_wconf 87' lang='lat' dir='ltr'>est</span> <span class='ocrx_word' id='word_1_211' title='bbox 826 1286 867 1322; x_wconf 93' lang='lat' dir='ltr'>in</span> <span class='ocrx_word' id='word_1_212' title='bbox 887 1287 1045 1334; x_wconf 86' lang='lat' dir='ltr'>peccata</span> <span class='ocrx_word' id='word_1_213' title='bbox 1065 1289 1319 1333; x_wconf 77' lang='lat' dir='ltr'>pauc01·um.“</span> 
     </span>
    </p>

    <p class='ocr_par' dir='ltr' id='par_1_4' title="bbox 188 1343 1933 1571">
     <span class='ocr_line' id='line_1_20' title="bbox 307 1343 1931 1394; baseline 0 -12"><span class='ocrx_word' id='word_1_214' title='bbox 307 1345 368 1382; x_wconf 80' lang='lat' dir='ltr'>Ad</span> <span class='ocrx_word' id='word_1_215' title='bbox 389 1357 469 1382; x_wconf 90' lang='lat' dir='ltr'>rem</span> <span class='ocrx_word' id='word_1_216' title='bbox 491 1345 640 1394; x_wconf 88' lang='lat' dir='ltr'>pariter</span> <span class='ocrx_word' id='word_1_217' title='bbox 661 1358 742 1382; x_wconf 92' lang='lat' dir='ltr'>non</span> <span class='ocrx_word' id='word_1_218' title='bbox 763 1351 823 1382; x_wconf 90' lang='lat' dir='ltr'>est</span> <span class='ocrx_word' id='word_1_219' title='bbox 846 1344 1077 1390; x_wconf 82' lang='lat' dir='ltr'>tertium,</span> <span class='ocrx_word' id='word_1_220' title='bbox 1101 1356 1145 1381; x_wconf 79' lang='lat' dir='ltr'>ex</span> <span class='ocrx_word' id='word_1_221' title='bbox 1169 1343 1323 1380; x_wconf 88' lang='lat' dir='ltr'>defectu</span> <span class='ocrx_word' id='word_1_222' title='bbox 1353 1343 1512 1380; x_wconf 90' lang='lat' dir='ltr'>trium</span> <span class='ocrx_word' id='word_1_223' title='bbox 1543 1344 1719 1392; x_wconf 89' lang='lat' dir='ltr'>priorum</span> <span class='ocrx_word' id='word_1_224' title='bbox 1741 1343 1931 1382; x_wconf 88' lang='lat' dir='ltr'>conditio-</span> 
     </span>
     <span class='ocr_line' id='line_1_21' title="bbox 188 1402 1933 1453; baseline -0.001 -12"><span class='ocrx_word' id='word_1_225' title='bbox 188 1417 285 1441; x_wconf 87' lang='lat' dir='ltr'>num</span> <span class='ocrx_word' id='word_1_226' title='bbox 309 1407 348 1441; x_wconf 88' lang='lat' dir='ltr'>et</span> <span class='ocrx_word' id='word_1_227' title='bbox 369 1406 529 1453; x_wconf 82' lang='lat' dir='ltr'>propter</span> <span class='ocrx_word' id='word_1_228' title='bbox 551 1417 722 1442; x_wconf 88' lang='lat' dir='ltr'>errorem</span> <span class='ocrx_word' id='word_1_229' title='bbox 743 1404 849 1443; x_wconf 88' lang='lat' dir='ltr'>facti.</span> <span class='ocrx_word' id='word_1_230' title='bbox 890 1403 1092 1441; x_wconf 88' lang='lat' dir='ltr'>Putabant</span> <span class='ocrx_word' id='word_1_231' title='bbox 1118 1402 1222 1440; x_wconf 90' lang='lat' dir='ltr'>enim</span> <span class='ocrx_word' id='word_1_232' title='bbox 1250 1404 1380 1451; x_wconf 85' lang='lat' dir='ltr'>patres</span> <span class='ocrx_word' id='word_1_233' title='bbox 1403 1414 1506 1440; x_wconf 88' lang='lat' dir='ltr'>conc.</span> <span class='ocrx_word' id='word_1_234' title='bbox 1529 1402 1887 1451; x_wconf 84' lang='lat' dir='ltr'>francofordiensis,</span> <span class='ocrx_word' id='word_1_235' title='bbox 1910 1416 1933 1441; x_wconf 90' lang='lat' dir='ltr'>a</span> 
     </span>
     <span class='ocr_line' id='line_1_22' title="bbox 189 1461 1933 1511; baseline 0.001 -11"><span class='ocrx_word' id='word_1_236' title='bbox 189 1476 291 1503; x_wconf 86' lang='lat' dir='ltr'>conc.</span> <span class='ocrx_word' id='word_1_237' title='bbox 316 1463 476 1500; x_wconf 87' lang='lat' dir='ltr'>nicaeno</span> <span class='ocrx_word' id='word_1_238' title='bbox 500 1464 547 1500; x_wconf 90' lang='grc' dir='ltr'>ΙΙ.</span> <span class='ocrx_word' id='word_1_239' title='bbox 571 1464 766 1501; x_wconf 87' lang='lat' dir='ltr'>decretam</span> <span class='ocrx_word' id='word_1_240' title='bbox 788 1463 912 1500; x_wconf 86' lang='lat' dir='ltr'>fuisse</span> <span class='ocrx_word' id='word_1_241' title='bbox 934 1463 1052 1500; x_wconf 87' lang='lat' dir='ltr'>sacris</span> <span class='ocrx_word' id='word_1_242' title='bbox 1068 1461 1310 1511; x_wconf 85' lang='lat' dir='ltr'>imaginibus</span> <span class='ocrx_word' id='word_1_243' title='bbox 1326 1461 1592 1499; x_wconf 82' lang='lat' dir='ltr'>adorationem</span> <span class='ocrx_word' id='word_1_244' title='bbox 1606 1462 1763 1511; x_wconf 86' lang='lat' dir='ltr'>proprie</span> <span class='ocrx_word' id='word_1_245' title='bbox 1776 1461 1933 1501; x_wconf 87' lang='lat' dir='ltr'>dictam.</span> 
     </span>
     <span class='ocr_line' id='line_1_23' title="bbox 189 1520 1579 1571; baseline -0.001 -11"><span class='ocrx_word' id='word_1_246' title='bbox 189 1523 329 1561; x_wconf 88' lang='lat' dir='ltr'>Errore</span> <span class='ocrx_word' id='word_1_247' title='bbox 351 1522 502 1560; x_wconf 86' lang='lat' dir='ltr'>detecto</span> <span class='ocrx_word' id='word_1_248' title='bbox 525 1523 739 1571; x_wconf 84' lang='lat' dir='ltr'>approbata</span> <span class='ocrx_word' id='word_1_249' title='bbox 761 1522 837 1560; x_wconf 89' lang='lat' dir='ltr'>fuit</span> <span class='ocrx_word' id='word_1_250' title='bbox 860 1522 979 1559; x_wconf 88' lang='lat' dir='ltr'>etiam</span> <span class='ocrx_word' id='word_1_251' title='bbox 1000 1521 1042 1558; x_wconf 91' lang='lat' dir='ltr'>in</span> <span class='ocrx_word' id='word_1_252' title='bbox 1064 1520 1272 1558; x_wconf 83' lang='lat' dir='ltr'>Occidente</span> <span class='ocrx_word' id='word_1_253' title='bbox 1293 1521 1370 1558; x_wconf 89' lang='lat' dir='ltr'>ista</span> <span class='ocrx_word' id='word_1_254' title='bbox 1392 1521 1579 1570; x_wconf 71' lang='lat' dir='ltr'>synodus.</span> 
     </span>
    </p>

    <p class='ocr_par' dir='ltr' id='par_1_5' title="bbox 189 1579 1932 1807">
     <span class='ocr_line' id='line_1_24' title="bbox 310 1579 1931 1631; baseline -0.001 -12"><span class='ocrx_word' id='word_1_255' title='bbox 310 1582 553 1619; x_wconf 87' lang='lat' dir='ltr'>Ultimum</span> <span class='ocrx_word' id='word_1_256' title='bbox 575 1594 666 1619; x_wconf 88' lang='lat' dir='ltr'>vero</span> <span class='ocrx_word' id='word_1_257' title='bbox 688 1582 836 1619; x_wconf 87' lang='lat' dir='ltr'>factum</span> <span class='ocrx_word' id='word_1_258' title='bbox 857 1581 914 1618; x_wconf 86' lang='lat' dir='ltr'>nil</span> <span class='ocrx_word' id='word_1_259' title='bbox 936 1581 1077 1631; x_wconf 87' lang='lat' dir='ltr'>probat-</span> <span class='ocrx_word' id='word_1_260' title='bbox 1091 1580 1140 1618; x_wconf 92' lang='lat' dir='ltr'>ob</span> <span class='ocrx_word' id='word_1_261' title='bbox 1156 1579 1351 1617; x_wconf 85' lang='lat' dir='ltr'>defectum</span> <span class='ocrx_word' id='word_1_262' title='bbox 1373 1580 1534 1617; x_wconf 89' lang='lat' dir='ltr'>trium</span> <span class='ocrx_word' id='word_1_263' title='bbox 1556 1581 1819 1629; x_wconf 81' lang='lat' dir='ltr'>posteriorum</span> <span class='ocrx_word' id='word_1_264' title='bbox 1840 1593 1931 1619; x_wconf 93' lang='lat' dir='ltr'>con-</span> 
     </span>
     <span class='ocr_line' id='line_1_25' title="bbox 190 1639 1932 1689; baseline 0.001 -12"><span class='ocrx_word' id='word_1_265' title='bbox 190 1641 397 1678; x_wconf 79' lang='lat' dir='ltr'>ditionum.</span> <span class='ocrx_word' id='word_1_266' title='bbox 440 1641 577 1689; x_wconf 77' lang='lat' dir='ltr'>Neque</span> <span class='ocrx_word' id='word_1_267' title='bbox 609 1641 714 1678; x_wconf 91' lang='lat' dir='ltr'>enim</span> <span class='ocrx_word' id='word_1_268' title='bbox 744 1641 936 1678; x_wconf 86' lang='lat' dir='ltr'>articulus</span> <span class='ocrx_word' id='word_1_269' title='bbox 968 1643 1029 1677; x_wconf 84' lang='lat' dir='ltr'>est</span> <span class='ocrx_word' id='word_1_270' title='bbox 1060 1639 1164 1683; x_wconf 90' lang='lat' dir='ltr'>fidei,</span> <span class='ocrx_word' id='word_1_271' title='bbox 1197 1639 1405 1676; x_wconf 89' lang='lat' dir='ltr'>concilium</span> <span class='ocrx_word' id='word_1_272' title='bbox 1435 1639 1689 1677; x_wconf 87' lang='lat' dir='ltr'>florentinum</span> <span class='ocrx_word' id='word_1_273' title='bbox 1711 1652 1796 1678; x_wconf 91' lang='lat' dir='ltr'>esse</span> <span class='ocrx_word' id='word_1_274' title='bbox 1818 1651 1932 1678; x_wconf 85' lang='lat' dir='ltr'>oecu-</span> 
     </span>
     <span class='ocr_line' id='line_1_26' title="bbox 190 1697 1932 1748; baseline 0.001 -12"><span class='ocrx_word' id='word_1_275' title='bbox 190 1700 405 1743; x_wconf 87' lang='lat' dir='ltr'>menicum;</span> <span class='ocrx_word' id='word_1_276' title='bbox 430 1700 535 1748; x_wconf 89' lang='lat' dir='ltr'>quod</span> <span class='ocrx_word' id='word_1_277' title='bbox 556 1713 647 1738; x_wconf 72' lang='lat' dir='ltr'>vero</span> <span class='ocrx_word' id='word_1_278' title='bbox 669 1701 726 1737; x_wconf 91' lang='lat' dir='ltr'>ibi</span> <span class='ocrx_word' id='word_1_279' title='bbox 747 1700 947 1737; x_wconf 87' lang='lat' dir='ltr'>decretum</span> <span class='ocrx_word' id='word_1_280' title='bbox 978 1699 1066 1743; x_wconf 86' lang='lat' dir='ltr'>fuit,</span> <span class='ocrx_word' id='word_1_281' title='bbox 1099 1697 1283 1736; x_wconf 85' lang='lat' dir='ltr'>catholici</span> <span class='ocrx_word' id='word_1_282' title='bbox 1313 1698 1356 1735; x_wconf 91' lang='lat' dir='ltr'>in</span> <span class='ocrx_word' id='word_1_283' title='bbox 1378 1698 1503 1736; x_wconf 85' lang='lat' dir='ltr'>Gallia</span> <span class='ocrx_word' id='word_1_284' title='bbox 1532 1699 1650 1736; x_wconf 89' lang='lat' dir='ltr'>etiam</span> <span class='ocrx_word' id='word_1_285' title='bbox 1682 1699 1932 1748; x_wconf 87' lang='lat' dir='ltr'>profitentur.</span> 
     </span>
     <span class='ocr_line' id='line_1_27' title="bbox 189 1758 1688 1807; baseline 0.002 -12"><span class='ocrx_word' id='word_1_286' title='bbox 189 1759 231 1795; x_wconf 83' lang='lat' dir='ltr'>Si</span> <span class='ocrx_word' id='word_1_287' title='bbox 255 1759 342 1807; x_wconf 88' lang='lat' dir='ltr'>quis</span> <span class='ocrx_word' id='word_1_288' title='bbox 363 1762 496 1796; x_wconf 87' lang='lat' dir='ltr'>tamen</span> <span class='ocrx_word' id='word_1_289' title='bbox 518 1762 599 1796; x_wconf 92' lang='lat' dir='ltr'>erat</span> <span class='ocrx_word' id='word_1_290' title='bbox 622 1772 741 1805; x_wconf 77' lang='lat' dir='ltr'>error,</span> <span class='ocrx_word' id='word_1_291' title='bbox 765 1760 797 1796; x_wconf 88' lang='lat' dir='ltr'>is</span> <span class='ocrx_word' id='word_1_292' title='bbox 819 1759 1098 1796; x_wconf 89' lang='lat' dir='ltr'>nonnullorum</span> <span class='ocrx_word' id='word_1_293' title='bbox 1120 1759 1277 1794; x_wconf 85' lang='lat' dir='ltr'>tantum</span> <span class='ocrx_word' id='word_1_294' title='bbox 1300 1760 1385 1795; x_wconf 90' lang='lat' dir='ltr'>erat</span> <span class='ocrx_word' id='word_1_295' title='bbox 1404 1758 1688 1807; x_wconf 88' lang='lat' dir='ltr'>theologorum.</span> 
     </span>
    </p>
   </div>
   <div class='ocr_carea' id='block_1_3' title="bbox 190 1841 1938 2831">
    <p class='ocr_par' dir='ltr' id='par_1_6' title="bbox 190 1841 1935 2060">
     <span class='ocr_line' id='line_1_28' title="bbox 313 1841 1933 1890; baseline -0.002 -9"><span class='ocrx_word' id='word_1_296' title='bbox 313 1847 407 1882; x_wconf 75' lang='lat'>298.</span> <span class='ocrx_word' id='word_1_297' title='bbox 430 1842 537 1879; x_wconf 87' lang='lat' dir='ltr'>Idem</span> <span class='ocrx_word' id='word_1_298' title='bbox 560 1844 696 1879; x_wconf 85' lang='lat' dir='ltr'>auctor</span> <span class='ocrx_word' id='word_1_299' title='bbox 718 1845 761 1879; x_wconf 89' lang='lat' dir='ltr'>ut</span> <span class='ocrx_word' id='word_1_300' title='bbox 785 1842 936 1890; x_wconf 80' lang='lat' dir='ltr'>probet,</span> <span class='ocrx_word' id='word_1_301' title='bbox 959 1841 1172 1879; x_wconf 87' lang='lat' dir='ltr'>Ecclesiam</span> <span class='ocrx_word' id='word_1_302' title='bbox 1194 1841 1408 1878; x_wconf 88' lang='lat' dir='ltr'>coalescere</span> <span class='ocrx_word' id='word_1_303' title='bbox 1429 1853 1543 1890; x_wconf 84' lang='lat' dir='ltr'>posse</span> <span class='ocrx_word' id='word_1_304' title='bbox 1565 1854 1610 1879; x_wconf 76' lang='lat' dir='ltr'>ex</span> <span class='ocrx_word' id='word_1_305' title='bbox 1624 1841 1810 1885; x_wconf 86' lang='lat' dir='ltr'>coetibus,</span> <span class='ocrx_word' id='word_1_306' title='bbox 1832 1853 1933 1890; x_wconf 89' lang='lat' dir='ltr'>quos</span> 
     </span>
     <span class='ocr_line' id='line_1_29' title="bbox 190 1900 1935 1950; baseline 0 -13"><span class='ocrx_word' id='word_1_307' title='bbox 190 1900 373 1938; x_wconf 82' lang='lat' dir='ltr'>catholici</span> <span class='ocrx_word' id='word_1_308' title='bbox 403 1913 508 1938; x_wconf 90' lang='lat' dir='ltr'>nunc</span> <span class='ocrx_word' id='word_1_309' title='bbox 539 1904 742 1950; x_wconf 86' lang='lat' dir='ltr'>tamquam</span> <span class='ocrx_word' id='word_1_310' title='bbox 774 1901 1041 1939; x_wconf 88' lang='lat' dir='ltr'>schismaticos</span> <span class='ocrx_word' id='word_1_311' title='bbox 1073 1900 1271 1945; x_wconf 85' lang='lat' dir='ltr'>damnant,</span> <span class='ocrx_word' id='word_1_312' title='bbox 1302 1902 1487 1949; x_wconf 83' lang='lat' dir='ltr'>provocat</span> <span class='ocrx_word' id='word_1_313' title='bbox 1517 1901 1542 1938; x_wconf 87' lang='lat'>1.</span> <span class='ocrx_word' id='word_1_314' title='bbox 1566 1912 1596 1937; x_wconf 92' lang='lat' dir='ltr'>c.</span> <span class='ocrx_word' id='word_1_315' title='bbox 1619 1912 1649 1938; x_wconf 94' lang='lat' dir='ltr'>c.</span> <span class='ocrx_word' id='word_1_316' title='bbox 1674 1908 1698 1940; x_wconf 75' lang='lat'>4</span> <span class='ocrx_word' id='word_1_317' title='bbox 1721 1912 1750 1940; x_wconf 83' lang='lat' dir='ltr'>s,</span> <span class='ocrx_word' id='word_1_318' title='bbox 1775 1906 1797 1941; x_wconf 90' lang='lat'>3</span> <span class='ocrx_word' id='word_1_319' title='bbox 1829 1900 1935 1938; x_wconf 86' lang='lat' dir='ltr'>inter</span> 
     </span>
     <span class='ocr_line' id='line_1_30' title="bbox 190 1959 1932 2009; baseline 0 -13"><span class='ocrx_word' id='word_1_320' title='bbox 190 1960 267 1997; x_wconf 86' lang='lat' dir='ltr'>alia</span> <span class='ocrx_word' id='word_1_321' title='bbox 288 1959 335 1996; x_wconf 90' lang='lat' dir='ltr'>ad</span> <span class='ocrx_word' id='word_1_322' title='bbox 358 1960 525 1997; x_wconf 86' lang='lat' dir='ltr'>schisma</span> <span class='ocrx_word' id='word_1_323' title='bbox 547 1961 754 1997; x_wconf 88' lang='lat' dir='ltr'>acacian</span> <span class='ocrx_word' id='word_1_324' title='bbox 767 1973 855 2001; x_wconf 81' lang='lat' dir='ltr'>um.</span> <span class='ocrx_word' id='word_1_325' title='bbox 880 1960 986 2008; x_wconf 90' lang='lat' dir='ltr'>quod</span> <span class='ocrx_word' id='word_1_326' title='bbox 1007 1960 1173 2009; x_wconf 84' lang='lat' dir='ltr'>triginta</span> <span class='ocrx_word' id='word_1_327' title='bbox 1197 1959 1374 2008; x_wconf 88' lang='lat' dir='ltr'>quinque</span> <span class='ocrx_word' id='word_1_328' title='bbox 1396 1972 1518 1996; x_wconf 89' lang='lat' dir='ltr'>annos</span> <span class='ocrx_word' id='word_1_329' title='bbox 1538 1959 1682 2005; x_wconf 87' lang='lat' dir='ltr'>tenuit,</span> <span class='ocrx_word' id='word_1_330' title='bbox 1706 1962 1746 1997; x_wconf 88' lang='lat' dir='ltr'>et</span> <span class='ocrx_word' id='word_1_331' title='bbox 1763 1959 1811 1996; x_wconf 92' lang='lat' dir='ltr'>ad</span> <span class='ocrx_word' id='word_1_332' title='bbox 1823 1972 1932 2009; x_wconf 91' lang='lat' dir='ltr'>mag-</span> 
     </span>
     <span class='ocr_line' id='line_1_31' title="bbox 192 2019 1225 2060; baseline 0.001 -5"><span class='ocrx_word' id='word_1_333' title='bbox 192 2032 288 2055; x_wconf 89' lang='lat' dir='ltr'>num</span> <span class='ocrx_word' id='word_1_334' title='bbox 310 2019 474 2056; x_wconf 79' lang='lat' dir='ltr'>schisma</span> <span class='ocrx_word' id='word_1_335' title='bbox 497 2019 826 2057; x_wconf 85' lang='lat' dir='ltr'>occidentale</span> <span class='ocrx_word' id='word_1_336' title='bbox 851 2020 898 2056; x_wconf 88' lang='lat' dir='ltr'>ab</span> <span class='ocrx_word' id='word_1_337' title='bbox 927 2024 1225 2060; x_wconf 72' lang='lat'>1378—1429.</span> 
     </span>
    </p>

    <p class='ocr_par' dir='ltr' id='par_1_7' title="bbox 191 2076 1938 2831">
     <span class='ocr_line' id='line_1_32' title="bbox 309 2076 1934 2122; baseline -0.001 -7"><span class='ocrx_word' id='word_1_338' title='bbox 309 2077 455 2115; x_wconf 86' lang='lat' dir='ltr'>Verum</span> <span class='ocrx_word' id='word_1_339' title='bbox 480 2076 520 2118; x_wconf 89' lang='grc'>1.</span> <span class='ocrx_word' id='word_1_340' title='bbox 544 2079 650 2115; x_wconf 87' lang='lat' dir='ltr'>sicut</span> <span class='ocrx_word' id='word_1_341' title='bbox 668 2078 785 2116; x_wconf 88' lang='lat' dir='ltr'>datur</span> <span class='ocrx_word' id='word_1_342' title='bbox 806 2078 975 2115; x_wconf 83' lang='lat' dir='ltr'>haeresis</span> <span class='ocrx_word' id='word_1_343' title='bbox 997 2077 1174 2115; x_wconf 87' lang='lat' dir='ltr'>formalis</span> <span class='ocrx_word' id='word_1_344' title='bbox 1196 2079 1236 2114; x_wconf 86' lang='lat' dir='ltr'>et</span> <span class='ocrx_word' id='word_1_345' title='bbox 1257 2077 1484 2122; x_wconf 86' lang='lat' dir='ltr'>materialis,</span> <span class='ocrx_word' id='word_1_346' title='bbox 1518 2078 1572 2115; x_wconf 87' lang='lat' dir='ltr'>ita</span> <span class='ocrx_word' id='word_1_347' title='bbox 1595 2080 1634 2115; x_wconf 87' lang='lat' dir='ltr'>et</span> <span class='ocrx_word' id='word_1_348' title='bbox 1654 2078 1819 2115; x_wconf 87' lang='lat' dir='ltr'>schisma</span> <span class='ocrx_word' id='word_1_349' title='bbox 1839 2078 1857 2114; x_wconf 90' lang='lat' dir='ltr'>f</span> <span class='ocrx_word' id='word_1_350' title='bbox 1863 2089 1886 2115; x_wconf 92' lang='lat' dir='ltr'>o</span> <span class='ocrx_word' id='word_1_351' title='bbox 1896 2090 1934 2115; x_wconf 92' lang='lat' dir='ltr'>r-</span> 
     </span>
     <span class='ocr_line' id='line_1_33' title="bbox 191 2136 1934 2186; baseline 0.001 -13"><span class='ocrx_word' id='word_1_352' title='bbox 191 2150 230 2173; x_wconf 87' lang='lat' dir='ltr'>m</span> <span class='ocrx_word' id='word_1_353' title='bbox 242 2137 287 2173; x_wconf 89' lang='lat' dir='ltr'>al</span> <span class='ocrx_word' id='word_1_354' title='bbox 301 2150 319 2173; x_wconf 92' lang='lat' dir='ltr'>e</span> <span class='ocrx_word' id='word_1_355' title='bbox 342 2140 381 2174; x_wconf 87' lang='lat' dir='ltr'>et</span> <span class='ocrx_word' id='word_1_356' title='bbox 402 2150 438 2174; x_wconf 90' lang='lat' dir='ltr'>m</span> <span class='ocrx_word' id='word_1_357' title='bbox 452 2150 472 2174; x_wconf 91' lang='lat' dir='ltr'>a</span> <span class='ocrx_word' id='word_1_358' title='bbox 483 2139 500 2174; x_wconf 87' lang='lat' dir='ltr'>t</span> <span class='ocrx_word' id='word_1_359' title='bbox 512 2149 532 2174; x_wconf 89' lang='lat' dir='ltr'>e</span> <span class='ocrx_word' id='word_1_360' title='bbox 542 2150 561 2174; x_wconf 91' lang='lat' dir='ltr'>r</span> <span class='ocrx_word' id='word_1_361' title='bbox 573 2138 585 2174; x_wconf 89' lang='lat' dir='ltr'>i</span> <span class='ocrx_word' id='word_1_362' title='bbox 597 2151 618 2174; x_wconf 90' lang='lat' dir='ltr'>a</span> <span class='ocrx_word' id='word_1_363' title='bbox 629 2138 643 2174; x_wconf 91' lang='lat' dir='ltr'>l</span> <span class='ocrx_word' id='word_1_364' title='bbox 654 2150 684 2175; x_wconf 92' lang='grc' dir='ltr'>θ.</span> <span class='ocrx_word' id='word_1_365' title='bbox 707 2138 812 2175; x_wconf 86' lang='lat' dir='ltr'>Illud</span> <span class='ocrx_word' id='word_1_366' title='bbox 828 2137 956 2175; x_wconf 85' lang='lat' dir='ltr'>oritur</span> <span class='ocrx_word' id='word_1_367' title='bbox 970 2149 1015 2174; x_wconf 76' lang='lat' dir='ltr'>ex</span> <span class='ocrx_word' id='word_1_368' title='bbox 1040 2149 1058 2174; x_wconf 93' lang='lat' dir='ltr'>c</span> <span class='ocrx_word' id='word_1_369' title='bbox 1069 2149 1090 2174; x_wconf 94' lang='lat' dir='ltr'>o</span> <span class='ocrx_word' id='word_1_370' title='bbox 1102 2139 1155 2173; x_wconf 86' lang='lat' dir='ltr'>nt</span> <span class='ocrx_word' id='word_1_371' title='bbox 1168 2149 1195 2173; x_wconf 89' lang='lat' dir='ltr'>u</span> <span class='ocrx_word' id='word_1_372' title='bbox 1206 2150 1244 2173; x_wconf 92' lang='lat' dir='ltr'>m</span> <span class='ocrx_word' id='word_1_373' title='bbox 1257 2149 1278 2173; x_wconf 90' lang='lat' dir='ltr'>a</span> <span class='ocrx_word' id='word_1_374' title='bbox 1289 2148 1308 2173; x_wconf 87' lang='lat' dir='ltr'>c</span> <span class='ocrx_word' id='word_1_375' title='bbox 1319 2136 1332 2173; x_wconf 91' lang='lat' dir='ltr'>i</span> <span class='ocrx_word' id='word_1_376' title='bbox 1343 2150 1364 2173; x_wconf 89' lang='lat' dir='ltr'>a</span> <span class='ocrx_word' id='word_1_377' title='bbox 1387 2139 1522 2174; x_wconf 89' lang='lat' dir='ltr'>contra</span> <span class='ocrx_word' id='word_1_378' title='bbox 1537 2139 1681 2174; x_wconf 90' lang='lat' dir='ltr'>certam</span> <span class='ocrx_word' id='word_1_379' title='bbox 1695 2136 1934 2186; x_wconf 86' lang='lat' dir='ltr'>legitimam-</span> 
     </span>
     <span class='ocr_line' id='line_1_34' title="bbox 191 2194 1937 2249; baseline 0.001 -17"><span class='ocrx_word' id='word_1_380' title='bbox 191 2208 268 2243; x_wconf 84' lang='lat' dir='ltr'>que</span> <span class='ocrx_word' id='word_1_381' title='bbox 291 2196 564 2233; x_wconf 80' lang='lat' dir='ltr'>auctoritatem</span> <span class='ocrx_word' id='word_1_382' title='bbox 586 2194 641 2248; x_wconf 80' lang='lat' dir='ltr'>(n.</span> <span class='ocrx_word' id='word_1_383' title='bbox 670 2195 782 2249; x_wconf 65' lang='lat'>233),</span> <span class='ocrx_word' id='word_1_384' title='bbox 806 2197 878 2233; x_wconf 90' lang='lat' dir='ltr'>hoc</span> <span class='ocrx_word' id='word_1_385' title='bbox 903 2209 947 2234; x_wconf 74' lang='lat' dir='ltr'>ex</span> <span class='ocrx_word' id='word_1_386' title='bbox 969 2197 1057 2245; x_wconf 87' lang='lat' dir='ltr'>ign</span> <span class='ocrx_word' id='word_1_387' title='bbox 1071 2195 1287 2233; x_wconf 79' lang='lat' dir='ltr'>orantia.</span> <span class='ocrx_word' id='word_1_388' title='bbox 1330 2195 1418 2233; x_wconf 87' lang='lat' dir='ltr'>Jam</span> <span class='ocrx_word' id='word_1_389' title='bbox 1439 2208 1531 2233; x_wconf 80' lang='lat' dir='ltr'>vero</span> <span class='ocrx_word' id='word_1_390' title='bbox 1552 2195 1623 2244; x_wconf 89' lang='lat' dir='ltr'>qui</span> <span class='ocrx_word' id='word_1_391' title='bbox 1645 2208 1690 2233; x_wconf 80' lang='lat' dir='ltr'>ex</span> <span class='ocrx_word' id='word_1_392' title='bbox 1711 2195 1937 2246; x_wconf 88' lang='lat' dir='ltr'>ignorantia</span> 
     </span>
     <span class='ocr_line' id='line_1_35' title="bbox 195 2254 1935 2304; baseline 0.001 -13"><span class='ocrx_word' id='word_1_393' title='bbox 195 2267 234 2292; x_wconf 88' lang='lat' dir='ltr'>se</span> <span class='ocrx_word' id='word_1_394' title='bbox 257 2258 460 2303; x_wconf 88' lang='lat' dir='ltr'>opponunt</span> <span class='ocrx_word' id='word_1_395' title='bbox 482 2268 766 2304; x_wconf 88' lang='lat' dir='ltr'>nonnunquam</span> <span class='ocrx_word' id='word_1_396' title='bbox 789 2255 1026 2300; x_wconf 86' lang='lat' dir='ltr'>auctoritati,</span> <span class='ocrx_word' id='word_1_397' title='bbox 1061 2254 1232 2299; x_wconf 90' lang='lat' dir='ltr'>tolerari,</span> <span class='ocrx_word' id='word_1_398' title='bbox 1265 2254 1454 2300; x_wconf 89' lang='lat' dir='ltr'>dedoceri,</span> <span class='ocrx_word' id='word_1_399' title='bbox 1488 2254 1641 2304; x_wconf 87' lang='lat' dir='ltr'>corrigi,</span> <span class='ocrx_word' id='word_1_400' title='bbox 1673 2267 1754 2292; x_wconf 91' lang='lat' dir='ltr'>non</span> <span class='ocrx_word' id='word_1_401' title='bbox 1772 2267 1865 2292; x_wconf 84' lang='lat' dir='ltr'>vero</span> <span class='ocrx_word' id='word_1_402' title='bbox 1887 2255 1935 2292; x_wconf 88' lang='lat' dir='ltr'>ab</span> 
     </span>
     <span class='ocr_line' id='line_1_36' title="bbox 195 2313 1935 2365; baseline 0.001 -15"><span class='ocrx_word' id='word_1_403' title='bbox 195 2313 365 2350; x_wconf 75' lang='lat' dir='ltr'>Ecclesia</span> <span class='ocrx_word' id='word_1_404' title='bbox 386 2314 541 2351; x_wconf 77' lang='lat' dir='ltr'>excludi</span> <span class='ocrx_word' id='word_1_405' title='bbox 563 2315 706 2352; x_wconf 87' lang='lat' dir='ltr'>debent-</span> <span class='ocrx_word' id='word_1_406' title='bbox 723 2316 838 2364; x_wconf 76' lang='lat' dir='ltr'>juxta</span> <span class='ocrx_word' id='word_1_407' title='bbox 853 2314 1071 2365; x_wconf 81' lang='lat' dir='ltr'>Augustini</span> <span class='ocrx_word' id='word_1_408' title='bbox 1094 2313 1314 2359; x_wconf 88' lang='lat' dir='ltr'>consilium,</span> <span class='ocrx_word' id='word_1_409' title='bbox 1338 2314 1593 2362; x_wconf 88' lang='lat' dir='ltr'>quoadusque</span> <span class='ocrx_word' id='word_1_410' title='bbox 1607 2326 1687 2352; x_wconf 93' lang='lat' dir='ltr'>non</span> <span class='ocrx_word' id='word_1_411' title='bbox 1698 2313 1802 2352; x_wconf 88' lang='lat' dir='ltr'>fiunt</span> <span class='ocrx_word' id='word_1_412' title='bbox 1812 2314 1935 2351; x_wconf 90' lang='lat' dir='ltr'>schis-</span> 
     </span>
     <span class='ocr_line' id='line_1_37' title="bbox 192 2372 1936 2422; baseline 0.001 -13"><span class='ocrx_word' id='word_1_413' title='bbox 192 2373 326 2410; x_wconf 87' lang='lat' dir='ltr'>matici</span> <span class='ocrx_word' id='word_1_414' title='bbox 349 2372 543 2410; x_wconf 88' lang='lat' dir='ltr'>formales.</span> <span class='ocrx_word' id='word_1_415' title='bbox 586 2374 723 2422; x_wconf 79' lang='lat' dir='ltr'>Neque</span> <span class='ocrx_word' id='word_1_416' title='bbox 746 2374 852 2411; x_wconf 88' lang='lat' dir='ltr'>enim</span> <span class='ocrx_word' id='word_1_417' title='bbox 875 2373 1057 2411; x_wconf 76' lang='lat' dir='ltr'>dissimili</span> <span class='ocrx_word' id='word_1_418' title='bbox 1078 2373 1231 2410; x_wconf 91' lang='lat' dir='ltr'>ratione</span> <span class='ocrx_word' id='word_1_419' title='bbox 1264 2373 1417 2410; x_wconf 90' lang='lat' dir='ltr'>consuli</span> <span class='ocrx_word' id='word_1_420' title='bbox 1451 2372 1567 2410; x_wconf 87' lang='lat' dir='ltr'>debet</span> <span class='ocrx_word' id='word_1_421' title='bbox 1588 2373 1735 2410; x_wconf 90' lang='lat' dir='ltr'>unitati</span> <span class='ocrx_word' id='word_1_422' title='bbox 1756 2373 1936 2411; x_wconf 89' lang='lat' dir='ltr'>ecclesia-</span> 
     </span>
     <span class='ocr_line' id='line_1_38' title="bbox 194 2431 1937 2481; baseline 0.001 -14"><span class='ocrx_word' id='word_1_423' title='bbox 194 2432 313 2468; x_wconf 76' lang='lat' dir='ltr'>sticae</span> <span class='ocrx_word' id='word_1_424' title='bbox 336 2434 454 2479; x_wconf 88' lang='lat' dir='ltr'>atque</span> <span class='ocrx_word' id='word_1_425' title='bbox 477 2432 623 2469; x_wconf 89' lang='lat' dir='ltr'>unitati</span> <span class='ocrx_word' id='word_1_426' title='bbox 646 2435 689 2470; x_wconf 90' lang='lat' dir='ltr'>in</span> <span class='ocrx_word' id='word_1_427' title='bbox 711 2433 895 2470; x_wconf 76' lang='lat' dir='ltr'>societate</span> <span class='ocrx_word' id='word_1_428' title='bbox 919 2433 1036 2471; x_wconf 72' lang='lat' dir='ltr'>civili.</span> <span class='ocrx_word' id='word_1_429' title='bbox 1080 2432 1204 2480; x_wconf 90' lang='lat' dir='ltr'>Atqui</span> <span class='ocrx_word' id='word_1_430' title='bbox 1236 2431 1432 2481; x_wconf 89' lang='lat' dir='ltr'>principes</span> <span class='ocrx_word' id='word_1_431' title='bbox 1465 2432 1680 2481; x_wconf 88' lang='lat' dir='ltr'>prudentes</span> <span class='ocrx_word' id='word_1_432' title='bbox 1701 2443 1782 2469; x_wconf 92' lang='lat' dir='ltr'>non</span> <span class='ocrx_word' id='word_1_433' title='bbox 1802 2432 1937 2470; x_wconf 85' lang='lat' dir='ltr'>statim</span> 
     </span>
     <span class='ocr_line' id='line_1_39' title="bbox 194 2491 1937 2541; baseline 0.001 -14"><span class='ocrx_word' id='word_1_434' title='bbox 194 2493 241 2527; x_wconf 87' lang='lat' dir='ltr'>ut</span> <span class='ocrx_word' id='word_1_435' title='bbox 261 2491 427 2528; x_wconf 85' lang='lat' dir='ltr'>rebelles</span> <span class='ocrx_word' id='word_1_436' title='bbox 460 2492 712 2539; x_wconf 87' lang='lat' dir='ltr'>proscribunt</span> <span class='ocrx_word' id='word_1_437' title='bbox 746 2492 924 2530; x_wconf 89' lang='lat' dir='ltr'>subditos</span> <span class='ocrx_word' id='word_1_438' title='bbox 958 2492 1242 2541; x_wconf 83' lang='lat' dir='ltr'>immorigeros,</span> <span class='ocrx_word' id='word_1_439' title='bbox 1278 2491 1344 2528; x_wconf 90' lang='lat' dir='ltr'>sed</span> <span class='ocrx_word' id='word_1_440' title='bbox 1376 2491 1534 2528; x_wconf 90' lang='lat' dir='ltr'>nonnisi</span> <span class='ocrx_word' id='word_1_441' title='bbox 1567 2493 1779 2540; x_wconf 90' lang='lat' dir='ltr'>postquam</span> <span class='ocrx_word' id='word_1_442' title='bbox 1808 2491 1937 2529; x_wconf 91' lang='lat' dir='ltr'>omnia</span> 
     </span>
     <span class='ocr_line' id='line_1_40' title="bbox 192 2549 1936 2599; baseline 0.001 -13"><span class='ocrx_word' id='word_1_443' title='bbox 192 2549 299 2597; x_wconf 88' lang='lat' dir='ltr'>pacis</span> <span class='ocrx_word' id='word_1_444' title='bbox 323 2550 483 2587; x_wconf 87' lang='lat' dir='ltr'>consilia</span> <span class='ocrx_word' id='word_1_445' title='bbox 503 2551 708 2599; x_wconf 89' lang='lat' dir='ltr'>mediaque</span> <span class='ocrx_word' id='word_1_446' title='bbox 729 2551 873 2588; x_wconf 90' lang='lat' dir='ltr'>blanda</span> <span class='ocrx_word' id='word_1_447' title='bbox 906 2554 1110 2589; x_wconf 80' lang='lat' dir='ltr'>cesserunt</span> <span class='ocrx_word' id='word_1_448' title='bbox 1140 2550 1182 2587; x_wconf 90' lang='lat' dir='ltr'>in</span> <span class='ocrx_word' id='word_1_449' title='bbox 1211 2550 1385 2591; x_wconf 84' lang='lat' dir='ltr'>irritum.</span> <span class='ocrx_word' id='word_1_450' title='bbox 1426 2549 1552 2594; x_wconf 84' lang='lat' dir='ltr'>Quare</span> <span class='ocrx_word' id='word_1_451' title='bbox 1573 2553 1825 2599; x_wconf 82' lang='lat' dir='ltr'>praepostere</span> <span class='ocrx_word' id='word_1_452' title='bbox 1847 2550 1936 2598; x_wconf 90' lang='lat' dir='ltr'>quis</span> 
     </span>
     <span class='ocr_line' id='line_1_41' title="bbox 194 2607 1936 2658; baseline 0.001 -14"><span class='ocrx_word' id='word_1_453' title='bbox 194 2607 325 2655; x_wconf 89' lang='lat' dir='ltr'>infert,</span> <span class='ocrx_word' id='word_1_454' title='bbox 348 2609 545 2646; x_wconf 87' lang='lat' dir='ltr'>unitatem</span> <span class='ocrx_word' id='word_1_455' title='bbox 567 2621 610 2646; x_wconf 89' lang='lat' dir='ltr'>ac</span> <span class='ocrx_word' id='word_1_456' title='bbox 631 2622 762 2658; x_wconf 88' lang='lat' dir='ltr'>pacem</span> <span class='ocrx_word' id='word_1_457' title='bbox 788 2611 966 2648; x_wconf 88' lang='lat' dir='ltr'>socialem</span> <span class='ocrx_word' id='word_1_458' title='bbox 989 2610 1201 2647; x_wconf 87' lang='lat' dir='ltr'>consistere</span> <span class='ocrx_word' id='word_1_459' title='bbox 1223 2621 1338 2658; x_wconf 88' lang='lat' dir='ltr'>posse</span> <span class='ocrx_word' id='word_1_460' title='bbox 1359 2621 1448 2646; x_wconf 89' lang='lat' dir='ltr'>cum</span> <span class='ocrx_word' id='word_1_461' title='bbox 1469 2609 1599 2647; x_wconf 89' lang='lat' dir='ltr'>turbis</span> <span class='ocrx_word' id='word_1_462' title='bbox 1621 2612 1661 2646; x_wconf 88' lang='lat' dir='ltr'>et</span> <span class='ocrx_word' id='word_1_463' title='bbox 1673 2609 1936 2647; x_wconf 86' lang='lat' dir='ltr'>tumultibus:</span> 
     </span>
     <span class='ocr_line' id='line_1_42' title="bbox 192 2667 1938 2717; baseline 0.001 -14"><span class='ocrx_word' id='word_1_464' title='bbox 192 2679 321 2715; x_wconf 90' lang='lat' dir='ltr'>neque</span> <span class='ocrx_word' id='word_1_465' title='bbox 343 2667 448 2704; x_wconf 90' lang='lat' dir='ltr'>enim</span> <span class='ocrx_word' id='word_1_466' title='bbox 469 2680 514 2705; x_wconf 83' lang='lat' dir='ltr'>ex</span> <span class='ocrx_word' id='word_1_467' title='bbox 536 2670 643 2705; x_wconf 89' lang='lat' dir='ltr'>statu</span> <span class='ocrx_word' id='word_1_468' title='bbox 665 2669 842 2706; x_wconf 89' lang='lat' dir='ltr'>abnormi</span> <span class='ocrx_word' id='word_1_469' title='bbox 863 2672 903 2706; x_wconf 84' lang='lat' dir='ltr'>et</span> <span class='ocrx_word' id='word_1_470' title='bbox 925 2669 1104 2707; x_wconf 76' lang='lat' dir='ltr'>anomale</span> <span class='ocrx_word' id='word_1_471' title='bbox 1121 2668 1321 2717; x_wconf 88' lang='lat' dir='ltr'>judicium</span> <span class='ocrx_word' id='word_1_472' title='bbox 1353 2668 1447 2705; x_wconf 85' lang='lat' dir='ltr'>ferri</span> <span class='ocrx_word' id='word_1_473' title='bbox 1477 2668 1592 2705; x_wconf 89' lang='lat' dir='ltr'>debet</span> <span class='ocrx_word' id='word_1_474' title='bbox 1625 2668 1672 2705; x_wconf 90' lang='lat' dir='ltr'>de</span> <span class='ocrx_word' id='word_1_475' title='bbox 1692 2668 1750 2706; x_wconf 90' lang='lat' dir='ltr'>rei</span> <span class='ocrx_word' id='word_1_476' title='bbox 1770 2668 1938 2717; x_wconf 86' lang='lat' dir='ltr'>alicujus</span> 
     </span>
     <span class='ocr_line' id='line_1_43' title="bbox 193 2726 1937 2776; baseline 0.001 -13"><span class='ocrx_word' id='word_1_477' title='bbox 193 2729 346 2763; x_wconf 88' lang='lat' dir='ltr'>natura.</span> <span class='ocrx_word' id='word_1_478' title='bbox 388 2726 491 2776; x_wconf 89' lang='lat' dir='ltr'>Ergo</span> <span class='ocrx_word' id='word_1_479' title='bbox 514 2739 535 2763; x_wconf 88' lang='lat' dir='ltr'>a</span> <span class='ocrx_word' id='word_1_480' title='bbox 556 2727 641 2775; x_wconf 88' lang='lat' dir='ltr'>pari</span> <span class='ocrx_word' id='word_1_481' title='bbox 663 2727 807 2765; x_wconf 88' lang='lat' dir='ltr'>inferre</span> <span class='ocrx_word' id='word_1_482' title='bbox 829 2740 908 2765; x_wconf 84' lang='lat' dir='ltr'>non</span> <span class='ocrx_word' id='word_1_483' title='bbox 930 2728 1021 2766; x_wconf 87' lang='lat' dir='ltr'>licet</span> <span class='ocrx_word' id='word_1_484' title='bbox 1044 2741 1088 2765; x_wconf 77' lang='lat' dir='ltr'>ex</span> <span class='ocrx_word' id='word_1_485' title='bbox 1112 2740 1167 2773; x_wconf 92' lang='lat' dir='ltr'>eo,</span> <span class='ocrx_word' id='word_1_486' title='bbox 1191 2728 1296 2776; x_wconf 88' lang='lat' dir='ltr'>quod</span> <span class='ocrx_word' id='word_1_487' title='bbox 1317 2739 1601 2775; x_wconf 88' lang='lat' dir='ltr'>nonnunquam</span> <span class='ocrx_word' id='word_1_488' title='bbox 1623 2727 1781 2764; x_wconf 90' lang='lat' dir='ltr'>dissidia</span> <span class='ocrx_word' id='word_1_489' title='bbox 1800 2727 1844 2764; x_wconf 90' lang='lat' dir='ltr'>in</span> <span class='ocrx_word' id='word_1_490' title='bbox 1863 2727 1937 2764; x_wconf 87' lang='lat' dir='ltr'>Ec-</span> 
     </span>
     <span class='ocr_line' id='line_1_44' title="bbox 195 2785 1937 2831; baseline 0.001 -10"><span class='ocrx_word' id='word_1_491' title='bbox 195 2785 312 2822; x_wconf 87' lang='lat' dir='ltr'>clesia</span> <span class='ocrx_word' id='word_1_492' title='bbox 334 2785 417 2822; x_wconf 89' lang='lat' dir='ltr'>sint</span> <span class='ocrx_word' id='word_1_493' title='bbox 437 2788 534 2831; x_wconf 88' lang='lat' dir='ltr'>orta,</span> <span class='ocrx_word' id='word_1_494' title='bbox 559 2786 790 2824; x_wconf 86' lang='lat' dir='ltr'>dissidentes</span> <span class='ocrx_word' id='word_1_495' title='bbox 814 2799 906 2824; x_wconf 88' lang='lat' dir='ltr'>vero</span> <span class='ocrx_word' id='word_1_496' title='bbox 926 2799 1005 2824; x_wconf 89' lang='lat' dir='ltr'>non</span> <span class='ocrx_word' id='word_1_497' title='bbox 1028 2787 1165 2824; x_wconf 82' lang='lat' dir='ltr'>statim</span> <span class='ocrx_word' id='word_1_498' title='bbox 1184 2786 1329 2824; x_wconf 84' lang='lat' dir='ltr'>exclusi</span> <span class='ocrx_word' id='word_1_499' title='bbox 1348 2785 1510 2831; x_wconf 80' lang='lat' dir='ltr'>fuerint,</span> <span class='ocrx_word' id='word_1_500' title='bbox 1524 2786 1720 2823; x_wconf 81' lang='lat' dir='ltr'>Ecclesiae</span> <span class='ocrx_word' id='word_1_501' title='bbox 1742 2785 1937 2823; x_wconf 85' lang='lat' dir='ltr'>unitatem</span> 
     </span>
    </p>
   </div>
   <div class='ocr_carea' id='block_1_4' title="bbox 186 2910 1938 3164">
    <p class='ocr_par' dir='ltr' id='par_1_8' title="bbox 186 2910 1938 3164">
     <span class='ocr_line' id='line_1_45' title="bbox 343 2910 1938 2957; baseline 0 -12"><span class='ocrx_word' id='word_1_502' title='bbox 343 2912 367 2955; x_wconf 92' lang='lat'>¹)</span> <span class='ocrx_word' id='word_1_503' title='bbox 385 2910 450 2955; x_wconf 91' lang='lat' dir='ltr'>Ep.</span> <span class='ocrx_word' id='word_1_504' title='bbox 471 2914 515 2946; x_wconf 78' lang='lat'>22</span> <span class='ocrx_word' id='word_1_505' title='bbox 533 2923 569 2945; x_wconf 91' lang='lat' dir='ltr'>n.</span> <span class='ocrx_word' id='word_1_506' title='bbox 588 2917 628 2946; x_wconf 85' lang='lat'>5:</span> <span class='ocrx_word' id='word_1_507' title='bbox 648 2911 693 2948; x_wconf 71' lang='lat' dir='ltr'>cf.</span> <span class='ocrx_word' id='word_1_508' title='bbox 713 2912 827 2945; x_wconf 87' lang='lat' dir='ltr'>etiam</span> <span class='ocrx_word' id='word_1_509' title='bbox 846 2911 1030 2955; x_wconf 63' lang='lat' dir='ltr'>cyrilli</span> <span class='ocrx_word' id='word_1_510' title='bbox 1058 2912 1105 2945; x_wconf 89' lang='lat' dir='ltr'>al.</span> <span class='ocrx_word' id='word_1_511' title='bbox 1133 2922 1191 2957; x_wconf 91' lang='lat' dir='ltr'>ep.</span> <span class='ocrx_word' id='word_1_512' title='bbox 1219 2911 1266 2945; x_wconf 84' lang='lat' dir='ltr'>ad</span> <span class='ocrx_word' id='word_1_513' title='bbox 1283 2911 1596 2956; x_wconf 80' lang='lat' dir='ltr'>Amphilochium,</span> <span class='ocrx_word' id='word_1_514' title='bbox 1623 2911 1663 2945; x_wconf 87' lang='lat' dir='ltr'>in</span> <span class='ocrx_word' id='word_1_515' title='bbox 1688 2922 1763 2955; x_wconf 89' lang='lat' dir='ltr'>qua.</span> <span class='ocrx_word' id='word_1_516' title='bbox 1779 2911 1938 2955; x_wconf 85' lang='lat' dir='ltr'>prudens</span> 
     </span>
     <span class='ocr_line' id='line_1_46' title="bbox 194 2962 1938 3009; baseline 0 -12"><span class='ocrx_word' id='word_1_517' title='bbox 194 2963 332 2997; x_wconf 87' lang='lat' dir='ltr'>tribuit</span> <span class='ocrx_word' id='word_1_518' title='bbox 350 2962 544 2997; x_wconf 89' lang='lat' dir='ltr'>consilium</span> <span class='ocrx_word' id='word_1_519' title='bbox 560 2963 598 2997; x_wconf 88' lang='lat' dir='ltr'>in</span> <span class='ocrx_word' id='word_1_520' title='bbox 614 2963 834 3007; x_wconf 85' lang='lat' dir='ltr'>recipiendis</span> <span class='ocrx_word' id='word_1_521' title='bbox 850 2963 1072 3007; x_wconf 88' lang='lat' dir='ltr'>quibusdam</span> <span class='ocrx_word' id='word_1_522' title='bbox 1088 2964 1285 2999; x_wconf 88' lang='lat' dir='ltr'>haereticis</span> <span class='ocrx_word' id='word_1_523' title='bbox 1297 2965 1478 3009; x_wconf 85' lang='lat' dir='ltr'>sagaciter</span> <span class='ocrx_word' id='word_1_524' title='bbox 1491 2964 1704 2999; x_wconf 84' lang='lat' dir='ltr'>advertens:</span> <span class='ocrx_word' id='word_1_525' title='bbox 1725 2963 1938 3003; x_wconf 88' lang='lat' dir='ltr'>,Summum</span> 
     </span>
     <span class='ocr_line' id='line_1_47' title="bbox 186 3015 1938 3062; baseline 0.001 -12"><span class='ocrx_word' id='word_1_526' title='bbox 186 3017 255 3061; x_wconf 82' lang='lat' dir='ltr'>jus</span> <span class='ocrx_word' id='word_1_527' title='bbox 274 3016 410 3050; x_wconf 81' lang='lat' dir='ltr'>multos</span> <span class='ocrx_word' id='word_1_528' title='bbox 428 3015 541 3050; x_wconf 88' lang='lat' dir='ltr'>etiam</span> <span class='ocrx_word' id='word_1_529' title='bbox 558 3016 775 3060; x_wconf 86' lang='lat' dir='ltr'>plerumque</span> <span class='ocrx_word' id='word_1_530' title='bbox 792 3016 923 3050; x_wconf 86' lang='lat' dir='ltr'>turbat</span> <span class='ocrx_word' id='word_1_531' title='bbox 941 3027 985 3051; x_wconf 85' lang='lat' dir='ltr'>ex</span> <span class='ocrx_word' id='word_1_532' title='bbox 1001 3017 1058 3058; x_wconf 88' lang='lat' dir='ltr'>iis,</span> <span class='ocrx_word' id='word_1_533' title='bbox 1078 3018 1143 3061; x_wconf 90' lang='lat' dir='ltr'>qui</span> <span class='ocrx_word' id='word_1_534' title='bbox 1171 3016 1409 3062; x_wconf 80' lang='lat' dir='ltr'>sapientissin</span> <span class='ocrx_word' id='word_1_535' title='bbox 1424 3017 1438 3050; x_wconf 91' lang='lat' dir='ltr'>i</span> <span class='ocrx_word' id='word_1_536' title='bbox 1462 3016 1668 3051; x_wconf 77' lang='lat' dir='ltr'>videntur.‘</span> <span class='ocrx_word' id='word_1_537' title='bbox 1706 3016 1876 3051; x_wconf 83' lang='lat' dir='ltr'>Ceterum</span> <span class='ocrx_word' id='word_1_538' title='bbox 1892 3016 1938 3052; x_wconf 90' lang='lat' dir='ltr'>cf.</span> 
     </span>
     <span class='ocr_line' id='line_1_48' title="bbox 194 3067 1938 3105; baseline -0.001 -2"><span class='ocrx_word' id='word_1_539' title='bbox 194 3069 242 3103; x_wconf 83' lang='lat' dir='ltr'>N.</span> <span class='ocrx_word' id='word_1_540' title='bbox 262 3067 547 3103; x_wconf 83' lang='lat' dir='ltr'>Alexander</span> <span class='ocrx_word' id='word_1_541' title='bbox 565 3079 594 3104; x_wconf 89' lang='lat' dir='ltr'>c.</span> <span class='ocrx_word' id='word_1_542' title='bbox 613 3070 635 3102; x_wconf 85' lang='lat'><strong>3</strong></span> <span class='ocrx_word' id='word_1_543' title='bbox 652 3068 690 3102; x_wconf 92' lang='lat' dir='ltr'>in</span> <span class='ocrx_word' id='word_1_544' title='bbox 710 3079 780 3103; x_wconf 86' lang='lat' dir='ltr'>sec.</span> <span class='ocrx_word' id='word_1_545' title='bbox 798 3068 866 3104; x_wconf 87' lang='lat' dir='ltr'>Vl:</span> <span class='ocrx_word' id='word_1_546' title='bbox 897 3067 984 3105; x_wconf 84' lang='lat' dir='ltr'>diss,</span> <span class='ocrx_word' id='word_1_547' title='bbox 1007 3072 1060 3105; x_wconf 87' lang='lat'>19.</span> <span class='ocrx_word' id='word_1_548' title='bbox 1079 3072 1124 3105; x_wconf 86' lang='lat'>20</span> <span class='ocrx_word' id='word_1_549' title='bbox 1141 3069 1179 3104; x_wconf 92' lang='lat' dir='ltr'>in</span> <span class='ocrx_word' id='word_1_550' title='bbox 1200 3080 1268 3105; x_wconf 88' lang='lat' dir='ltr'>sec.</span> <span class='ocrx_word' id='word_1_551' title='bbox 1286 3069 1330 3104; x_wconf 88' lang='lat' dir='ltr'>V.</span> <span class='ocrx_word' id='word_1_552' title='bbox 1349 3072 1385 3103; x_wconf 89' lang='lat' dir='ltr'>et</span> <span class='ocrx_word' id='word_1_553' title='bbox 1403 3069 1489 3103; x_wconf 85' lang='lat' dir='ltr'>diss.</span> <span class='ocrx_word' id='word_1_554' title='bbox 1509 3072 1553 3103; x_wconf 84' lang='lat'>10</span> <span class='ocrx_word' id='word_1_555' title='bbox 1578 3069 1618 3103; x_wconf 91' lang='lat' dir='ltr'>in</span> <span class='ocrx_word' id='word_1_556' title='bbox 1636 3079 1703 3104; x_wconf 84' lang='lat' dir='ltr'>sec.</span> <span class='ocrx_word' id='word_1_557' title='bbox 1723 3069 1826 3105; x_wconf 86' lang='lat' dir='ltr'>XVI:</span> <span class='ocrx_word' id='word_1_558' title='bbox 1853 3068 1938 3102; x_wconf 77' lang='lat' dir='ltr'>No-</span> 
     </span>
     <span class='ocr_line' id='line_1_49' title="bbox 195 3121 948 3164; baseline 0.001 -8"><span class='ocrx_word' id='word_1_559' title='bbox 195 3123 235 3156; x_wconf 77' lang='lat' dir='ltr'>ri</span> <span class='ocrx_word' id='word_1_560' title='bbox 251 3123 352 3156; x_wconf 83' lang='lat' dir='ltr'>sius</span> <span class='ocrx_word' id='word_1_561' title='bbox 370 3121 455 3156; x_wconf 84' lang='lat' dir='ltr'>diss.</span> <span class='ocrx_word' id='word_1_562' title='bbox 476 3121 563 3158; x_wconf 89' lang='lat' dir='ltr'>hist.</span> <span class='ocrx_word' id='word_1_563' title='bbox 583 3121 628 3155; x_wconf 90' lang='lat' dir='ltr'>de</span> <span class='ocrx_word' id='word_1_564' title='bbox 646 3121 786 3164; x_wconf 73' lang='lat' dir='ltr'>synodo</span> <span class='ocrx_word' id='word_1_565' title='bbox 804 3121 847 3156; x_wconf 90' lang='lat' dir='ltr'>V.</span> <span class='ocrx_word' id='word_1_566' title='bbox 868 3132 897 3155; x_wconf 89' lang='lat' dir='ltr'>c.</span> <span class='ocrx_word' id='word_1_567' title='bbox 917 3123 948 3157; x_wconf 84' lang='lat'>9.</span> 
     </span>
    </p>
   </div>
   <div class='ocr_carea' id='block_1_5' title="bbox 2133 0 2175 3382">
    <p class='ocr_par' dir='ltr' id='par_1_9' title="bbox 2133 0 2175 3382">
     <span class='ocr_line' id='line_1_50' title="bbox 2133 0 2175 3382; baseline 0 0"><span class='ocrx_word' id='word_1_568' title='bbox 2133 0 2175 3382; x_wconf 95' lang='lat' dir='ltr'> </span> 
     </span>
    </p>
   </div>
  </div>
 </body>
</html>
