2175 3382
174 182 258 221 314
348 175 466 210 'l‘ract.
490 174 546 207 lll.
567 174 611 208 (le
634 174 803 209 tit-elena.
823 174 950 207 'l'hesis
972 173 1079 207 LVll.
1099 172 1142 205 dc
1162 173 1330 206 articulis
1351 174 1451 207 l'unsl.
1471 174 1508 206 ct
1527 182 1599 206 non
1620 173 1722 207 fund.

174 294 485 336 haereticorum
509 298 599 342 etc,
631 298 675 334 ut
698 298 815 345 patet
837 304 887 333 ex
911 293 1114 343 catalogis
1139 292 1364 332 haeresum
1388 303 1412 332 a
1436 291 1627 343 patribus
1649 294 1911 346 conscriptis.

175 365 280 406 Hinc
303 364 645 416 Augustinus
678 364 897 404 recensitis
930 366 984 406 >58
1016 361 1264 403 haeresibus
1296 362 1353 402 ita
1387 374 1493 414 opus
1525 375 1648 403 suum
1680 363 1912 404 concludit:

180 435 387 486 „Possunt
407 440 449 476 et
471 435 671 475 haereses
695 434 815 483 aliae,
837 445 946 486 quae
970 433 1009 473 in
1035 433 1115 473 hoc
1138 443 1267 484 opere
1283 436 1430 472 nostro
1447 437 1810 474 commemoratae
1825 446 1912 475 non

173 511 282 554 sunt,
316 506 382 547 vel
417 517 510 547 esse
546 505 610 547 vel
645 505 744 554 fieri,
779 517 958 558 quarum
991 504 1175 556 aliquam
1212 503 1400 556 quisquis
1432 503 1625 552 tenuerit,
1657 504 1912 546 christianus

173 577 406 618 catholicus
428 588 514 617 non
537 577 657 623 erit;“
688 581 729 617 et
751 575 1077 628 Fulgentius
1100 574 1327 626 propositis
1350 577 1407 617 40
1429 573 1624 626 capitulis
1647 573 1701 614 ad
1723 574 1912 627 regulam

172 660 300 689 verae
323 646 417 688 fidei
440 647 759 699 pertinentibus,
783 646 952 698 subjicit
974 645 1044 701 (de
1067 644 1147 685 fide
1171 658 1208 687 n.
1232 646 1328 699 85):
1371 643 1434 694 „Si
1461 656 1586 697 quem
1609 646 1825 686 contraria
1847 645 1911 686 his

173 718 459 770 dogmatizare
482 717 743 769 cognoveris,
768 721 986 769 tamquam
1010 719 1173 768 pestem
1206 715 1298 766 suge
1332 719 1373 756 et
1405 719 1625 768 tamquam
1648 715 1910 758 haereticum

173 789 319 842 abjice.
363 788 424 829 Ita
456 789 566 829 enim
601 788 693 836 ista,
727 799 836 840 quae
869 787 1100 839 posuimus
1132 786 1230 827 fidei
1253 786 1490 827 catholicae
1513 790 1762 839 congruunt,
1798 791 1844 828 ut
1877 787 1912 828 si

173 860 266 913 quis
288 872 374 900 non
397 859 535 900 solum
558 858 768 906 omnibus,
792 857 866 898 sed
887 858 1015 898 etiam
1030 856 1203 908 singulis
1218 856 1396 897 voluerit
1411 857 1635 907 contraire,
1659 857 1701 898 in
1724 868 1775 898 eo
1798 857 1912 910 quod

173 929 345 982 singulis
368 930 520 970 horum
544 929 853 969 contumaciter
875 931 1094 980 repugnat,
1126 931 1167 968 et
1198 927 1263 967 his
1295 927 1512 968 contraria
1542 927 1697 968 docere
1723 940 1811 969 non
1833 927 1913 969 du-

173 1001 290 1049 bitat,
322 1000 564 1041 haereticus
587 1004 628 1040 et
650 999 745 1040 fidei
769 999 1026 1039 christianae
1050 998 1256 1043 inimicus,
1289 1002 1416 1051 atque
1440 1010 1491 1038 ex
1514 998 1596 1038 hoc
1619 998 1817 1040 omnibus
1840 1011 1913 1040 ca-

172 1071 337 1112 tholicis
360 1069 785 1111 anathematizandus
809 1074 1048 1122 appareat.“
1098 1068 1259 1109 Norma
1292 1069 1404 1110 enirn
1436 1081 1477 1112 c.
1511 1069 1746 1110 secundum
1779 1081 1908 1122 quam

173 1142 315 1194 aliqua
337 1141 531 1182 doctrina
554 1140 867 1193 dijudicabatur
890 1140 1130 1181 orthodoxa
1152 1140 1217 1181 vel
1239 1140 1470 1188 haeretica,
1502 1152 1588 1180 non
1610 1139 1836 1192 petebatur
1857 1152 1910 1182 ex

173 1212 363 1265 ejusdem
385 1224 496 1253 nexu
519 1212 730 1264 objectivo
754 1224 851 1253 cum
874 1211 1164 1260 fundamento,
1196 1211 1271 1252 sed
1303 1222 1354 1252 ex
1384 1211 1473 1263 eJ'us
1495 1210 1644 1252 habitu
1666 1211 1720 1252 ad
1743 1210 1913 1263 praedi-

175 1285 388 1325 cationem
412 1285 745 1326 ecclesiasticam
778 1297 854 1326 seu
886 1284 940 1325 ad
967 1284 1272 1325 revelationem
1296 1296 1371 1336 per
1393 1283 1625 1324 Ecclesiam
1647 1282 1911 1335 propositam

173 1356 229 1412 (n.
258 1356 371 1410 121).
414 1355 543 1409 Atqui
574 1355 700 1408 plane
732 1356 931 1408 injustum
967 1361 1079 1397 esset
1110 1356 1152 1396 in
1184 1360 1303 1396 tanta
1330 1355 1531 1396 credendi
1552 1354 1748 1396 libertate
1771 1358 1813 1394 et
1834 1352 1915 1393 Ec-

173 1426 328 1467 clesiae
350 1426 573 1467 latitudine
596 1439 724 1479 quam
748 1431 919 1468 tuentur
941 1427 1185 1475 adversarii,
1220 1438 1369 1468 omnes
1397 1426 1452 1467 ab
1476 1425 1765 1467 ecclesiastica
1787 1435 1914 1476 prae-

172 1497 386 1539 dicatione
408 1497 707 1539 dissentientes
729 1510 805 1550 pro
829 1498 1055 1539 haereticis
1077 1497 1237 1539 habere
1260 1497 1535 1538 anathemate
1558 1496 1823 1537 damnandis.

292 1583 379 1621 Huc
410 1584 612 1632 pertinent
642 1584 796 1634 integer
828 1585 851 1623 l.
884 1584 1209 1622 Tertulliani
1241 1584 1287 1621 de
1321 1583 1696 1633 praescriptionibus
1730 1583 1770 1619 et
1800 1581 1915 1618 Vin-

173 1643 337 1679 centii
360 1642 423 1679 lir.
447 1643 802 1681 commonitorium.
845 1643 904 1680 Ad
926 1656 1007 1680 rem
1031 1643 1168 1680 scribit
1190 1643 1415 1692 Augusti
1430 1654 1522 1680 nus
1555 1642 1602 1679 de
1624 1641 1696 1679 civ.
1718 1641 1789 1678 Dei
1810 1641 1835 1677 l.
1863 1647 1912 1681 18

172 1714 202 1738 ⁴3-
228 1708 276 1742 51
295 1715 301 1738 :
328 1701 499 1746 „Videns
524 1702 702 1740 diabolus
724 1703 873 1751 templa
896 1702 1130 1740 daemonum
1153 1702 1298 1739 desseri
1321 1704 1359 1739 et
1381 1702 1422 1739 in
1444 1714 1585 1739 nomen
1607 1700 1812 1738 liberantis
1834 1700 1914 1736 Me-

172 1761 334 1798 diatoris
357 1773 513 1798 currere
535 1774 661 1810 genus
699 1762 926 1807 humanum,
962 1761 1176 1799 haereticos
1210 1761 1344 1807 movit,
1380 1761 1448 1809 qui
1481 1760 1553 1798 sub
1587 1759 1778 1797 vocabulo
1812 1758 1915 1796 chri—

172 1820 297 1857 stiano
322 1820 518 1857 doctrinae
551 1821 779 1858 resisterent
815 1821 1062 1866 christianae,
1087 1821 1201 1869 quasi
1222 1823 1379 1869 possent
1412 1820 1682 1857 indifferenter
1715 1819 1801 1856 sine
1833 1817 1918 1855 ulla

171 1879 418 1927 correptione
441 1879 574 1917 haberi
597 1880 637 1916 in
661 1880 821 1917 civitate
843 1881 924 1925 Dei,
950 1881 1053 1918 sicut
1074 1880 1216 1917 civitas
1239 1879 1479 1917 confusionis
1493 1878 1764 1916 indifferenter
1777 1876 1916 1914 habuit

170 1937 425 1986 philosophos
447 1938 552 1976 inter
574 1951 614 1976 se
636 1939 788 1976 diversa
811 1941 850 1976 et
872 1940 1032 1977 adversa
1055 1939 1280 1977 sentientes.
1316 1938 1390 1982 Qui
1413 1950 1506 1988 ergo
1528 1938 1568 1975 in
1590 1937 1761 1974 Ecclesia
1774 1935 1917 1974 Christi

170 1996 394 2034 morbidum
417 1997 567 2045 aliquid
591 2011 837 2046 pravumque
869 1998 1040 2047 sapiunt,
1075 1999 1108 2035 si
1131 1998 1309 2047 correpti,
1344 2000 1390 2034 ut
1422 2009 1564 2034 sanum
1593 1998 1825 2044 rectumque
1857 2007 1916 2032 sa-

170 2055 293 2104 piant,
316 2056 508 2094 resistunt
544 2057 836 2103 contumaciter,
871 2069 1019 2105 suaque
1053 2057 1237 2106 pestifera
1269 2060 1309 2094 et
1339 2056 1539 2094 mortifera
1571 2056 1754 2105 dogmata
1784 2066 1916 2092 emen·

171 2115 262 2152 dare
283 2115 437 2160 nolunt,
462 2116 530 2153 sed
553 2116 751 2153 defensare
773 2116 1009 2165 persistunt,
1034 2116 1222 2153 haeretici
1237 2116 1338 2153 fiunt
1352 2118 1392 2153 et
1405 2115 1506 2153 foras
1521 2117 1707 2152 exeuntes
1723 2114 1918 2151 habentur

170 2174 211 2210 in
234 2174 506 2212 exercentibus
529 2175 708 2212 inimicis.
721 2181 737 2198 «

290 2243 333 2285 ὃ.
356 2241 416 2282 Ea
433 2242 627 2283 doctrina
642 2255 722 2284 nec
736 2243 969 2284 theoretice
984 2255 1064 2283 nec
1078 2242 1265 2295 practice
1288 2254 1334 2284 se
1357 2241 1642 2291 commendat,
1665 2242 1916 2293 praesertim

172 2313 215 2352 in
238 2313 406 2364 negotio
430 2313 589 2363 salutis,
613 2325 724 2366 quae
746 2313 1098 2362 inconstantibus,
1123 2314 1306 2360 incertis,
1330 2312 1480 2362 dubiis,
1514 2311 1771 2365 aequivocis,
1802 2310 1917 2352 arbi-

171 2384 312 2424 trariis
326 2384 517 2425 innititur
532 2385 757 2437 principiis.
780 2384 998 2437 Ejusmodi
1021 2396 1123 2425 vero
1147 2388 1211 2425 est
1233 2383 1440 2433 doctrina,
1463 2395 1592 2436 quam
1606 2383 1918 2435 impugnamus.

291 2463 388 2500 Sane
411 2474 452 2504 a.
476 2465 680 2513 hucusque
711 2452 886 2502 nondum
917 2477 1132 2502 convenere
1165 2464 1378 2501 adversarii
1408 2464 1450 2500 in
1482 2462 1716 2513 assignando
1746 2461 1914 2507 criterio,

171 2534 249 2570 quo
272 2522 442 2560 discerni
475 2524 621 2571 possint
659 2524 816 2561 articuli
850 2524 1165 2561 fundamentales
1203 2536 1221 2560 a
1257 2536 1337 2561 non
1370 2522 1730 2560 fundamentalibus
1750 2518 1792 2574 1),
1828 2533 1918 2558 nam

171 2581 308 2618 saltem
338 2589 383 2621 11
412 2582 587 2619 diversae
610 2583 657 2620 de
679 2583 813 2620 eodem
848 2583 982 2633 vigent
1016 2583 1246 2620 sententiae.
1291 2583 1330 2619 Si
1353 2594 1444 2619 vero
1467 2579 1514 2622 b.
1537 2581 1729 2619 nonnulla
1758 2579 1919 2616 criteria

170 2643 407 2688 proponunt,
432 2654 600 2689 quorum
625 2654 695 2689 ope
719 2642 948 2690 dijudicent,
985 2642 1147 2690 quinam
1169 2642 1248 2678 sint
1271 2641 1430 2678 articuli
1452 2639 1765 2677 fundamentales
1786 2640 1826 2675 et
1847 2638 1916 2686 qui

318 2766 342 2811 Ι)
362 2765 455 2800 Hine
473 2767 527 2799 ita
546 2767 673 2800 scribit.
691 2767 759 2801 Mo
773 2767 823 2800 sn
836 2768 925 2801 em
953 2768 993 2800 m
1011 2767 1117 2801 elem.
1136 2767 1251 2801 theol.
1271 2767 1436 2811 dogmat.
1454 2768 1481 2801 t.
1505 2771 1521 2800 1
1541 2776 1568 2801 ο,
1592 2769 1630 2799 1:
1663 2749 1918 2803 ,Bibliotheca

172 2818 298 2863 colligi
315 2820 442 2863 posset
459 2818 504 2853 de
524 2819 672 2863 scriptis
688 2819 775 2861 illis,
792 2831 886 2864 quae
915 2820 960 2853 de
984 2819 1149 2854 articulis
1177 2819 1520 2854 fundamentalibus
1547 2819 1584 2852 et
1609 2828 1684 2851 non
1702 2817 1922 2860 fundamen:

169 2872 308 2907 talibus
335 2875 464 2917 agunt.
499 2872 551 2906 Ex
580 2874 687 2917 parte
718 2873 808 2907 haec
840 2874 1086 2907 controversia
1117 2873 1228 2907 facile
1262 2872 1435 2917 componi
1461 2874 1596 2917 potest,
1627 2882 1670 2905 ex
1696 2871 1803 2915 parte
1830 2881 1918 2905 non.

172 2925 357 2966 Quamdiu
374 2925 413 2958 in
432 2924 488 2958 ab
502 2926 544 2958 st
555 2937 572 2958 r
584 2935 605 2958 a
617 2935 635 2958 c
647 2926 693 2958 to
713 2925 914 2969 quaeritur,
934 2926 1023 2969 quid
1037 2926 1214 2960 articulus
1229 2925 1520 2959 fundamentalis
1544 2925 1604 2964 sit,
1628 2924 1718 2967 quid
1731 2934 1818 2968 non,
1837 2933 1918 2957 con-

173 2979 350 3013 sentiunt.
371 2978 494 3022 Longe
512 2979 637 3011 autem
657 2980 711 3011 est
730 2977 804 3012 alia
821 2989 941 3012 rerum
961 2978 1084 3019 facies,
1105 2980 1135 3013 si
1153 2979 1192 3012 hi
1212 2979 1412 3022 conceptus
1430 2978 1668 3022 applicantur
1683 2977 1729 3010 ad
1743 2977 1919 3021 dogmata

172 3032 396 3077 theologica,
415 3032 452 3065 et
468 3031 534 3065 illa
563 3032 603 3064 in
631 3041 678 3065 co
690 3043 713 3064 n
726 3042 744 3064 c
759 3033 865 3065 reto
893 3032 1187 3066 considerantur.
1222 3032 1259 3066 Si
1286 3043 1341 3066 ex.
1360 3043 1413 3076 gr.
1434 3031 1604 3075 quaestio
1623 3032 1688 3069 est,
1706 3032 1832 3064 utrum
1849 3029 1920 3064 hoc

172 3086 231 3119 vel
249 3085 344 3119 illud
362 3085 499 3130 dogma
517 3083 748 3128 pontificium
768 3095 867 3119 error
878 3085 927 3118 sit
937 3084 1228 3120 fundamentalis
1240 3095 1303 3119 seu
1314 3084 1599 3118 fundamentum
1610 3083 1695 3117 fidei
1706 3083 1916 3124 labefactet,

169 3142 258 3173 tunc
277 3139 448 3172 oriuntur
464 3137 560 3177 lites,
579 3147 674 3181 quae
691 3147 764 3171 non
783 3137 892 3171 facile
920 3138 1089 3182 componi
1109 3139 1264 3182 possunt
1287 3138 1333 3171 ob
1362 3138 1600 3171 vehementes
1619 3137 1826 3170 animorum
1845 3146 1919 3169 mo-
