2175 3382
308 142 357 180 14
494 134 612 166 ‘ri-act.
638 132 658 164 l.
680 131 860 175 Apologia
880 129 982 172 relig.
1003 128 1129 163 christ.
1147 127 1273 162 'rhesis
1292 127 1316 162 1.
1337 127 1590 171 mysteriorum
1612 129 1834 164 exsistentia.

305 261 522 304 ⁴<ti-umque
546 254 716 302 captum
733 248 941 290 excedant
965 249 1002 303 ¹).
1038 247 1142 287 Hinc
1166 245 1261 299 Sap.
1281 253 1318 296 ⁴2),
1349 252 1399 291 1ss
1424 247 1621 299 legimus:
1645 248 1697 289 lit
1720 250 1892 303 difficile
1912 252 2034 292 aesti-

307 336 466 364 ammas
491 335 594 375 (lacte
619 322 659 359 in
684 324 796 361 terra
820 324 937 360 sunt:
973 325 1007 359 ct
1039 332 1142 373 quae
1176 319 1215 357 in
1235 323 1455 372 prospectu
1478 323 1586 373 sunt,
1613 321 1842 362 ‘im-enimus
1863 335 1952 362 cum
1974 321 2034 363 la-

306 395 406 435 bore.
452 395 567 442 (Acme
601 397 735 431 (talem
778 391 817 430 in
854 390 970 431 coelis
1004 393 1113 442 suut,
1147 390 1238 442 qais
1272 389 1560 442 inrestiyabit?
1591 389 1627 430 A
1663 390 1825 432 fortiori
1859 403 1959 444 ergo
1993 392 2036 433 in

307 468 459 504 natura
490 461 788 510 invisibili,
821 462 1094 508 increata,
1126 458 1351 500 infinita
1383 464 1505 500 erunt
1528 461 1720 512 plurima,
1752 473 1861 514 quae
1883 462 2037 515 ingenii

308 535 444 575 aciem
468 532 626 585 fugiant
649 536 904 584 captumque
927 535 1137 583 superent.

424 629 535 674 Quod
558 632 835 678 argumentum
859 629 1042 666 adversus
1063 629 1328 666 rationalistas
1351 629 1499 678 duplici
1535 630 1580 667 de
1604 642 1719 668 causa
1740 630 1896 668 sufficit.
1938 631 2037 668 Nam

304 689 497 738 quidquid
521 691 582 725 est
604 688 650 724 de
673 688 819 732 futuro,
843 687 984 736 probat
1006 687 1117 733 illud,
1142 688 1277 724 saltem
1294 687 1412 725 fuisse
1428 690 1467 725 et
1481 689 1594 726 modo
1610 701 1694 726 esse
1708 690 1824 738 plura
1838 689 2037 739 mysteria,

303 761 471 797 quorum
495 747 680 784 revelatio
706 746 914 783 admodum
937 746 1059 790 utilis,
1093 746 1171 784 imo
1194 749 1233 783 et
1254 747 1471 784 necessaria
1493 759 1577 785 esse
1607 748 1739 797 possit.
1783 749 1986 786 Praeterea
2006 748 2038 785 si

307 807 405 844 illud
429 806 605 854 undique
638 805 891 853 expendatur,
928 817 1006 842 non
1037 807 1193 842 tantum
1217 805 1367 851 suadet,
1400 806 1465 843 sed
1499 806 1599 844 forte
1633 807 1751 844 etiam
1785 807 2037 852 demonstrat,

305 867 398 903 haec
420 865 604 914 mysteria
635 877 712 901 non
745 865 872 901 solum
903 864 1131 901 relativa
1162 865 1242 904 scil.
1274 865 1396 902 relate
1427 865 1474 902 ad
1509 868 1656 903 statum
1691 866 1851 903 humani
1885 865 2039 918 generis

305 926 434 962 minus
457 925 667 967 excultum,
692 935 769 960 non
793 924 918 960 solum
942 936 1048 960 nunc
1070 926 1110 960 et
1131 923 1178 961 de
1201 923 1300 960 facto
1323 936 1404 961 esse
1426 925 1625 973 mysteria,
1650 925 1717 962 sed
1738 925 1979 963 absolute
2000 927 2040 962 et

304 988 446 1021 natura
468 995 539 1020 sua
560 983 639 1020 vim
663 982 863 1030 aciemque
886 982 1068 1019 excedere
1091 983 1316 1020 intellectus
1350 983 1486 1020 nostri.
1528 983 1639 1021 Ratio
1673 984 1776 1021 enim
1807 984 1976 1022 humana
2007 984 2040 1021 si

305 1055 374 1091 per
395 1046 455 1080 tot
478 1055 667 1079 annorum
691 1041 815 1078 millia
837 1041 943 1079 omni
965 1040 1143 1079 adhibito
1179 1044 1322 1079 conatu
1352 1053 1431 1079 non
1460 1043 1593 1090 potuit
1622 1043 1756 1080 rimari
1786 1045 1848 1081 tot
1877 1047 2040 1080 naturae

304 1104 455 1140 creatae
501 1103 647 1139 secreta
681 1101 914 1148 nullumque
961 1100 1053 1137 fecit
1087 1101 1126 1137 in
1159 1101 1422 1150 plurimorum
1456 1101 1769 1140 consideratione
1803 1102 2040 1151 profectum:

305 1164 455 1210 quanto
478 1160 609 1197 minus
631 1160 672 1196 in
695 1160 902 1197 scrutanda
924 1162 1066 1197 natura
1088 1160 1220 1197 divina
1242 1173 1262 1196 a
1284 1160 1464 1197 sensibus
1487 1161 1706 1209 creatisque
1738 1161 1855 1198 rebus
1876 1162 1958 1198 tam
1979 1173 2040 1198 re-

306 1223 411 1257 mota
433 1220 527 1257 adeo
549 1218 734 1267 proficiet,
762 1222 807 1256 ut
830 1219 1002 1256 clareant
1025 1219 1183 1256 omnia?
1218 1219 1300 1256 Imo
1322 1219 1434 1264 ratio,
1469 1232 1546 1268 quo
1570 1220 1693 1269 magis
1713 1220 1867 1269 proficit
1888 1220 1929 1257 in
1950 1231 2041 1258 con-

307 1279 511 1316 sideranda
531 1281 674 1315 natura
696 1280 835 1323 creata,
870 1278 913 1315 in
935 1290 978 1315 eo
1001 1278 1115 1326 plura
1137 1290 1293 1326 quoque
1315 1278 1457 1315 incidit
1479 1279 1679 1328 mysteria,
1710 1291 1810 1328 quae
1831 1279 1886 1316 ibi
1915 1279 2042 1316 solent

305 1339 488 1386 incipere,
511 1338 581 1375 ubi
603 1337 749 1374 desinit
772 1337 1022 1386 experientia,
1047 1337 1222 1374 succedit
1245 1337 1441 1375 mediatio.
1470 1338 1671 1376 Afortiori
1685 1351 1776 1388 ergo
1791 1339 1892 1376 circa
1905 1338 2040 1384 Deum,

307 1398 376 1445 qui
399 1397 501 1434 nulli
523 1397 714 1434 obnoxius
737 1398 798 1433 est
819 1396 1089 1445 experientiae.

426 1490 468 1531 2.
492 1488 554 1529 Ita
569 1488 733 1541 egregie
748 1488 1028 1529 ratiocinatur
1049 1502 1080 1529 s.
1103 1488 1136 1529 T
1147 1489 1175 1529 h
1188 1501 1212 1530 ο
1224 1501 1266 1529 m
1279 1501 1304 1530 a
1315 1502 1336 1529 s
1358 1501 1391 1529 c.
1415 1493 1560 1541 gentes
1574 1488 1601 1538 Ι,
1616 1493 1661 1533 3:
1692 1488 1903 1539 „Duorum
1917 1488 2042 1538 enim,

307 1569 493 1610 quorum
516 1571 626 1599 unus
649 1559 731 1600 alio
754 1571 845 1600 rem
868 1559 1054 1612 aliquam
1076 1559 1290 1601 intellectu
1311 1559 1504 1601 subtilius
1525 1560 1723 1610 intuetur,
1744 1560 1813 1601 ille
1835 1559 1955 1612 cujus
1975 1559 2041 1600 in-

308 1629 500 1670 tellectus
523 1634 587 1670 est
609 1630 824 1679 elevatior,
845 1630 978 1671 multa
999 1630 1199 1683 intelligit,
1221 1642 1331 1684 quae
1354 1630 1460 1672 alius
1483 1631 1657 1672 omnino
1680 1642 1834 1683 capere
1855 1642 1942 1671 non
1963 1641 2041 1683 po-

310 1704 413 1741 test:
436 1700 544 1741 sicut
565 1705 682 1753 patet
703 1701 746 1741 in
768 1701 939 1751 rustico,
962 1702 1033 1754 qui
1055 1701 1169 1742 nullo
1191 1701 1320 1743 modo
1335 1702 1628 1754 philosophiae
1650 1701 1824 1743 subtiles
1846 1700 2042 1742 conside-

310 1771 498 1812 rationes
521 1783 674 1824 capere
696 1776 846 1824 potest.
889 1772 1129 1814 Intellectus
1159 1777 1301 1814 autem
1324 1773 1462 1826 angeli
1483 1773 1575 1825 plus
1598 1773 1763 1814 excedit
1784 1771 2041 1813 intellectum

308 1842 556 1890 humanum,
580 1854 708 1895 quam
731 1843 968 1884 intellectus
991 1844 1139 1896 optimi
1160 1844 1400 1896 philosophi
1421 1837 1679 1885 intellectum
1701 1843 1915 1884 rudissimi
1935 1842 2042 1883 idio-

310 1917 380 1953 tae
404 1945 410 1952 .
435 1945 441 1952 .
466 1945 472 1951 .
497 1912 711 1965 Multoque
735 1913 915 1965 amplius
937 1914 1174 1955 intellectus
1197 1914 1362 1956 divinus
1384 1915 1548 1956 excedit
1570 1915 1777 1967 angelum,
1809 1926 1938 1967 quam
1964 1925 2042 1954 an-

310 1982 469 2034 gelicus
493 1983 739 2024 humanum.
781 1984 873 2036 Ipse
905 1986 1017 2026 enim
1040 1985 1275 2027 intellectus
1298 1986 1464 2027 divinus
1486 1999 1564 2027 sua
1587 1986 1824 2038 capacitate
1846 1984 2044 2026 substan-

310 2053 415 2093 tiam
439 2066 561 2094 suam
585 2054 798 2107 adaequat
820 2089 827 2096 .
852 2089 858 2095 .
883 2089 890 2096 .
923 2055 1043 2097 Unde
1065 2069 1151 2097 non
1174 2057 1329 2106 omnia,
1352 2069 1460 2110 quae
1482 2058 1526 2098 in
1547 2058 1686 2109 seipso
1709 2056 1822 2097 Deus
1843 2054 2044 2108 intelligit,

311 2124 485 2176 angelus
508 2125 692 2166 naturali
714 2126 954 2178 cognitione
980 2139 1133 2180 capere
1164 2132 1323 2180 potest;
1354 2141 1435 2170 nec
1466 2128 1520 2169 ad
1551 2128 1697 2169 omnia
1727 2138 1838 2180 quae
1871 2125 2044 2178 angelus

310 2195 495 2236 naturali
516 2208 594 2236 sua
617 2196 769 2238 virtute
790 2197 990 2249 intelligit,
1013 2198 1201 2240 humana
1223 2200 1332 2240 ratio
1355 2198 1507 2240 sufficit
1529 2198 1745 2252 capienda.
1781 2196 1899 2239 Sicut
1919 2197 2045 2249 igitur

314 2266 526 2307 maximae
549 2268 761 2309 amentiae
784 2274 896 2310 esset
917 2269 1060 2319 idiota,
1093 2270 1163 2323 qui
1191 2282 1254 2320 ea,
1285 2282 1394 2324 quae
1417 2282 1442 2311 a
1464 2270 1716 2323 philosopho
1738 2271 2044 2322 proponuntur,

312 2335 417 2377 t'alsa
439 2348 533 2378 esse
556 2342 767 2380 assereret
780 2345 954 2392 propter
975 2341 1068 2390 hoc,
1092 2341 1205 2394 quod
1227 2353 1280 2382 ea
1301 2353 1454 2394 capere
1476 2353 1564 2382 non
1585 2344 1744 2393 potest:
1766 2340 1826 2381 ita
1848 2343 1890 2380 et
1911 2338 2043 2380 multo

312 2407 492 2458 amplius
514 2408 670 2450 nimiae
702 2409 903 2451 stultitiae
934 2416 1047 2453 esset
1077 2411 1220 2461 homo,
1253 2413 1289 2453 si
1323 2424 1386 2462 ea,
1421 2424 1531 2466 quae
1566 2411 1764 2452 divinitus
1798 2409 2044 2462 angelorum

313 2477 546 2519 ministerio
570 2479 823 2530 revelantur,
856 2481 961 2523 falsa
993 2494 1087 2524 esse
1119 2476 1408 2536 suspicaretur
1438 2495 1489 2524 ex
1520 2483 1614 2533 hoe,
1646 2481 1759 2535 quod
1789 2481 1954 2522 ratione
1979 2481 2044 2520 in-

311 2548 509 2599 vestigari
531 2561 617 2590 non
639 2556 856 2602 possunt“.
900 2551 956 2594 Cf.
980 2554 1108 2594 etiam
1130 2553 1196 2604 IV,
1222 2558 1257 2598 1.

432 2643 471 2685 3.
495 2640 583 2683 Nisi
619 2644 661 2684 id
694 2646 808 2697 quod
831 2648 1061 2689 asserimus
1084 2649 1354 2700 concedatur,
1384 2651 1572 2702 sequitur
1593 2648 1659 2690 vel
1679 2647 1898 2689 hominem
1919 2657 2045 2699 posse

311 2722 406 2751 esse
422 2713 685 2764 omniscium,
708 2728 791 2768 qua
805 2719 1042 2759 assertione
1056 2720 1158 2760 nihil
1171 2720 1562 2772 praesumptiosius,
1583 2719 1651 2760 vel
1664 2718 1798 2760 Deum
1820 2729 1906 2758 non
1928 2729 2044 2769 amp-

312 2781 394 2822 lius
417 2794 511 2824 esse
533 2783 678 2826 Deum.
720 2785 834 2828 Deus
866 2789 990 2837 enim,
1023 2802 1149 2841 quem
1166 2791 1310 2832 ¹homo
1336 2790 1553 2832 intellectu
1572 2801 1651 2831 suo
1673 2788 1906 2830 admodum
1928 2786 2045 2829 finito

313 2851 556 2905 adaequate
579 2867 850 2907 cognoscere,
874 2859 1067 2910 dimetiri,
1089 2861 1346 2913 perscrutari
1367 2865 1517 2914 potest,
1537 2872 1627 2902 non
1647 2864 1711 2901 est
1731 2858 1928 2902 infinitus,

460 3021 483 3065 ¹)
507 3020 560 3055 Cf.
579 3021 885 3066 philosophorum
905 3026 1150 3060 confessiones
1170 3026 1267 3071 apud
1285 3026 1319 3060 H
1333 3038 1350 3061 e
1363 3028 1378 3060 t
1390 3029 1405 3061 t
1416 3027 1428 3060 i
1440 3039 1463 3060 n
1475 3039 1498 3072 g
1510 3037 1527 3060 e
1538 3039 1565 3068 r,
1585 3025 1764 3071 Apologie
1783 3025 1845 3058 des
1860 3022 2044 3057 Christen-

309 3073 447 3114 thums,
465 3076 492 3108 t.
513 3078 529 3108 1
551 3075 634 3112 diss,
653 3078 673 3109 2
693 3077 729 3110 et
750 3081 802 3112 10.
