2175 3382
487 140 616 174 Thesis
635 139 758 173 LXXI.
778 140 906 173 Petrus
924 141 978 173 est
991 139 1101 182 juxta
1120 139 1251 175 Matth.
1275 142 1327 179 lG,
1350 142 1404 174 18.
1423 139 1606 173 Ecclesiae
1626 140 1740 184 petra.
1896 145 1982 187 363

365 263 461 303 347.
484 259 653 302 ThOSiS
675 258 853 301 LXXI.
894 273 1116 314 Quamvis
1150 272 1439 305 verissimum
1461 273 1534 311 sit,
1548 275 1710 314 patres
1728 273 1892 307 Matth.
1911 274 1983 315 16,

252 334 303 365 18
327 334 382 367 de
409 333 589 367 Christo
616 333 755 366 etium
781 331 851 365 vel
877 332 932 365 de
955 332 1046 372 fide
1071 332 1123 365 in
1147 332 1303 371 ipsum
1330 331 1400 364 rel
1420 332 1475 366 de
1501 331 1641 372 hujus
1665 333 1776 372 fidei·
1803 335 1982 373 confes-

247 394 375 427 sione
400 393 733 435 interpretari.-
766 392 1014 426 tenendnm
1053 393 1211 424 tamen
1245 392 1310 423 est
1337 389 1375 422 1.
1402 393 1805 433 commentarium,
1843 403 1977 435 quem

244 452 581 486 vindicavimus
606 452 723 485 thesi
746 451 1056 491 praecedenti,
1082 450 1333 483 solemnem
1360 458 1454 482 esse
1480 450 1631 490 mnqe's
1668 453 1710 483 et
1744 453 1980 486 anthenti-

245 519 377 552 cam,·
402 510 444 542 2.
470 510 674 551 reliquos
700 512 794 543 tres
822 509 1182 542 commentarios
1206 516 1300 541 nnn
1325 507 1475 539 solum
1502 517 1605 540 cum
1632 507 1713 540 illo
1741 518 1833 542 non
1860 519 1978 552 pus]-

244 578 373 611 nare,
397 570 476 603 sed
502 569 650 602 amice
685 577 786 602 cum
825 569 983 602 codem
1020 567 1305 609 conspirare,
1340 567 1456 601 mle-o
1490 569 1542 599 ut
1576 566 1620 599 3.
1656 568 1798 600 simul
1824 568 1982 609 juncti

238 629 433 671 plenum
459 628 704 662 verborum
732 627 901 661 Christi
927 627 1172 660 eaelu'beemt
1198 634 1398 659 sensnm.

363 702 651 744 Declamatio.
685 704 778 741 Cum
802 704 975 741 illustria
996 704 1114 740 nimis
1146 703 1226 740 sint
1257 702 1375 739 verba
1397 701 1539 739 Christi
1571 702 1618 738 ad
1650 703 1979 750 comprobandum

236 763 529 812 jurisdictionis
550 764 762 812 primatum
785 763 899 799 Petro
921 764 1169 811 promissum,
1204 761 1376 810 theologi
1398 771 1555 798 romano
1578 761 1754 809 pontifici
1779 762 1868 809 plus
1903 764 1980 799 mi-

241 835 365 860 nusve
386 822 542 866 infensi,
567 824 777 870 praeeunte
799 822 842 858 in
862 822 1000 869 primis
1022 821 1213 869 Launoj
1228 833 1249 857 0
1270 817 1311 871 ¹),
1347 823 1596 857 coi-raserunt
1617 819 1665 856 ad
1689 832 1821 857 eorum
1846 822 1979 869 splen-

241 881 373 919 dorem
395 881 686 918 obscurandum
707 883 904 929 quotquot
924 880 1089 929 reperiri
1110 881 1291 929 poterant
1315 883 1471 927 patrum
1492 878 1730 924 testimonia,
1767 879 1807 916 in
1830 880 1980 928 quibus

240 940 377 977 verba:
402 940 451 977 Et
472 953 587 988 super
608 936 708 977 hanc
726 944 877 988 petram
899 942 971 976 etc.
995 939 1240 987 explicantur
1255 938 1315 975 vel
1338 939 1384 974 «le
1408 938 1433 974 C
1447 938 1553 974 hris
1567 941 1628 982 to,
1653 938 1714 975 vel
1736 938 1783 975 de
1806 939 1910 976 fide
1936 939 1978 976 in

241 999 384 1036 Christi
405 999 663 1043 divinitatem,
695 999 758 1036 vel
780 998 882 1047 quod
904 998 1008 1035 idem
1028 997 1109 1035 fere
1139 997 1289 1042 recidit,
1322 997 1368 1034 de
1400 996 1725 1045 professione
1757 998 1919 1035 solemni
1958 1011 1979 1035 a

239 1058 355 1095 Petro
378 1057 494 1101 edita,
519 1058 581 1095 vel
601 1058 720 1095 etiam
741 1057 788 1095 de
803 1057 986 1094 omnibus
1009 1057 1287 1105 apostolis:
1313 1055 1417 1092 unde
1434 1056 1620 1100 inferunt,
1645 1059 1804 1104 propter
1818 1059 1974 1094 tantam

240 1116 609 1165 interpretationum
632 1117 856 1154 varietatem
880 1116 978 1153 certi
1000 1116 1099 1153 nihil
1120 1128 1164 1152 ex
1187 1114 1332 1152 Christi
1353 1115 1492 1157 verbis,
1528 1115 1590 1151 vel
1612 1115 1750 1152 saltem
1781 1128 1859 1152 non
1891 1120 1971 1153 tam

240 1175 462 1224 splendidas
484 1175 675 1224 primatus
695 1175 986 1225 praerogativas
1007 1176 1091 1212 erui
1114 1187 1236 1223 posse.
1279 1173 1424 1211 Verum
1446 1173 1572 1210 inanis
1595 1174 1670 1210 fuit
1691 1186 1827 1211 eorum
1849 1175 1972 1219 labor,

239 1235 418 1282 quamvis
439 1234 632 1283 plurimos
653 1235 836 1284 allegent,
859 1234 929 1282 qui
953 1235 1044 1271 haec
1064 1234 1183 1271 verba
1203 1245 1281 1270 non
1303 1232 1351 1269 ad
1367 1233 1524 1269 Petrum
1548 1232 1728 1269 retulisse
1750 1233 1979 1273 videantur.

240 1293 397 1330 Certum
418 1295 523 1331 enim
543 1296 602 1331 est
628 1290 666 1335 l.
691 1293 1027 1338 commentarium,
1063 1293 1132 1341 qui
1155 1293 1246 1329 haec
1278 1291 1395 1329 verba
1426 1291 1546 1328 refert
1576 1291 1624 1328 ad
1646 1292 1819 1335 Petrum,
1853 1292 1975 1329 etiam

241 1352 274 1388 si
296 1352 396 1389 solos
430 1352 634 1390 audiamus
667 1355 799 1401 patres
834 1353 1126 1400 scriptoresque
1148 1351 1351 1393 Ecclesiae,
1386 1362 1470 1387 esse
1505 1351 1662 1387 omnino
1701 1352 1976 1388 authenticum

239 1413 279 1448 et
299 1411 609 1459 praeferendum,
632 1414 672 1448 et
693 1410 735 1452 2.
760 1411 855 1448 alios
877 1411 1172 1448 commentarios
1195 1422 1239 1447 eo
1262 1422 1340 1447 non
1362 1409 1527 1455 excludi,
1565 1409 1632 1446 sed
1654 1410 1773 1447 amice
1796 1410 1900 1447 inter
1936 1423 1977 1447 se

240 1470 462 1518 conspirare
483 1482 602 1518 seque
624 1468 666 1510 3.
690 1473 828 1507 mutuo
849 1470 1031 1519 perficere
1054 1472 1093 1507 et
1114 1469 1319 1518 complere.

359 1566 456 1608 348.
478 1563 838 1606 Demonstratio
865 1575 909 1617 p.
932 1563 972 1605 I.
1018 1560 1360 1602 Commentarius
1382 1565 1529 1601 noster
1552 1565 1614 1601 est
1637 1561 1771 1613 magis
1793 1561 1975 1602 authen-

240 1634 359 1683 ticus,
380 1646 482 1674 nam
518 1634 558 1676 1.
582 1633 765 1685 reliquos
787 1637 960 1685 superat
991 1632 1351 1684 antiquitate,
1383 1631 1498 1672 solus
1522 1632 1634 1672 enim
1657 1632 1841 1672 occurrit
1864 1631 1976 1684 apud

239 1708 382 1756 patres
402 1704 435 1760 2)
458 1703 589 1744 seculi
609 1703 691 1750 11[.;
715 1703 784 1744 alii
807 1703 1101 1744 commentarii
1122 1713 1205 1743 sec.
1229 1701 1293 1744 IV.
1315 1714 1403 1742 non
1425 1706 1525 1742 sunt
1546 1702 1819 1755 antiquiores,

360 1787 403 1828 2.
439 1784 614 1826 Excellit
647 1785 1082 1826 universalitate
1117 1789 1158 1825 et
1191 1784 1568 1836 perennitate,
1611 1795 1710 1824 nam
1753 1796 1887 1837 usque
1922 1785 1977 1825 ad

241 1866 324 1895 sec.
348 1854 407 1896 111.
431 1857 671 1897 communis
703 1856 789 1905 suit,
821 1860 863 1897 et
893 1856 1086 1909 quamvis
1108 1855 1308 1908 deinceps
1330 1855 1400 1896 alii
1422 1859 1650 1895 occurrant
1672 1855 1981 1904 commentarii,

242 1930 388 1966 noster
419 1939 637 1980 nunquam
670 1927 745 1968 fuit
776 1926 984 1975 exclusus,
1014 1938 1183 1979 semper
1216 1938 1241 1967 a
1272 1925 1463 1978 patribus
1496 1937 1689 1966 summae
1712 1926 1980 1966 auctoritatis

243 1995 475 2046 adhibitus3
499 1997 594 2038 dein
609 1998 763 2039 iterum
778 1998 837 2038 ita
851 1997 1027 2038 invaluit
1050 2002 1090 2038 et
1112 1997 1360 2049 praevaluit,
1383 2001 1428 2037 ut
1442 1996 1669 2037 recentiori
1684 2000 1824 2037 aetate
1838 1995 1979 2037 nullus

387 2172 409 2210 1)
428 2167 467 2203 L.
487 2174 507 2203 5
525 2169 632 2212 epist.
652 2172 670 2203 7
691 2169 737 2202 ad
759 2169 936 2202 Voellum.
955 2167 998 2201 In
1015 2168 1077 2202 lib.
1097 2167 1296 2209 ,Quaestio‘
1324 2169 1491 2212 tempore
1518 2178 1616 2201 conc.
1646 2167 1809 2201 vaticani
1827 2168 1981 2212 vulgato

240 2224 485 2255 numerantur
504 2233 570 2266 pro
588 2221 906 2266 interpretatione,
933 2232 1027 2265 quae
1046 2221 1157 2255 verba
1176 2220 1331 2255 Chi-isti:
1367 2222 1414 2254 Ec
1440 2232 1547 2264 super
1574 2222 1665 2254 hanc
1675 2226 1817 2264 petram
1837 2225 1906 2255 etc.
1925 2221 1981 2255 in-

239 2274 380 2318 telligit,
397 2274 442 2308 de
462 2275 633 2309 omnibus
653 2274 830 2319 apostolis
849 2275 932 2309 octo
948 2278 1093 2319 patres:
1120 2274 1366 2318 quadraginta
1384 2276 1554 2317 quatuor,
1583 2274 1647 2317 qui
1666 2284 1708 2307 ea
1727 2273 1913 2318 explicant
1933 2275 1978 2308 de

239 2327 322 2369 fide,
341 2338 452 2370 quam
472 2327 656 2361 confessus
675 2329 733 2362 est
750 2328 900 2362 Petrus:
928 2328 1122 2370 sexdecim,
1140 2327 1204 2371 qui
1222 2338 1263 2361 ea
1282 2327 1326 2361 de
1349 2325 1493 2361 Chri>t0
1522 2328 1733 2371 accipiunt;
1761 2327 1887 2370 aliqui,
1916 2330 1980 2370 qui

239 2380 388 2416 nomine
405 2383 532 2425 petrae
551 2381 769 2425 intelligunt
786 2381 885 2425 ipsos
904 2380 1042 2422 fideles,
1071 2382 1106 2415 et
1134 2380 1280 2414 nonnisi
1308 2379 1577 2424 septemdecim,
1605 2380 1669 2423 qui
1697 2382 1865 2414 nostrum
1886 2390 1981 2414 com-

241 2435 462 2467 mentarium
481 2434 767 2478 amplectuntur.
802 2435 854 2469 ef.
885 2434 1067 2469 Haerin
1080 2444 1163 2477 ger
1189 2432 1369 2476 Launoy's
1388 2443 1445 2476 ep.
1464 2435 1497 2467 7.
1523 2433 1598 2467 und
1618 2433 1677 2467 die
1694 2433 1980 2467 verschiedenen

239 2486 493 2531 Erklarungen
516 2497 590 2521 von
609 2487 715 2520 Petra
732 2487 829 2521 nach
848 2488 983 2522 Matth.
1006 2490 1058 2527 16,
1082 2489 1123 2520 18
1142 2486 1218 2520 und
1235 2486 1328 2519 nach
1346 2486 1574 2520 kirchlichen
1593 2486 1826 2531 Zeugnissen.

383 2540 409 2586 2)
438 2539 490 2574 cf.
519 2539 888 2575 Tertullianum
914 2540 958 2574 de
987 2550 1120 2585 praesc.
1140 2551 1168 2574 c.
1188 2542 1251 2578 22;
1272 2540 1316 2572 de
1334 2539 1570 2584 monogamia
1587 2552 1622 2573 n.
1642 2542 1683 2577 8:
1717 2539 1793 2574 Ori
1808 2549 1977 2585 genem

240 2597 266 2627 t.
287 2599 306 2628 5
325 2593 365 2627 in
381 2594 508 2629 Joan.:
547 2594 708 2634 ,Petrum
737 2593 795 2627 cui
822 2595 1012 2637 tamquam
1040 2593 1283 2627 fundamento
1313 2595 1564 2637 superstructa.
1588 2595 1643 2627 est
1661 2593 1822 2627 Ecclesia
1843 2593 1979 2628 Christi

242 2646 346 2683 etc.:‘
366 2647 465 2682 hom.
485 2646 562 2681 5511
580 2646 663 2685 Ex.;
683 2647 722 2680 in
740 2647 874 2681 Matth.
895 2649 956 2680 17:
986 2646 997 2679 1
1030 2651 1049 2681 5
1067 2647 1106 2680 in
1124 2657 1180 2690 ep.
1199 2645 1246 2679 ad
1265 2646 1368 2680 Rom.
1386 2659 1394 2685 ;
1413 2647 1459 2680 tr.
1479 2649 1523 2680 12
1546 2646 1695 2690 quidem
1712 2646 1750 2680 in
1770 2647 1904 2680 Matth.
1927 2648 1978 2682 16.

240 2712 276 2734 n.
297 2702 351 2734 10.
373 2703 411 2734 11
432 2700 524 2734 haee
542 2701 653 2735 verba
679 2700 845 2744 applicat
871 2699 1021 2734 cuilibet
1050 2699 1186 2734 Christi
1213 2700 1409 2744 discipulo,
1435 2700 1497 2734 sed
1525 2700 1713 2735 evidenter
1738 2701 1885 2734 fonnisi
1913 2711 1980 2744 per

239 2752 424 2796 quandam
443 2753 823 2787 accommodationem
843 2753 880 2786 et
898 2752 1175 2787 derivationem.
1207 2752 1377 2787 Occurrit
1393 2756 1586 2797 praeterea
1603 2753 1642 2786 in
1660 2752 1758 2786 hom.
1778 2752 1831 2786 Ps
1843 2764 1861 2786 e
1874 2764 1896 2785 u
1910 2753 1929 2785 d
1943 2762 1977 2785 0-

239 2805 508 2840 Clementis
538 2809 579 2841 17
598 2808 709 2844 0182
738 2806 836 2851 apud
863 2805 1202 2839 Firmilianum
1230 2816 1286 2849 ep.
1315 2805 1362 2839 ad
1389 2806 1615 2850 cyprianum
1634 2818 1670 2839 11.
1692 2807 1748 2844 17;
1777 2805 1874 2849 apud
1904 2804 1977 2848 Cy-

238 2857 462 2902 prianum
489 2861 527 2893 et
551 2859 699 2903 quidem
727 2858 950 2903 saepissime.
986 2857 1037 2895 Cf.
1057 2859 1101 2892 de
1120 2859 1211 2892 unit.
1233 2859 1329 2893 Eccl.
1357 2870 1393 2892 n.
1412 2863 1454 2893 4:
1483 2869 1540 2902 ep.
1561 2862 1604 2892 55
1625 2871 1658 2892 n.
1677 2860 1717 2897 7;
1745 2859 1789 2894 69
1809 2870 1844 2891 n.
1862 2858 1902 2891 δι
1932 2860 1977 2891 70

240 2923 274 2946 n.
293 2914 334 2947 3:
362 2913 407 2946 73
425 2923 458 2944 n.
478 2912 511 2951 7,
532 2915 594 2945 11:
621 2912 666 2944 de
683 2911 779 2945 bono
798 2910 1005 2955 patientiae
1023 2923 1058 2944 n.
1077 2912 1098 2945 7
1127 2917 1263 2955 (opusc,
1286 2911 1343 2952 lV,
1362 2914 1440 2952 84)ss
1470 2911 1514 2944 de
1532 2909 1671 2944 exhort.
1690 2911 1802 2952 mart)
1813 2920 1842 2944 r.
1860 2920 1894 2944 n.
1917 2911 1976 2946 11;

238 2962 278 2996 in
297 2972 347 2997 00
362 2963 518 2998 ncilio
545 2962 947 3008 carthaginiensi
978 2963 1014 2995 V.
1035 2974 1067 2997 a.
1087 2966 1173 3002 255,
1192 2964 1290 3007 apud
1310 2962 1636 3008 Hippolytum
1656 2962 1693 2996 in
1713 2972 1817 2995 serm.
1838 2959 1977 3002 (dubio)

239 3015 278 3049 in
297 3016 549 3061 Theophania,
566 3017 630 3050 ubi
648 3017 738 3051 haec
755 3017 929 3061 legimus:
969 3015 1058 3055 ,Per
1082 3015 1182 3050 hunc
1209 3016 1389 3061 Spiritum
1407 3017 1534 3050 Petrus
1562 3016 1710 3050 beatam
1728 3015 1831 3048 illam
1851 3023 1977 3047 vocem

242 3068 376 3103 effatus
394 3072 466 3104 est:
489 3071 541 3105 Tu
558 3082 590 3105 es
609 3072 771 3105 Christus
789 3069 854 3103 etc.
890 3069 958 3102 Per
975 3069 1072 3103 hunc
1090 3069 1268 3114 Spiritum
1288 3069 1436 3103 firmata
1452 3073 1559 3114 petra
1578 3074 1663 3102 est.‘
