2175 3382
557 102 683 136 'l'liesis
704 102 746 135 ΙΙ.
766 101 1023 145 Μ)ἐῒει·ἰοι·ιι]η
1041 102 1274 136 revelationis
1293 102 1530 147 possibilitas.
1859 110 1910 150 15

297 226 356 263 Ad
378 238 458 263 rem
482 225 607 274 Chry
623 226 878 261 sostomus
902 224 943 260 in
965 224 1023 261 Ps.
1053 231 1128 264 115
1155 237 1191 260 n.
1222 232 1234 263 1
1255 238 1262 261 ε
1287 224 1391 268 „Qui
1413 226 1517 262 enim
1540 225 1686 263 ratione
1710 226 1909 263 contendit

180 298 238 322 res
261 285 307 322 ad
329 285 444 321 illum
467 280 625 335 (Deum)
650 284 874 331 spectantes
896 283 1084 328 invenire,
1107 295 1355 330 nequaquam
1378 296 1467 320 eum
1489 283 1614 331 gloria
1629 283 1759 329 afficit,
1782 287 1829 322 ut
1842 285 1909 333 qui

178 343 376 381 ratiocinii
409 343 472 380 sui
503 342 719 379 humilitati
744 342 836 379 velit
858 341 1069 378 ineffabilia
1090 342 1174 389 ejus
1205 342 1450 378 oeconomiae
1482 342 1641 379 consilia
1676 343 1906 391 subj10e1·e.«

180 429 197 447 »
208 402 373 448 Veritas,
398 401 533 450 inquit
553 400 862 438 Lactantius
884 401 926 437 in
947 400 1068 449 praef.
1092 399 1217 437 divin.
1239 400 1427 444 institut„
1462 400 1485 438 i.
1509 413 1538 437 e.
1563 413 1746 438 arcanum
1769 403 1911 439 summi

179 461 260 506 Dei,
292 462 362 509 qui
383 461 476 498 fecit
497 460 637 505 omnia,
670 459 829 509 ingenio
861 472 902 496 ac
933 459 1103 507 propriis
1134 471 1213 496 non
1244 460 1374 506 potest
1406 459 1585 495 sensibus
1617 461 1910 508 comprehendi:

179 520 325 568 alioqui
345 519 445 557 nihil
466 520 571 556 inter
592 520 717 556 Deum
739 519 1014 566 hominemque
1037 518 1214 563 distaret,
1239 517 1271 554 si
1287 517 1448 554 consilia
1463 520 1501 554 et
1515 517 1788 564 dispositiones
1803 519 1910 556 illius

179 579 397 628 majestatis
420 580 599 615 aeternae
622 578 806 627 cogitatio
830 579 1100 625 assequeretur
1122 577 1330 616 humanat«
1374 576 1474 613 Hinc
1508 577 1704 624 praeclara
1735 578 1909 625 ejusdem

180 640 274 674 sunt
296 638 432 675 verba:
457 664 475 682 »
486 637 622 685 Neque
643 639 683 673 te
707 637 836 673 omnia
858 636 953 673 scire
975 637 1101 684 putes,
1126 635 1230 683 quod
1254 637 1311 672 est
1334 635 1427 679 Dei3
1449 647 1576 683 neque
1601 636 1729 672 omnia
1751 637 1908 674 nescire.

179 697 284 744 quod
305 699 366 734 est
387 696 559 745 pecudis.
603 698 673 734 Est
695 696 799 732 enim
821 695 980 743 aliquod
1002 694 1190 739 medium,
1223 694 1327 741 quod
1364 693 1415 730 sit
1439 694 1607 731 hominis
1640 694 1662 730 i.
1686 707 1716 730 e.
1750 695 1911 732 scientia

179 767 266 792 cum
287 756 533 805 ignoratione
556 755 765 803 conjuncta
786 756 823 791 et
846 756 1064 803 temperata
1087 750 1128 805 (l.
1154 759 1175 793 3
1201 765 1229 789 c.
1255 749 1338 804 6).«

298 823 340 866 4.
366 822 487 874 Quod
511 823 546 863 si
568 826 865 874 argumentum
889 833 939 862 ex
962 821 1023 862 rei
1045 825 1199 861 natura
1221 819 1449 860 deductum
1464 820 1710 872 postuletur,
1733 820 1832 861 illud
1855 822 1910 861 ita

180 892 354 934 formari
374 895 548 946 poterit:
573 893 650 934 Rei
674 893 856 944 cognitio
881 892 1036 944 pendet
1058 904 1084 932 a
1106 891 1346 942 cognitione
1362 890 1571 931 essentiae
1595 890 1804 942 ejusdem;
1828 904 1910 944 quo

180 964 304 1016 igitur
325 964 550 1016 perfectius
572 965 684 1004 hanc
707 963 1015 1016 cognoscimus,
1039 974 1089 1003 eo
1113 961 1339 1014 perfectior
1362 961 1440 1002 erit
1462 961 1523 1001 rei
1546 961 1741 1012 cognitio.
1785 961 1911 1014 Atqui

178 1033 253 1075 Dei
275 1035 503 1075 essentiam
535 1034 778 1087 imperfecte
811 1033 1042 1074 admodum
1075 1037 1116 1073 et
1147 1033 1366 1085 analogice
1398 1036 1562 1073 tantum
1596 1032 1910 1083 cognoscimus:

178 1116 277 1145 nam
302 1116 398 1145 eam
421 1106 717 1157 cognoscimus
740 1119 782 1148 a.
806 1117 894 1146 non
915 1104 1172 1153 immediate,
1199 1103 1273 1144 sed
1296 1107 1461 1144 tantum
1484 1103 1741 1149 mediate;
1774 1114 1910 1155 neque

178 1176 222 1218 b.
246 1175 460 1217 mediante
475 1176 616 1229 aliqua
631 1176 822 1228 ejusdem
836 1175 1188 1223 manifestatione,
1212 1175 1320 1215 sicut
1334 1186 1517 1226 corpora
1540 1185 1614 1226 per
1637 1185 1784 1214 eorum
1807 1186 1910 1225 qua-

178 1246 317 1287 litates
348 1250 389 1287 et
421 1247 669 1295 accidentia
702 1247 776 1288 sed
808 1259 882 1299 per
917 1246 1107 1299 ejusdem
1131 1257 1298 1298 opera
1331 1256 1406 1285 seu
1429 1244 1612 1293 effectus,
1646 1256 1803 1296 eosque
1825 1256 1912 1284 non

124 1359 126 1361 .
180 1317 398 1366 univocos,
428 1318 504 1359 sed
535 1321 875 1371 aequivocos
906 1321 1083 1365 tantum,
1116 1317 1186 1370 qui
1217 1315 1376 1356 infinite
1408 1328 1434 1356 a
1463 1315 1604 1355 divina
1636 1315 1793 1355 distant
1815 1326 1910 1366 per-

182 1387 382 1437 fectione;
417 1393 458 1429 et
491 1389 585 1441 ipsa
616 1389 724 1429 haec
760 1400 891 1440 opera
926 1401 966 1432 c.
1000 1386 1245 1440 imperfecte
1278 1385 1561 1427 admodum
1593 1390 1634 1426 et
1664 1386 1838 1425 minima
1860 1397 1909 1426 ex

179 1463 299 1511 parte
322 1460 629 1512 cognoscimus.
674 1458 717 1500 Si
740 1471 839 1510 ergo
862 1459 995 1499 Deum
1020 1470 1071 1499 ex
1094 1457 1291 1510 operibus
1315 1457 1621 1508 cognoscimus,
1657 1467 1787 1508 opera
1811 1468 1910 1496 vero

178 1529 254 1571 Dei
279 1531 348 1571 vix
380 1542 431 1571 ex
462 1535 583 1583 parte
605 1534 747 1572 mente
771 1530 1048 1582 assequimur,
1081 1534 1122 1570 et
1154 1541 1204 1569 ea
1234 1528 1310 1569 Dei
1340 1532 1538 1568 naturam
1561 1539 1648 1567 non
1671 1527 1910 1575 exhibeant,

179 1601 253 1642 sed
286 1602 533 1643 tenuissime
567 1605 732 1642 tantum
767 1601 974 1654 quasdam
1008 1600 1085 1641 Dei
1118 1598 1398 1652 perfectiones
1434 1597 1709 1646 adumbrent;
1746 1601 1905 1649 quanta

179 1676 301 1712 erunt
322 1673 365 1712 in
386 1671 488 1722 Deo,
520 1685 629 1725 quae
655 1684 734 1713 nos
757 1672 881 1724 plane
903 1672 1075 1720 lateant,
1106 1670 1262 1721 ingenii
1286 1669 1470 1722 cujusvis
1493 1669 1624 1709 creati
1647 1669 1783 1708 aciem
1805 1667 1909 1708 effu-

181 1743 307 1794 giant,
335 1748 506 1796 captum
528 1747 740 1796 superent,
771 1744 794 1786 i.
819 1755 852 1787 e.
875 1742 1106 1795 mysteria?
1149 1740 1417 1792 Quapropter
1440 1743 1562 1780 acute
1581 1739 1671 1791 jam
1693 1738 1878 1779 Aristo
1893 1763 1910 1770 -

178 1813 317 1854 teles
340 1814 522 1855 advertit
542 1814 724 1867 Metaph.
747 1815 770 1854 l.
797 1817 817 1857 1
844 1826 877 1855 C.
904 1818 946 1857 1:
987 1812 1247 1863 „Intellectus
1269 1815 1416 1852 noster
1448 1811 1509 1851 sic
1540 1822 1585 1851 se
1616 1809 1746 1850 habet
1772 1810 1826 1849 ad
1849 1822 1911 1858 ea,

178 1896 287 1937 quae
310 1886 560 1926 naturaliter
576 1890 673 1926 sunt
686 1885 909 1926 notissima
934 1884 974 1940 (i.
999 1895 1032 1926 e.
1054 1887 1229 1936 propter
1243 1893 1364 1922 suam
1382 1881 1687 1934 perfectionem
1703 1880 1912 1932 objective

180 1955 364 1996 maxime
386 1955 689 2012 intelligibilia),
712 1956 822 1996 sicut
844 1955 953 1996 oculi
978 1953 1287 2006 vespertilionis
1311 1952 1365 1993 ad
1387 1952 1554 1993 solem.“

293 2024 337 2070 ὃ.
360 2026 483 2068 Aliud
508 2031 807 2079 argumentum
830 2038 881 2067 ex
902 2017 964 2067 rei
986 2030 1140 2066 natura
1162 2025 1221 2065 ita
1243 2023 1425 2076 proponi
1439 2027 1598 2075 potest:
1621 2021 1819 2074 Mysteria
1839 2022 1911 2062 ad-

176 2097 285 2138 mitti
306 2097 473 2147 debent,
497 2098 662 2150 quoties
684 2102 782 2138 sunt
805 2097 985 2149 obJecta,
1018 2108 1200 2149 quorum
1224 2098 1456 2146 conceptus
1479 2097 1643 2133 tantum
1669 2092 1911 2144 analogicos

175 2168 335 2209 habere
350 2180 588 2220 possumus.
620 2168 748 2221 Atqui
770 2179 822 2208 ex
843 2172 998 2208 natura
1019 2167 1080 2207 rei
1101 2166 1243 2218 liquet,
1266 2164 1399 2205 multa
1421 2175 1513 2204 esse
1529 2163 1708 2216 objecta,
1731 2175 1912 2215 quorum

177 2242 343 2279 tantum
365 2239 573 2279 habemus
596 2243 826 2290 conceptus
851 2237 1107 2290 analogicos,
1152 2236 1258 2288 Ergo
1284 2235 1397 2275 circa
1430 2235 1499 2274 illa
1523 2237 1645 2274 erunt
1668 2233 1798 2273 multa
1821 2245 1911 2285 mv-

176 2309 305 2350 steria
325 2309 526 2352 involuta.

295 2395 332 2436 5·
354 2393 521 2436 TheSiS
543 2393 610 2435 II·
662 2407 997 2448 Mystertorum
1026 2404 1245 2438 revelatio
1272 2405 1336 2437 est
1357 2401 1605 2444 possibilis.

292 2476 588 2520 Declaratio.
611 2479 874 2517 Revelationis
891 2475 1079 2531 (divinae)
1102 2477 1257 2515 nomine
1272 2474 1515 2524 intelligitur
1529 2471 1792 2510 manifestatio
1808 2471 1909 2508 veri-

176 2540 305 2575 tatum
325 2551 395 2589 per
416 2539 561 2576 Deum:
586 2551 706 2587 eaque
728 2538 990 2587 distinguitur
1010 2538 1052 2574 in
1073 2535 1374 2580 naturalem,
1407 2545 1506 2581 quae
1528 2532 1572 2568 fit
1594 2530 1792 2574 creaturis,
1817 2542 1907 2577 ope-

177 2597 309 2634 ribus:
344 2597 437 2635 haec
466 2599 597 2634 tamen
627 2597 839 2647 improprie
871 2596 1018 2634 dicitur
1038 2595 1242 2638 revelatio;
1279 2596 1319 2631 et
1353 2589 1808 2640 supernaturalem
1843 2600 1911 2625 seu

177 2655 401 2704 positivam,
425 2669 502 2704 qua
524 2657 626 2694 Deus
648 2657 729 2705 ipse
752 2657 895 2694 directe
918 2655 1143 2693 hominibus
1165 2653 1350 2690 veritates
1365 2664 1433 2688 seu
1447 2662 1536 2687 suas
1551 2648 1790 2698 cognitiones
1805 2659 1908 2683 com-

180 2715 357 2752 municat
377 2715 492 2752 modo
513 2717 677 2753 naturae
699 2716 890 2753 humanae
912 2714 1100 2759 indebito,
1136 2713 1192 2749 ita-
1212 2714 1260 2749 ut
1281 2709 1515 2760 cognitionis
1538 2708 1729 2745 motivum
1750 2718 1827 2742 non
1860 2705 1909 2741 sit

179 2773 377 2811 evidentia
397 2774 586 2820 veritatis,
609 2775 675 2812 sed
696 2775 894 2822 loquentis
916 2773 1139 2811 auctoritas.
1173 2771 1277 2808 Haec
1299 2770 1444 2807 iterum
1459 2770 1519 2805 est
1532 2767 1594 2804 vel
1617 2767 1678 2802 im
1691 2779 1727 2801 m
1741 2765 1793 2801 ed
1806 2764 1818 2800 i
1831 2777 1849 2800 a
1862 2766 1877 2798 t
1890 2777 1908 2798 a

180 2833 243 2869 vel
264 2832 502 2879 mediata,
526 2833 558 2870 si
580 2833 662 2870 scil.
684 2834 789 2871 Deus
811 2833 868 2879 iis,
905 2833 1049 2880 quibus
1071 2831 1259 2869 veritates
1283 2829 1432 2877 aliquas
1454 2825 1679 2863 immediate
1711 2821 1907 2860 revelavit.

179 2893 381 2939 tamquam
402 2891 542 2941 legatis
564 2892 694 2929 utitur
716 2893 765 2929 ad
786 2904 849 2929 eas
871 2891 960 2929 aliis
975 2888 1326 2928 communicandas.
1357 2888 1475 2923 Porro
1490 2883 1674 2922 revelatio
1689 2880 1907 2918 immediata

182 2961 266 2986 esse
287 2952 417 2998 potest
438 2951 501 2988 vel
522 2951 730 2988 interna
751 2952 814 2989 vel
835 2953 1048 2988 externa
1066 2947 1110 3002 1).
1152 2948 1368 2985 Veritatem
1390 2944 1511 2982 thesis
1535 2941 1699 2979 asseruit
1723 2939 1905 2976 adversus

328 3067 350 3105 ¹)
369 3064 420 3098 De
437 3063 672 3098 revelationis
693 3065 841 3099 notione
859 3065 951 3098 bene
971 3063 1115 3097 disserit
1135 3061 1157 3095 S
1171 3073 1188 3095 c
1201 3061 1224 3094 h
1237 3071 1254 3094 e
1267 3071 1285 3095 e
1297 3060 1320 3093 b
1334 3070 1383 3093 en
1402 3057 1545 3092 Handb.
1567 3056 1589 3088 l.
1614 3058 1627 3086 1
1649 3054 1667 3097 ξ
1691 3056 1718 3091 1,
1747 3050 1810 3094 qui
1828 3052 1843 3083 t
1855 3060 1870 3081 r
1883 3050 1907 3081 i-
