2175 3382
170 157 255 197 310
566 150 681 183 'ru-act.
704 148 762 184 lll.
783 147 827 181 de
849 147 1018 181 Ecclesia.
1037 146 1162 180 'rhesis
1184 145 1272 179 LVI.
1296 145 1344 178 Dc
1364 144 1507 177 unitate

169 271 319 311 falsum
343 269 579 310 coadunari
603 268 798 308 homines
821 270 1010 320 possunt,
1046 265 1124 306 nisi
1157 264 1298 317 aliquo
1330 262 1643 314 signaculorum
1671 261 1736 302 vel
1759 273 1909 302 sacra-

170 345 409 381 mentorum
434 338 661 380 visibilium
684 338 900 421 censortio
924 336 1207 389 colligentur.“
1237 334 1334 375 Ideo
1359 348 1389 373 5.
1412 333 1659 373 Hilarius
1682 332 1723 372 in
1738 331 1803 375 Ps.
1824 335 1904 376 121

168 424 206 454 n.
222 414 248 455 5
264 410 495 452 Ecclesiam
519 409 682 450 delinit:
713 408 873 460 „Unum
890 407 1077 448 Ecclesia
1092 419 1245 458 corpus
1269 410 1343 453 est,
1368 417 1453 445 non
1476 403 1662 456 quadam
1677 414 1906 454 corporum

169 482 417 523 confusione
440 481 711 533 permixtum,
742 490 880 532 neque
903 478 1074 530 singulis
1107 479 1147 518 in
1180 476 1456 517 indiscretum
1479 486 1680 515 acervum
1714 478 1755 514 et
1779 471 1907 513 infor-

169 564 282 593 mem
304 552 522 593 cumulum
546 551 755 598 adunatis,
778 550 854 591 sed
877 561 952 601 per
974 548 1069 589 fidei
1092 548 1313 595 unitatem,
1336 558 1410 598 per
1432 545 1622 586 caritatis
1644 544 1908 591 societatem,

168 634 244 675 per
266 634 443 675 operum
467 621 780 674 voluntatisque
804 619 1091 697 concordiam,
1114 631 1188 670 per
1210 617 1467 659 sacramenti
1491 627 1621 656 unum
1645 615 1687 655 in
1710 614 1908 655 omnibus

169 694 341 742 donum,
363 706 497 735 unum
521 704 670 733 omnes
694 697 874 733 sumus.“

288 763 754 817 292.Deela1·atiop.
781 761 859 804 VI.
903 760 1092 813 Denique
1125 759 1314 800 Ecclesia
1345 770 1431 798 una
1463 768 1557 797 esse
1589 755 1716 796 debet
1749 756 1909 796 ciuitate

0 806 41 890 ‘A
170 849 266 876 cor)
296 836 369 883 ris,
392 835 556 890 unitate
579 833 736 875 sociali.
780 831 903 883 Quod
925 831 968 871 in
989 831 1136 883 primis
1159 829 1388 871 tenendum
1413 832 1477 868 est
1498 827 1705 868 adversus
1728 825 1908 878 angli-

0 850 553 958 W'swc'ajngcs‘skalffisque
568 907 866 957 protestantes,
888 901 1122 943 secundum
1146 913 1253 953 quos
1272 900 1413 977 Uffffis
1427 898 1640 939 Ecclesiae
1655 897 1910 938 universalis

171 976 382 1018 conflatur
405 987 428 1016 e
451 975 640 1028 pluribus
655 974 846 1018 ecclesiis
858 951 1416 1025 particularibusffffffamvis
1429 969 1510 1010 fide
1524 969 1591 1010 vel
1605 969 1908 1010 communione

0 1064 98 1096 ,ΛΜ
171 1047 224 1089 ab
248 1048 430 1088 invicem
453 1046 645 1087 discretis
677 1047 718 1085 et
748 1043 1142 1096 independentibus
1185 1027 1401 1082 Adversus
1423 1041 1502 1082 hos
1524 1045 1700 1093 paratus
1722 1044 1814 1081 erat
1837 1051 1909 1079 ca-

0 1098 104 1176 ξζῦ
170 1131 256 1160 non
278 1120 321 1159 in
343 1119 562 1159 schemate
585 1117 651 1158 cit.
668 1116 750 1172 (4):
781 1113 956 1168 „Siquis
970 1114 1132 1161 dixerit,
1155 1125 1303 1154 veram
1318 1111 1551 1152 Ecclesiam
1566 1123 1652 1151 non
1667 1122 1761 1152 esse
1776 1122 1907 1151 unum

0 1184 155 1226 W
170 1190 212 1230 in
247 1202 292 1230 se
327 1201 494 1241 corpus,
529 1186 604 1228 sed
638 1198 689 1227 ex
725 1186 852 1226 variis
887 1185 1128 1237 dissitisque
1161 1183 1380 1224 christiani
1415 1182 1598 1222 nominis
1632 1181 1909 1222 societatibus

0 1243 369 1304 &constare
391 1271 466 1312 per
488 1269 647 1310 easque
670 1256 865 1298 diffusam
888 1268 1001 1297 esse:
1025 1260 1099 1296 aut
1121 1256 1263 1296 varias
1278 1254 1507 1295 societates
1530 1253 1584 1294 ab
1607 1253 1790 1293 invicem
1812 1251 1908 1292 fidei

0 1330 432 1397 mrofessione
456 1328 707 1370 dissidentes
742 1333 870 1381 atque
902 1326 1205 1368 communione
1233 1325 1448 1377 sejunctas
1471 1328 1693 1376 tamquam
1714 1319 1909 1363 membra

0 1421 103 1447 ‚aa
170 1402 236 1443 vel
258 1407 400 1454 partes
421 1413 554 1442 unam
576 1404 617 1441 et
638 1398 924 1441 universalem
947 1398 1205 1438 constituere
1230 1394 1382 1437 Christi
1404 1395 1650 1443 Ecclesiam,
1672 1393 1719 1434 A.
1742 1391 1806 1434 S.⁶
1850 1392 1908 1436 Cf.

0 1464 94 1487 m
171 1473 360 1526 ejusdem
383 1471 612 1513 schematis
635 1482 726 1522 cap.
750 1472 788 1513 5.
823 1468 964 1520 Quare
986 1467 1110 1508 nobis
1133 1466 1403 1520 probandum
1426 1470 1502 1516 est,
1524 1464 1738 1507 Christum
1761 1466 1819 1506 ita
1843 1466 1907 1505 in-

169 1544 354 1585 stituisse
368 1542 614 1591 Ecclesiam,
636 1545 681 1582 ut
703 1552 790 1581 non
812 1540 866 1580 sit
887 1538 1104 1591 multiplex
1127 1538 1193 1579 vel
1216 1538 1350 1578 divisa
1372 1538 1415 1578 in
1436 1542 1592 1590 partes,
1616 1548 1797 1589 quarum
1821 1536 1907 1576 sin-

170 1615 292 1668 gulae
313 1614 532 1667 proprium
553 1613 743 1666 regimen
766 1610 1146 1663 independens
1168 1609 1367 1658 habeant,
1389 1609 1456 1649 vel
1478 1620 1588 1661 quae
1610 1611 1775 1648 tantum
1799 1619 1907 1660 quo-

170 1686 268 1727 dam
304 1685 473 1727 foedere
508 1683 809 1726 consocientur
843 1682 979 1732 simul,
1021 1682 1194 1734 propria
1236 1679 1566 1732 independentia
1607 1691 1695 1720 non
1737 1679 1907 1719 amissa.

169 1756 532 1810 quemadmodum
566 1756 708 1809 plures
739 1755 968 1796 societates
1001 1753 1183 1794 invicem
1220 1752 1554 1805 independentes
1590 1750 1761 1792 foedere
1797 1751 1908 1791 uniri

167 1832 367 1880 possunt:
401 1827 476 1868 sed
509 1832 555 1868 ut
586 1828 640 1868 sit
660 1838 747 1867 una
768 1838 856 1867 non
877 1825 1016 1866 solum
1037 1825 1200 1865 unitate
1223 1823 1328 1872 finiS,
1360 1823 1581 1864 identitate
1604 1822 1844 1863 mediorum
1866 1826 1907 1862 et

168 1898 318 1949 legum,
342 1898 416 1939 sed
449 1902 492 1939 et
512 1899 674 1939 unitate
697 1897 847 1950 capitis
879 1900 920 1937 et
951 1896 1269 1948 conspiratione
1301 1895 1490 1935 omnium
1514 1893 1806 1935 membrorum
1830 1892 1909 1934 sub

168 1970 401 2011 directione
426 1971 551 2010 unius
574 1968 849 2022 ejusdemque
871 1968 1096 2020 regiminis.

288 2042 384 2085 293.
407 2040 769 2084 Demonstratio
792 2053 839 2095 1).
865 2039 947 2082 VI.
992 2037 1209 2091 Colligitur
1231 2037 1389 2078 veritas
1411 2036 1563 2077 asserti
1584 2036 1718 2077 nostri

290 2111 673 2164 Lexmetaphoris
696 2111 870 2163 regni,
893 2110 1169 2158 civitatis,
1191 2109 1401 2161 domus,
1427 2107 1613 2155 ovilis,
1637 2106 1912 2158 corporis,

168 2182 319 2235 quibus
341 2181 532 2223 Ecclesia
554 2182 713 2234 passim
737 2180 1034 2222 adumbratur:
1069 2191 1208 2232 neque
1241 2178 1353 2220 enim
1380 2189 1512 2229 regna
1534 2178 1601 2217 vel
1623 2177 1815 2217 civitates
1838 2188 1910 2216 so-

167 2254 253 2294 lum
276 2252 608 2294 confoederatae
632 2253 714 2293 dici
735 2256 915 2305 possunt
935 2263 1125 2304 regnum,
1149 2251 1321 2300 civitas,-

285 2325 328 2367 2.
353 2336 404 2365 ex
427 2324 550 2365 dictis
573 2324 625 2365 de
648 2323 882 2364 ministerio
899 2323 1202 2371 ecclesiastico,
1225 2321 1339 2374 quod
1361 2321 1404 2361 in
1426 2320 1573 2373 primis
1591 2320 1827 2360 institutum
1846 2321 1911 2358 est

166 2395 220 2436 ad
243 2394 557 2436 aedificandam
580 2394 814 2436 Ecclesiam
837 2405 1018 2446 eamque
1049 2393 1092 2433 in
1122 2393 1284 2433 unitate
1307 2390 1650 2433 conservandam
1673 2388 1909 2430 secundum

166 2465 236 2506 illa
258 2465 376 2506 Pauli
398 2465 500 2518 Eph.
523 2469 562 2514 4,
588 2468 661 2508 11:
694 2465 749 2506 Et
778 2466 865 2519 ipse
897 2465 1010 2505 dedit
1039 2464 1239 2519 quosdam
1265 2463 1425 2518 quidem
1460 2460 1678 2515 apostolos,
1711 2460 1906 2515 quosdam

168 2541 304 2577 (tutem
329 2537 565 2592 prophetaS,
598 2537 699 2578 alios
720 2550 812 2577 vero
835 2536 1119 2590 evanqelistas,
1153 2534 1257 2577 alios
1280 2538 1413 2575 autem
1430 2537 1622 2588 pastores
1644 2536 1679 2573 et
1701 2532 1882 2572 doctores
1893 2546 1906 2570 .-

168 2607 222 2648 ad
245 2609 639 2648 consummationem
661 2611 913 2658 sanctorum,
947 2608 989 2646 ιή
1011 2619 1114 2660 opus
1135 2606 1370 2658 ministerii,
1396 2606 1441 2644 in
1463 2603 1790 2656 aedificationem
1817 2614 1907 2641 cor-

162 2679 282 2732 poris
311 2678 466 2719 Christe?
483 2693 494 2727 ,·
516 2678 639 2718 donee
660 2690 902 2718 occuramus
924 2690 1059 2718 omnes
1082 2678 1124 2718 in
1148 2678 1350 2718 unitatem
1368 2676 1468 2729 fidei
1491 2678 1569 2716 etc.

288 2750 328 2792 3.
351 2749 544 2801 sequitur
565 2749 719 2789 invicte
751 2760 803 2789 ex
835 2748 1024 2789 dicendis
1056 2748 1108 2789 de
1139 2748 1397 2800 primatu,
1431 2745 1583 2799 quibus
1616 2743 1908 2796 probabimus,

168 2819 382 2861 Christum
405 2819 623 2860 Ecclesiae
645 2820 872 2860 universae
893 2831 1026 2860 unum
1048 2830 1294 2871 supremum
1315 2816 1571 2870 praefecisse
1594 2819 1826 2868 pastorem.

288 2891 332 2933 4.
357 2889 562 2941 colligitur
585 2901 635 2930 ex
660 2889 854 2930 oratione
877 2887 1030 2930 Christi
1052 2888 1115 2931 JO.
1143 2892 1208 2939 17,
1231 2890 1288 2932 20
1310 2901 1376 2937 ss,
1408 2899 1491 2940 qua
1512 2890 1635 2939 rogat
1656 2885 1840 2934 Patrem,
1863 2890 1906 2925 ur

173 2976 325 3016 omnes,
356 2962 428 3014 qui
454 2961 652 3002 credituri
674 2964 773 3001 sunt
793 2972 868 3012 per
889 2960 1066 3001 verbum
1090 2960 1381 3013 apostolorum
1404 2959 1448 2999 in
1477 2959 1628 3010 ipsum,
1659 2970 1789 2998 unum
1811 2957 1907 3009 sint,

168 3037 289 3073 tanta
309 3032 483 3081 unitate,
514 3043 623 3085 quae
646 3032 699 3072 sit
721 3031 1010 3072 credibilitatis
1033 3031 1251 3080 motivum,
1282 3034 1326 3070 ut
1358 3029 1500 3070 credat
1521 3028 1717 3081 manaim,
1739 3029 1840 3082 quia
1862 3031 1905 3067 tu

170 3118 231 3143 me
255 3103 411 3146 misisti.

2157 0 2170 55 ⁸⁴—st
