2175 3382
169 118 253 155 3340
529 109 646 143 'l'rn.ct.
669 109 728 142 ΙΙΙ.
748 108 792 140 dc·
812 108 982 141 Eut-lesia.
1001 107 1129 141 'rhesis
1150 106 1272 141 LXIV.
1296 107 1547 140 protestantes

166 233 304 274 1:211).
348 228 481 269 Porro
513 227 665 279 duplex
697 227 963 278 distinguitur
986 226 1144 273 missio,
1184 226 1473 266 ordinaria
1505 225 1589 266 alia
1622 231 1663 266 et
1695 226 1778 266 alia
1813 239 1904 267 ex-

164 299 559 340 traordinaria.
602 294 828 338 Ordinaria
860 297 925 337 ille
960 297 1120 343 l'ruitur,
1154 297 1223 349 qui
1257 296 1311 337 ab
1335 296 1548 337 Ecclesiae
1576 296 1818 348 pastoribus
1849 296 1903 338 ad

161 383 268 423 opus
283 369 576 422 apostolicum.
599 374 645 411 ut
658 370 869 422 legatione
887 381 961 421 pro
978 368 1065 409 Deo
1084 368 1291 419 fungatur,
1309 369 1348 409 vi
1364 368 1659 416 ordinationis,
1675 367 1906 421 electionis,

161 441 349 482 mandati
373 440 626 481 destinatur.
669 439 794 493 Atqui
819 440 899 480 hac
921 443 1069 480 carent
1091 439 1292 480 haeretici
1317 450 1550 491 omnesque
1576 438 1645 487 illi,
1669 439 1736 492 qui
1761 450 1807 480 se
1828 437 1908 479 Ec-

161 511 315 552 clesiae
330 511 631 552 reformatores
647 522 866 563 novosque
880 509 1101 562 apostolos
1111 510 1292 562 jactant,
1316 522 1413 551 cum
1428 509 1615 550 Ecclesia
1639 509 1732 550 illos
1749 521 1904 550 novam

161 582 372 635 aliamque
396 587 681 635 proponentes
705 582 940 622 doctrinam
969 580 1180 633 reprobet.
1212 581 1396 625 damnet,
1430 580 1621 621 docendi
1656 591 1833 621 munere
1865 585 1906 620 et

156 653 251 706 jure
275 653 418 705 privet.
461 651 544 694 Sed
567 653 637 693 ubi
661 653 779 693 deest
802 652 946 692 missio
970 651 1199 701 ordinaria,
1223 652 1586 693 extraordina
1608 651 1690 691 ria
1711 662 1806 692 esse
1830 662 1907 704 po-

163 728 266 765 test:
290 735 399 777 quae
422 729 565 765 tamen
589 723 1061 764 extraordinariis
1084 735 1252 775 quoque
1267 723 1396 776 signis
1412 722 1763 775 argumentisque
1786 734 1905 763 com-

161 794 333 848 probari
356 794 492 843 debet,
515 807 566 836 ne
591 793 1096 847 fingendisimulandique
1114 793 1276 834 libidini
1299 794 1384 835 lata
1407 794 1627 846 aperiatur
1654 794 1741 833 via:
1766 804 1903 846 neque

162 868 274 908 enim
305 866 459 908 sufficit
492 866 545 907 ad
580 864 820 918 Scripturas
855 876 1091 917 provocare
1128 870 1169 906 et
1204 864 1405 918 quidquid
1440 863 1679 905 affirmatur
1716 864 1906 905 centenis

162 939 269 980 tueri
291 936 534 990 Scripturae
557 936 704 987 effatis,
736 948 833 977 cum
855 936 895 976 id
918 936 971 977 sit
992 948 1220 977 commune
1243 935 1440 976 omnibus
1463 935 1698 975 haereticis
1721 947 1747 976 a
1769 934 1904 987 primo

163 1021 296 1062 usque
319 1008 372 1049 ad
396 1008 673 1049 novissimum
692 1008 735 1063 1).
778 1005 976 1048 Ceterum
1007 1011 1053 1048 ut
1079 1007 1270 1054 vidimus,
1298 1006 1367 1058 jus
1390 1003 1638 1058 Scripturas
1661 1005 1904 1046 authentice

162 1079 471 1132 interpretandi
486 1078 698 1120 Ecclesiae
714 1078 916 1130 competit
931 1078 987 1134 (n.
1006 1079 1118 1133 126).
1141 1077 1296 1131 Nequit
1309 1088 1408 1130 ergo
1433 1088 1571 1117 novus
1594 1076 1661 1117 ille
1685 1075 1906 1128 apostolus

162 1151 245 1192 hoc
268 1151 337 1203 jus
360 1155 511 1191 contra
531 1149 766 1190 Ecclesiam
789 1149 868 1190 sibi
891 1149 1117 1198 vindicare,
1141 1150 1388 1202 priusquam
1411 1161 1537 1190 suam
1562 1147 1810 1188 missionem
1832 1157 1908 1187 ex-

162 1221 511 1268 traordinariam,
532 1221 583 1262 de
607 1233 691 1273 qua
713 1221 942 1274 quaeritur,
964 1220 1205 1261 authentice
1228 1220 1586 1276 comprobaverit.
1613 1217 1756 1270 Quare
1779 1221 1908 1258 notae

163 1292 376 1345 quaedam
398 1305 571 1345 prorsus
592 1291 827 1344 singulares
849 1295 891 1332 et
912 1291 1090 1339 divinae.
1123 1295 1169 1332 ut
1190 1296 1288 1332 sunt
1312 1291 1516 1331 miracula
1546 1290 1716 1342 aliaque
1739 1287 1907 1329 charis-

164 1367 281 1403 mata
295 1362 931 1416 supernaturalia,requiruntur
946 1363 991 1418 2).
1015 1361 1119 1402 Hinc
1134 1362 1316 1403 inculcat
1341 1360 1439 1402 Vin
1453 1373 1508 1402 ce
1530 1361 1679 1402 ntius
1701 1360 1761 1403 lir.
1777 1371 1811 1402 c.
1832 1362 1906 1402 17:

171 1433 347 1486 „Magna
367 1445 436 1474 res
458 1432 647 1486 profecto
670 1438 733 1474 est
756 1437 797 1474 et
819 1433 874 1474 ad
893 1432 1118 1474 dicendum
1142 1437 1184 1474 et
1207 1432 1260 1473 ad
1283 1432 1557 1473 recolendum
1574 1430 1821 1472 necessaria
1843 1463 1851 1470 .
1870 1462 1878 1469 .
1899 1462 1906 1469 .

163 1508 210 1545 ut
231 1516 380 1545 omnes
402 1516 501 1546 vere
524 1504 721 1546 catholici
757 1505 953 1545 noverint
979 1540 986 1548 .
1011 1540 1018 1548 .
1042 1537 1051 1545 .
1083 1516 1129 1545 se
1161 1516 1258 1545 cum
1283 1503 1470 1545 Ecclesia
1493 1503 1691 1544 doctores
1718 1503 1910 1554 recipere

164 1587 251 1617 non
273 1588 370 1617 cum
392 1575 637 1617 doctoribus
659 1574 873 1616 Ecclesiae
897 1574 1021 1616 fidem
1047 1575 1245 1617 deserere
1269 1575 1460 1616 debere.“

310 1741 337 1787 ¹)
355 1740 411 1775 Hi
424 1743 433 1775 l
447 1744 552 1776 ariu
565 1754 580 1776 s
599 1741 647 1776 ad
665 1741 857 1776 Constant.
875 1743 899 1777 l.
919 1746 939 1776 2
957 1755 993 1777 n.
1013 1745 1052 1777 9:
1083 1743 1302 1784 ,MementQ
1322 1743 1507 1777 neminem
1525 1741 1799 1776 haereticorum
1817 1750 1907 1780 esse.

167 1796 230 1840 qui
249 1806 285 1829 se
303 1807 378 1830 non
396 1796 596 1830 secundum
615 1796 824 1840 Scripturas
840 1796 1055 1840 praedicare
1074 1807 1126 1837 ea,
1146 1796 1282 1840 quibus
1301 1796 1546 1841 blasphemat,
1565 1795 1781 1829 mentiatur.
1816 1792 1912 1827 Hinc

167 1849 264 1882 enim
294 1848 487 1892 Marcellus
514 1849 676 1882 Verbum
707 1849 772 1882 Dei
800 1860 881 1882 cum
919 1848 1026 1894 legit,
1054 1860 1129 1883 non
1156 1847 1349 1892 intelligit.
1393 1847 1489 1882 Hinc
1516 1848 1696 1882 Photinus
1722 1846 1910 1881 hominem

166 1903 200 1937 J.
216 1902 412 1942 Christum,
433 1913 515 1935 cum
533 1901 708 1946 loquitur.
728 1913 800 1936 non
818 1902 1013 1947 intelligit.
1042 1901 1137 1936 Hinc
1155 1904 1194 1936 et
1211 1901 1409 1942 Sabelhus,
1437 1900 1526 1935 dum
1545 1900 1644 1945 quod
1664 1901 1739 1944 qu
1757 1905 1788 1934 et
1807 1901 1912 1934 Pater

166 1966 277 1988 unum
294 1966 418 1988 sumus
435 1955 541 1989 Joan.
563 1958 617 1996 10,
636 1957 681 1988 30
700 1965 773 1988 non
791 1955 982 1997 intelligit,
1002 1955 1082 1989 sine
1104 1954 1179 1989 Deo
1200 1955 1308 1990 Patre
1327 1956 1364 1988 et
1382 1954 1459 1988 sine
1476 1954 1548 1988 Deo
1567 1953 1662 1988 Filio
1677 1956 1742 1987 est.
1763 1953 1858 1987 Hinc
1875 1952 1912 1986 et

167 2007 366 2042 Montanus
384 2018 449 2052 pei·
466 2008 616 2042 insanas
634 2008 790 2042 feminas
809 2019 893 2042 suas
911 2008 1141 2043 Paracletum
1160 2007 1275 2042 alium
1296 2007 1475 2042 defendit.
1506 2007 1603 2041 Hinc
1622 2007 1659 2041 et
1676 2007 1911 2041 Manichacus

168 2063 206 2095 et
222 2061 388 2095 Marcion
406 2062 526 2105 legem
544 2061 634 2102 odit,
654 2061 740 2105 quia
756 2063 860 2095 litera
879 2063 1003 2096 occidit
1021 2066 1053 2096 ’2.
1073 2061 1153 2097 Cor.
1172 2065 1205 2103 3,
1224 2063 1245 2096 6
1263 2063 1300 2095 et
1317 2061 1446 2095 mundi
1460 2061 1632 2106 princeps
1655 2059 1827 2094 diabolus
1845 2060 1911 2094 est.

169 2115 304 2149 Omnes
322 2114 530 2158 Scripturas
549 2114 628 2148 sine
646 2114 858 2158 Scripturae
878 2124 989 2148 sensu
1008 2115 1223 2158 loquuntur,
1252 2116 1289 2149 et
1316 2114 1426 2148 fidem
1454 2115 1534 2148 sine
1560 2114 1631 2148 fide
1649 2114 1910 2159 praetendunt.

168 2167 376 2212 Scripturae
394 2168 492 2201 enim
511 2178 584 2201 non
602 2168 638 2201 in
654 2167 813 2212 legendo
833 2168 930 2209 sunt,
946 2168 1009 2201 sed
1025 2168 1064 2201 in
1078 2168 1356 2212 intelligendo.‘
1395 2166 1453 2201 Ad
1479 2178 1556 2202 rem
1584 2167 1630 2201 cf.
1649 2165 1911 2201 Tertullia-

167 2232 254 2255 nus
273 2221 316 2255 de
333 2231 493 2265 praescr.
513 2231 562 2255 cc.
586 2225 627 2255 14
645 2232 690 2256 ss.
710 2226 757 2262 (n.
779 2221 876 2266 117⁸)
891 2222 946 2256 37.
961 2224 1008 2255 44
1021 2223 1059 2255 et
1080 2221 1166 2255 Vin
1179 2232 1197 2255 c
1209 2221 1347 2255 entiu
1359 2233 1375 2255 s
1393 2221 1492 2256 lirin.
1515 2222 1555 2255 in
1577 2221 1708 2266 primis
1731 2221 1911 2266 legendus

168 2275 377 2309 commonit.
398 2285 448 2308 cc.
469 2276 523 2308 10.
543 2277 586 2309 25
606 2286 664 2314 ss..
681 2274 815 2318 quibus
834 2274 1043 2308 ostendunt
1062 2274 1265 2309 haereticos
1288 2275 1335 2308 ad
1359 2274 1631 2319 disputationes
1655 2284 1698 2308 ex
1712 2273 1913 2318 Scripturis

167 2337 243 2361 non
261 2337 338 2361 esse
356 2327 616 2361 admittendos.
652 2326 704 2362 Of.
724 2326 939 2360 Becanus
960 2326 1131 2361 Manuale
1150 2329 1320 2362 controv.
1341 2328 1364 2361 l.
1388 2331 1403 2361 1
1424 2338 1454 2362 c.
1475 2330 1530 2362 12.

315 2383 339 2421 2)
358 2383 449 2415 Cum
467 2381 616 2415 aliunde
635 2382 776 2415 certum
795 2381 855 2423 sit,
872 2380 1075 2415 Ecclesiam
1093 2391 1168 2415 non
1187 2381 1354 2423 deficere,
1381 2382 1538 2425 ideoque
1564 2390 1631 2414 nec
1657 2390 1777 2414 errare
1794 2390 1912 2425 posse.

167 2444 287 2478 neque
305 2435 403 2468 enim
421 2446 583 2478 unquam
602 2433 769 2468 Christus
787 2435 848 2469 vel
866 2434 1027 2479 Spiritus
1051 2446 1078 2468 s.
1097 2445 1178 2469 eam
1196 2434 1358 2470 deseret:
1386 2436 1471 2469 hinc
1489 2446 1605 2469 novus
1628 2433 1828 2479 apostolus,
1847 2434 1910 2478 qui

169 2485 279 2520 aliam
298 2487 345 2521 ab
363 2486 609 2521 ecclesiastica
636 2487 839 2521 doctrinam
868 2488 1083 2529 annunciat,
1111 2498 1255 2532 semper
1281 2489 1508 2534 respuendus
1537 2489 1647 2531 atque
1674 2486 1911 2522 anathemate

167 2540 420 2584 percellendus
440 2543 495 2573 est
513 2539 712 2573 secundum
731 2541 842 2574 verba
861 2540 963 2574 Pauli
983 2552 1093 2586 supra
1111 2539 1240 2582 allata,
1259 2543 1296 2575 et
1313 2541 1410 2575 inter
1427 2540 1512 2576 illos
1535 2540 1796 2579 numerandus,
1819 2549 1910 2583 quos

167 2594 343 2627 venturos
362 2592 543 2637 praedixit
557 2592 722 2627 Christus
736 2608 743 2627 :
761 2594 911 2638 Suryent
928 2595 1040 2638 pseud
1050 2596 1186 2629 ,christi
1198 2600 1228 2629 et
1240 2596 1590 2639 pseudoprophetae.-
1607 2599 1638 2628 et
1657 2595 1793 2628 dabunt
1809 2595 1910 2637 siqua

168 2657 299 2689 mayna
315 2651 346 2679 et
359 2647 535 2690 prodiqia.
553 2647 603 2680 ita
620 2651 659 2680 ut
676 2648 712 2680 in
729 2658 887 2681 errorem
907 2649 1125 2682 inducantur
1144 2651 1194 2690 (si
1207 2650 1289 2690 fieri
1299 2651 1426 2692 potest)
1442 2649 1548 2682 eciam
1566 2649 1671 2682 electi.
1702 2648 1791 2681 Ecce
1801 2657 1910 2691 prae-

168 2699 249 2732 dixi
260 2699 351 2733 vobis
365 2699 512 2740 (Mattb.
527 2702 582 2738 24,
598 2702 666 2739 24).
686 2699 765 2741 Qua
778 2699 822 2733 de
836 2710 874 2734 re
889 2701 979 2735 bene
993 2700 1144 2736 disserit
1161 2713 1188 2735 s.
1207 2702 1240 2735 A
1251 2714 1269 2736 r
1281 2713 1300 2736 c
1312 2702 1334 2734 h
1348 2713 1366 2735 e
1378 2702 1426 2735 la
1436 2713 1461 2735 u
1472 2713 1487 2735 s
1505 2701 1544 2735 in
1558 2699 1812 2746 disputatione
1826 2710 1909 2734 cum

169 2751 316 2785 Manete
334 2764 384 2785 nn
415 2754 471 2787 26.
491 2753 546 2787 27.
564 2754 620 2787 35.
639 2754 684 2786 36
702 2753 851 2798 (patrol.
869 2766 924 2798 gr.
943 2754 977 2787 M
990 2754 1049 2799 ig.
1069 2756 1095 2789 t.
1120 2758 1184 2797 10),
1202 2755 1266 2789 ubi
1284 2756 1383 2789 inter
1399 2754 1474 2789 alia
1492 2754 1601 2788 dicit:
1640 2753 1752 2793 ,Cum
1771 2753 1910 2787 nullius

168 2815 316 2850 prorsus
334 2804 493 2850 accipiat
510 2804 663 2848 (Manes)
679 2806 947 2847 testimonium,
975 2807 1203 2851 paracletum
1230 2819 1267 2842 se
1295 2818 1371 2842 esse
1398 2808 1481 2842 vult
1508 2807 1620 2847 credi,
1647 2817 1729 2841 cum
1747 2808 1860 2841 etiam
1879 2807 1909 2840 si

171 2858 278 2903 signa
295 2859 332 2892 et
349 2859 521 2903 prodigia
538 2858 675 2892 faceres
693 2858 825 2892 falsum
842 2859 1028 2894 Christum
1047 2864 1084 2895 et
1101 2860 1235 2895 falsum
1255 2862 1475 2906 prophetam
1489 2862 1526 2895 te
1543 2859 1708 2905 reputari
1725 2860 1909 2905 oporteret

172 2909 372 2944 secundum
393 2910 632 2955 Scripturas.‘
654 2912 777 2945 Aurea
794 2922 879 2945 vero
899 2915 985 2946 sunt
1003 2914 1114 2947 verba
1132 2913 1334 2948 Paciani
1361 2913 1488 2947 contra
1510 2913 1542 2947 N
1547 2913 1772 2954 ovatianum,
1795 2923 1909 2947 unum

170 2973 214 2997 ex
232 2964 528 3008 protestantibus
547 2964 585 2997 et
601 2963 904 2998 reformatoribus
928 2976 997 2999 sec.
1021 2966 1096 3008 111„
1123 2967 1186 3011 qui
1204 2967 1385 3001 Ecclesiae
1403 2966 1607 3001 doctrinam
1626 2967 1847 3011 praximque
1865 2966 1908 3000 de

169 3016 391 3060 recipiendis
409 3016 522 3062 lapsis
539 3019 670 3061 utpote
687 3018 770 3062 puri
794 3018 985 3062 Evangelii
1013 3020 1144 3054 vindex
1163 3022 1307 3054 mutare
1324 3031 1433 3054 ausus
1451 3020 1592 3057 fuerat:
1620 3030 1715 3064 quae
1732 3021 1847 3055 verba
1864 3021 1909 3054 de

170 3070 341 3104 omnibus
359 3070 555 3105 haereticis
574 3076 611 3104 et
625 3070 708 3115 jure
727 3071 869 3115 optimo
898 3071 943 3105 de
969 3071 1274 3107 reformatoribus
1292 3083 1360 3110 sec.
1380 3073 1475 3108 XVI.
1493 3076 1658 3118 repetere
1676 3072 1775 3108 licet.
1813 3073 1907 3113 ,No-
