2175 3382
245 163 330 202 453
609 155 726 190 Tract.
748 155 806 189 111.
826 155 871 189 de
891 157 1066 200 primatu.
1089 156 1137 190 De
1156 156 1312 190 concilio
1332 156 1606 192 constantiensi.

245 276 530 317 oecumenicis
554 287 647 316 esse
672 274 920 324 obnoxium,
945 275 1057 328 quod
1081 287 1103 316 e
1127 275 1335 316 diametro
1359 275 1610 316 adversatur
1632 275 1840 327 pontificis
1862 276 1983 317 infal-

244 346 435 388 libilitati.
478 346 636 387 Verum
660 346 712 387 de
735 346 916 387 concilio
942 347 1247 387 constantiensi
1271 346 1377 387 haec
1401 350 1645 387 teneantur:

363 432 402 462 a.
426 417 599 459 decreta
621 430 723 461 sess.
747 417 809 460 IV.
835 423 877 459 et
899 418 944 462 V.
977 418 1183 470 prodiisse
1211 418 1441 459 schismate
1465 418 1604 458 adhuc
1627 418 1792 470 vigente
1825 422 1867 459 et
1897 431 1983 459 non

244 489 451 540 prodiisse
483 489 897 537 conciliariter,
932 489 1006 530 sed
1042 493 1212 541 praeter
1243 500 1407 529 morem
1441 494 1482 529 et
1513 489 1880 538 consuetudinem,
1914 501 1982 530 se-

244 559 370 601 clusis
393 560 669 601 cardinalium
704 560 912 612 suffragiis
945 560 1226 612 admissisque
1262 560 1315 600 ad
1350 560 1550 611 sutfragia
1585 562 1712 600 etiam
1747 559 1910 601 clericis
1941 564 1985 601 et

244 631 373 676 laicis,
396 637 523 684 atque
546 631 754 682 suffragiis
778 631 1012 680 secundum
1037 631 1231 671 nationes
1254 631 1359 671 latis.

363 703 409 745 b.
434 701 579 755 Neque
614 713 666 742 ea
701 701 871 742 decreta
908 714 1097 754 unquam
1129 701 1324 742 videntur
1359 701 1486 742 fuisse
1521 700 1761 753 approbata
1792 712 1818 741 a
1844 699 1984 742 Mar-

243 775 359 814 tino
384 773 442 818 V..
475 774 526 814 de
558 774 639 814 hac
674 774 786 814 enini
819 772 1130 825 approbatione
1163 773 1294 813 altum
1327 773 1438 825 viget
1460 771 1684 816 silentium.
1727 771 1817 813 Hoc
1842 772 1986 825 plures

244 844 428 896 theologi
460 844 643 897 probare
675 844 866 884 nituntur
898 845 1027 884 etiam
1059 855 1111 884 ex
1142 841 1353 895 pontificis
1385 842 1537 892 verbis,
1569 842 1722 895 quibus
1753 842 1986 884 declaravit

244 927 289 956 se
327 916 495 966 „omnia
528 920 568 955 et
599 915 763 966 singula
793 914 1089 961 determinata,
1121 913 1324 954 conclusa
1355 919 1398 954 et
1424 914 1596 954 decreta
1618 914 1660 953 in
1684 914 1863 954 materia
1886 912 1982 954 fidei

245 985 346 1040 (scil.
371 992 520 1027 contra
534 985 710 1033 Wicleff,
733 985 820 1026 Hus
844 990 885 1026 et
898 984 1205 1038 Hieronymum
1229 984 1280 1024 de
1295 984 1443 1036 Praga,
1467 996 1647 1037 quorum
1665 984 1794 1025 etiam
1816 985 1859 1025 in
1881 996 1986 1026 con-

244 1056 493 1097 firmationis
516 1057 687 1097 decreto
722 1056 930 1112 meminit)
961 1067 1037 1108 per
1068 1067 1272 1108 praesens
1304 1055 1529 1096 concilium
1562 1055 1759 1106 generale
1781 1060 1985 1097 constan-

243 1128 377 1168 tiense
409 1127 690 1168 conciliariter
720 1132 866 1168 tenere
1001 1129 1178 1179 ipsaque
1219 1127 1279 1167 sic
1320 1126 1713 1167 conciliariter
1754 1126 1867 1167 facta
1909 1138 1986 1179 ap-

244 1198 427 1250 probare
463 1204 504 1239 et
537 1198 748 1239 ratificare
784 1203 825 1239 et
858 1211 946 1239 non
981 1197 1113 1245 aliter,
1149 1209 1227 1238 nec
1263 1197 1345 1238 alio
1381 1197 1596 1253 m0d01).“
1646 1196 1805 1238 Verum
1838 1197 1984 1238 Funk

244 1269 559 1321 kirchengesch.
583 1269 790 1310 Abhandl.
816 1269 831 1309 Ι
854 1269 950 1313 diss,
974 1273 1029 1313 23
1053 1282 1091 1321 p.
1105 1271 1310 1313 489—98
1327 1267 1523 1317 ostendit,
1545 1279 1597 1309 ea
1618 1267 1751 1309 verba
1772 1268 1985 1309 immerito

244 1341 356 1381 hunc
388 1342 429 1381 in
461 1340 587 1381 finem
612 1340 776 1382 adduci.
820 1339 965 1393 Neque
998 1340 1257 1392 posteriores
1280 1339 1499 1391 pontifices
1523 1351 1574 1380 ea
1597 1338 1890 1392 approbarunt
1910 1339 1986 1380 de-

244 1417 370 1453 creta.
415 1411 500 1452 Etsi
522 1411 728 1452 Martinus
753 1410 799 1452 V.
823 1423 875 1452 ea
897 1410 1181 1463 approbasset

363 1496 403 1527 c.
428 1487 595 1523 tantum
623 1488 882 1536 sequeretur,
915 1483 1139 1523 concilium
1165 1493 1258 1523 esse
1281 1494 1409 1534 supra
1433 1482 1674 1534 pontificem
1698 1481 1918 1522 dubium
1938 1482 1982 1522 in

245 1566 347 1595 casu
369 1555 623 1603 schismatis,
647 1559 857 1607 quatenus
879 1554 964 1595 scil.
983 1554 1176 1607 judicare
1200 1559 1356 1605 posset,
1384 1558 1525 1594 utrum
1548 1552 1748 1606 pontifex,
1779 1551 1831 1592 de
1863 1551 1986 1604 cujus

242 1625 428 1678 legitima
443 1626 649 1667 electione
665 1627 1009 1675 controvertitur,
1029 1626 1240 1677 legitimus
1263 1626 1316 1666 sit
1338 1637 1494 1666 necne:
1518 1636 1606 1665 non
1621 1636 1723 1666 vero
1739 1630 1859 1666 extra
1872 1625 1986 1666 hunc

245 1709 403 1745 casum,
426 1709 522 1738 cum
544 1695 732 1749 pontifex
759 1701 823 1738 est
854 1697 1064 1749 legitimus
1095 1701 1136 1738 et
1168 1701 1322 1738 certus.
1364 1696 1471 1736 Hinc
1494 1707 1612 1739 conc.
1644 1696 1705 1736 ita
1736 1696 1778 1735 in
1811 1695 1986 1736 edendis

243 1767 322 1808 illis
345 1768 526 1809 decretis
549 1768 786 1809 exorditur:
826 1767 964 1818 „Haec
997 1782 1027 1808 s.
1055 1768 1244 1821 synodus
1267 1767 1598 1808 constantiensis
1620 1766 1817 1818 generale
1839 1767 1984 1808 conci-

243 1839 344 1879 lium
367 1838 526 1879 faciens
557 1852 634 1891 pro
666 1839 971 1891 exstirpatione
1003 1840 1241 1891 praesentis
1275 1838 1595 1879 schismatis
1630 1843 1671 1878 et
1704 1839 1909 1878 unione
1943 1842 1985 1878 et

242 1908 545 1951 reformatione
567 1909 818 1951 Ecclesiae.“
870 1910 958 1950 Imo

362 1982 408 2025 d.
432 1986 539 2022 teste
562 1982 628 2023 vel
649 1983 741 2035 ipso
767 1980 800 2022 G
815 1993 938 2023 erso
954 1993 1016 2022 ne
1047 1981 1090 2022 in
1117 1981 1211 2023 dial.
1235 1981 1399 2033 apolog.
1423 1992 1500 2033 pro
1524 1980 1746 2024 condemn.
1780 1992 1898 2032 prop.
1921 1978 1984 2020 Jo.

243 2051 367 2092 Parvi
390 2052 473 2107 (op.
497 2052 522 2099 I,
547 2056 585 2101 2,
608 2056 694 2097 390
720 2054 768 2106 S.)
789 2051 879 2104 jam
902 2051 1108 2093 Martinus
1131 2051 1179 2092 V.
1211 2052 1272 2092 ita
1303 2063 1349 2093 se
1372 2052 1512 2103 gessit,
1543 2055 1589 2092 ut
1614 2050 1725 2092 facto
1749 2051 1988 2092 destrueret

242 2123 396 2164 horum
410 2124 679 2164 decretorum
702 2123 834 2164 robur
848 2123 1185 2164 'fundamentale
1221 2121 1377 2163 Statuit
1398 2123 1510 2163 enim
1533 2123 1577 2162 in
1599 2123 1766 2163 constit.
1784 2126 1849 2166 10.
1863 2121 1986 2165 Mart.

246 2197 377 2238 1418:
414 2193 550 2242 „Nulli
582 2194 644 2234 fas
676 2199 740 2235 est
771 2206 797 2235 a
830 2206 1031 2246 supremo
1050 2194 1193 2247 judice
1215 2194 1411 2235 videlicet
1435 2193 1672 2246 apostolica
1693 2193 1793 2234 sede
1815 2204 1892 2233 seu
1913 2204 1984 2233 ro-

244 2277 371 2305 mano
396 2265 591 2317 pontifice
614 2265 647 2307 J.
671 2264 826 2307 Christi
848 2266 1009 2307 vicario
1042 2266 1257 2318 appellare
1290 2270 1364 2306 aut
1396 2265 1504 2306 illius
1532 2265 1738 2318 judicium
1768 2265 1812 2304 in
1843 2263 1986 2304 causis

243 2334 349 2384 fidei,
373 2348 481 2388 quae
496 2341 716 2389 tamquam
740 2336 927 2389 majores
950 2337 1005 2377 ad
1027 2337 1167 2389 ipsum
1189 2341 1232 2377 et
1253 2336 1399 2387 sedem
1422 2337 1704 2389 apostolicam
1726 2334 1982 2377 deferendae

244 2411 352 2454 sunt,
377 2406 624 2448 declinare.“
674 2406 886 2458 Quocirca
920 2420 1140 2460 nunquam
1174 2408 1379 2449 haeretici
1413 2407 1546 2448 habiti
1582 2411 1692 2457 sunt,
1727 2407 1799 2459 qui
1833 2418 1982 2447 eorum

245 2478 543 2518 auctoritatem
565 2484 792 2529 negarent;
827 2484 869 2519 et
902 2479 945 2519 in
979 2479 1071 2531 ipso
1104 2479 1283 2520 concilio
1317 2479 1486 2531 plurimi
1508 2478 1636 2528 fuere,
1671 2479 1742 2531 qui
1772 2476 1985 2530 pontificis

243 2547 581 2589 infallibilitatem
615 2549 865 2599 docuerunt,
899 2556 940 2590 et
970 2556 1067 2603 post
1098 2550 1198 2591 illud
1229 2551 1337 2591 haec
1368 2550 1606 2602 praevaluit
1641 2549 1845 2597 doctrina,
1876 2549 1987 2589 sicut

238 2619 330 2671 Jam
352 2624 479 2659 antea
501 2620 610 2660 inter
632 2620 855 2672 theologos
877 2620 1015 2662 fuerat
1029 2622 1279 2664 communis.
1303 2621 1501 2662 Testatur
1524 2621 1636 2662 enim
1659 2621 1749 2672 ipse
1772 2617 1983 2660 Gerson

245 2689 296 2730 de
327 2694 479 2742 potest.
511 2690 658 2731 eccles.
692 2691 850 2734 consid.
888 2694 962 2735 12:
1006 2691 1137 2743 „Ante
1170 2691 1503 2733 celebrationem
1533 2691 1658 2744 hujus
1680 2693 1985 2731 sacrosanctae

245 2760 572 2801 constantiensis
594 2761 745 2814 synodi
776 2763 837 2803 sic
869 2767 1155 2815 occupaverat
1185 2768 1349 2804 mentes
1380 2762 1658 2815 plurimorum
1690 2761 1770 2802 ista
1801 2759 1984 2809 traditio,

243 2835 291 2871 ut
321 2833 614 2883 oppositorum
639 2831 948 2884 dogmatizator
980 2833 1127 2875 fuisset
1158 2834 1210 2875 de
1241 2834 1457 2875 haeretica
1478 2833 1688 2885 pravitate
1722 2831 1789 2872 vel
1810 2835 1983 2872 notatus

244 2901 311 2942 vel
333 2902 594 2942 damnatus.“

395 3020 418 3065 ¹)
438 3019 588 3054 Collect.
608 3030 707 3053 conc.
727 3021 845 3056 venet.
869 3023 919 3059 16,
940 3022 1020 3055 746.
1056 3020 1225 3054 Ceterum
1250 3021 1321 3054 hoc
1347 3021 1447 3055 idem
1473 3021 1659 3064 quondam
1687 3020 1803 3054 fassus
1827 3020 1882 3054 est
1904 3019 1983 3063 ipse

245 3072 276 3106 D
289 3076 309 3107 ὂ
321 3072 334 3105 1
346 3071 358 3105 1
370 3072 380 3105 i
392 3083 482 3117 nge
494 3084 512 3105 1·
529 3071 903 3117 Kirchengeschichte
923 3073 964 3113 ΙΙ,
984 3076 1063 3108 306.
1089 3073 1139 3108 Cf.
1161 3074 1187 3107 Β
1201 3073 1407 3107 allel-ini
1426 3073 1466 3107 in
1483 3074 1572 3107 fasc.
1591 3073 1686 3108 liter.
1707 3074 1743 3107 la
1760 3072 1893 3107 Scuola.
1909 3073 1982 3106 cat-

244 3125 357 3160 tolica
376 3125 473 3166 Vin,
491 3128 560 3161 493
579 3137 622 3159 ss.
642 3125 841 3160 Mediolani
865 3128 971 3161 1876:
991 3127 1018 3160 P
1031 3127 1122 3161 alm
1135 3127 1228 3161 ieri
1245 3127 1298 3161 th.
1323 3129 1373 3161 16.
