2175 3382
237 156 292 193 40
553 148 671 180 'l'rat-t.
693 147 715 180 1.
738 146 919 191 Apologia
937 146 1040 190 relig.
1061 146 1185 180 vhrist.
1204 146 1332 181 'l'hesis
1352 146 1428 180 Vll.
1448 147 1650 182 Anthentia

239 269 373 308 tristia
404 267 771 319 ignominiosaque
805 266 917 319 apud
954 266 1110 307 multos
1141 266 1420 308 habebantur.
1462 266 1557 308 Jam
1592 279 1693 308 vero
1728 267 1783 308 illi
1819 267 1970 308 horum

241 339 459 379 veritatem
482 337 749 378 declarantes
772 337 813 378 in
836 337 913 378 illis
937 338 1120 378 maxime
1143 338 1357 378 immorati
1379 341 1488 387 sunt,
1511 338 1739 390 omniaque
1754 337 1974 391 diligenter

240 409 496 461 ‹·opioseque
520 413 768 457 tractarunt,
800 421 879 450 nec
901 421 1033 461 parvo
1056 421 1134 450 nec
1158 421 1312 462 magno
1336 410 1536 462 quopiam
1560 410 1875 461 praetermisso,
1897 409 1972 450 sed

241 481 280 520 in
304 481 432 533 signis
455 485 496 522 et
518 481 732 522 miraculis
754 481 934 533 plurima
958 485 1215 521 tacuerunt.“
1265 480 1452 521 Eandem
1476 481 1520 524 (l.
1543 481 1819 522 veracitatem
1842 483 1973 521 testa-

241 558 307 592 tur
322 563 470 592 eorum
493 553 602 593 inter
624 564 669 593 se
693 566 714 592 c
727 564 752 593 o
766 565 792 592 n
805 565 825 592 s
837 564 859 593 e
872 565 897 592 n
910 564 1000 592 sus
1023 551 1184 604 absque
1199 551 1284 592 ulla
1297 553 1624 604 conspiratione,
1648 551 1835 604 alioquin
1851 562 1974 602 argu-

239 627 429 663 mentum
452 623 709 663 narrationis
732 623 866 675 magis
890 623 998 663 inter
1019 633 1065 662 se
1089 622 1339 672 divisissent,
1372 635 1456 664 non
1481 623 1632 664 eadem
1655 623 1822 664 diverso
1844 621 1975 663 refer-

240 698 334 734 rent
368 693 507 734 modo.
553 694 622 746 qui
657 693 913 746 quandoque
948 693 1177 745 antilogiae
1211 695 1395 746 speciem
1431 705 1533 746 prae
1568 705 1613 734 se
1649 693 1756 735 ferre
1790 692 1976 740 videtum

241 765 426 806 maxime
441 777 543 806 vero
567 778 606 808 e.
629 769 810 805 testatur
832 776 891 805 co
905 777 931 804 n
945 764 1199 812 fidentia,
1222 777 1305 817 qua
1322 764 1432 805 facta
1447 770 1624 806 narrant
1638 763 1977 816 coramjudaeis,

240 835 391 889 quibus
414 840 516 876 nota
539 839 628 876 erat
653 832 807 875 Christi
838 835 936 883 vita,
971 834 1126 888 quique
1157 835 1314 876 idcirco
1338 834 1460 876 facile
1483 835 1575 876 illos
1598 835 1808 876 mendacii
1830 834 1978 876 redar-

240 919 368 959 guere
382 907 629 959 potuissent,
653 906 688 946 si
711 905 816 947 falsa
830 906 1091 947 retulissent:
1114 906 1240 959 idque
1264 918 1314 947 eo
1338 907 1493 947 certius
1507 906 1715 955 fecissent,
1738 918 1821 959 quo
1845 905 1978 958 magis

240 977 281 1018 id
312 978 538 1031 profuisset
559 989 663 1018 suae
687 989 844 1018 causae
867 977 1071 1018 adversus
1095 982 1263 1029 gentem
1286 977 1387 1030 ipsis
1409 977 1517 1018 adeo
1551 978 1732 1018 invisam
1754 978 1777 1017 i.
1801 989 1835 1018 e.
1867 976 1979 1017 chri-

241 1050 435 1090 stianam.
471 1047 612 1099 Quare
635 1048 742 1089 haec
757 1047 1014 1088 confidentia
1035 1060 1122 1088 non
1146 1052 1286 1100 potest
1307 1048 1442 1100 repeti
1462 1048 1544 1089 nisi
1566 1059 1618 1089 ex
1640 1048 1849 1089 factorum
1871 1048 1978 1089 veri-

242 1125 338 1161 tate.
382 1120 558 1161 Accedit
590 1120 626 1163 f.
662 1119 920 1160 narrationis
955 1118 973 1159 f
978 1123 1190 1168 ructus,
1231 1131 1331 1160 nam
1374 1119 1660 1171 evangelistae
1693 1119 1780 1160 suis
1814 1118 1980 1171 scriptis

241 1192 446 1243 plurimos
478 1202 529 1231 ex
563 1190 813 1243 aequalibus
845 1190 911 1231 vel
944 1189 1198 1242 supparibus
1222 1189 1377 1231 Christi
1409 1189 1463 1231 ad
1495 1189 1685 1243 ejusdem
1716 1193 1981 1231 attraxerunt

242 1262 367 1303 fidem
391 1262 499 1303 adeo
523 1261 745 1310 difficilem,
768 1266 948 1302 naturae
972 1262 1144 1302 vitiatae
1160 1260 1268 1302 adeo
1291 1261 1563 1309 contrariam,
1587 1261 1701 1314 quod
1724 1260 1981 1308 incredibile,

241 1335 276 1374 si
298 1338 547 1375 narrassent
568 1332 678 1382 ficta,
700 1345 787 1374 non
803 1332 925 1373 facta.
960 1331 1151 1384 Denique
1174 1345 1218 1385 g.
1243 1331 1357 1372 nulla
1372 1331 1583 1373 sufficiens
1605 1332 1751 1373 ratio
1774 1332 1983 1384 assignari

242 1409 394 1459 potest,
426 1417 501 1445 cur
532 1404 817 1456 evangelistae
849 1403 1061 1444 voluerint
1083 1403 1251 1444 mentiri
1283 1404 1374 1444 sine
1405 1403 1489 1444 ulla
1521 1415 1596 1456 spe
1617 1403 1744 1444 lucri:
1775 1402 1983 1456 siquidem

243 1489 369 1518 nemo
393 1478 522 1529 gratis
546 1475 740 1524 mendaX,
763 1487 890 1516 nemo
914 1475 1184 1515 mendacium
1207 1487 1332 1515 suum
1353 1475 1441 1514 vita
1462 1474 1680 1515 laboribus
1702 1474 1982 1527 periculisque

243 1548 442 1598 obnoxia,
464 1548 549 1588 imo
574 1552 615 1588 et
637 1547 842 1599 sanguine
866 1547 974 1588 solet
996 1545 1262 1588 confirmare.
1293 1546 1510 1599 Ejusmodi
1530 1546 1640 1587 ratio
1665 1551 1779 1587 certe
1802 1557 1890 1587 non
1910 1544 1986 1586 fuit

243 1631 355 1660 vana
390 1619 534 1670 gloria,
566 1631 667 1659 nam
698 1623 799 1659 tunc
834 1618 1020 1669 gloriosa
1055 1622 1220 1658 tantum
1258 1617 1309 1658 de
1332 1616 1499 1658 Christo
1522 1617 1802 1669 scripsissent.
1844 1615 1985 1667 Quare

244 1691 295 1731 de
319 1689 675 1743 evangelistarum
697 1690 929 1730 veracitate
952 1689 1089 1730 nullus
1112 1689 1282 1730 relictus
1305 1693 1369 1729 est
1390 1688 1631 1741 ambigendi
1652 1688 1782 1729 locus.

365 1776 405 1818 2.
429 1773 641 1815 Probatur
656 1774 973 1825 evangeliorum
989 1773 1209 1814 authentia
1231 1772 1341 1820 inde,
1365 1771 1479 1824 quod
1501 1771 1798 1824 evangelistae,
1820 1771 1987 1812 etiamsi

245 1846 493 1895 voluissent,
525 1857 611 1885 non
634 1845 871 1897 potuissent
895 1842 1113 1896 evangelia
1137 1842 1406 1895 confingere3
1437 1843 1544 1883 haec
1567 1842 1678 1883 enim
1702 1855 1744 1886 a..
1769 1842 1988 1883 continent

246 1917 486 1958 doctrinam
508 1921 598 1957 tum
619 1915 899 1956 theoreticam
923 1919 1011 1955 tum
1036 1914 1270 1966 practicam
1295 1913 1408 1954 adeo
1441 1912 1678 1962 sublimem,
1710 1912 1879 1966 qualem
1908 1924 1989 1953 nec

247 1988 367 2029 Plato
390 1999 470 2028 nec
485 1985 685 2028 Socrates
708 1998 897 2039 unquam
921 1985 1188 2037 excogitavit,
1217 1984 1374 2025 nedum
1397 1984 1474 2024 viri
1496 1984 1624 2025 rudes
1646 1989 1774 2037 atque
1795 1984 1990 2032 illiterati,

248 2061 398 2114 quales
429 2059 599 2101 fuerunt
621 2058 919 2110 evangelistae,
951 2062 1181 2110 potuerunt
1210 2059 1463 2110 excogitare.
1506 2056 1716 2097 Exhibent
1745 2056 1793 2099 b.
1825 2054 1990 2096 virtutis

249 2131 465 2184 exemplar
486 2143 705 2183 nunquam
729 2134 856 2171 antea
877 2130 1027 2178 visum,
1051 2129 1165 2182 quod
1188 2129 1345 2170 idcirco
1371 2141 1397 2169 a
1418 2128 1593 2169 rudibus
1617 2127 1782 2178 concipi
1803 2138 1891 2167 non
1912 2137 1990 2178 po-

250 2207 380 2249 terat;
413 2215 454 2246 c.
488 2200 676 2251 Messias,
700 2212 824 2254 quem
849 2200 1106 2246 describunt,
1139 2199 1391 2241 adversatur
1414 2199 1542 2252 plane
1560 2198 1816 2251 judaeorum
1837 2196 1990 2247 indoli;
2050 2224 2053 2226 -

245 2274 391 2326 judaei
413 2273 527 2314 enim
549 2277 670 2314 erant
692 2272 839 2314 literae
855 2271 1127 2321 tenacissimi,
1151 2271 1317 2323 angusti
1340 2270 1492 2319 cordis,
1516 2269 1801 2321 Messiamque
1815 2279 1990 2320 exspec-

248 2345 398 2386 tabant
422 2345 686 2386 mundanum
709 2349 836 2397 atque
859 2344 1116 2396 gloriosum3
1139 2342 1316 2383 Messias
1341 2341 1661 2393 evangeliorum
1684 2345 1747 2381 est
1769 2350 1931 2392 pauper
1952 2343 1995 2380 et

250 2416 431 2465 humilis,
454 2416 647 2456 latissimi
670 2415 822 2465 cordis,
845 2416 917 2468 qui
939 2415 1096 2467 ubique
1118 2414 1221 2466 legis
1243 2413 1436 2466 spiritum
1452 2413 1630 2453 rimatur
1646 2416 1773 2464 atque
1795 2413 1991 2451 sectatur.

251 2486 391 2538 Quare
415 2487 732 2538 evangeliorum
755 2485 952 2527 confictio
977 2485 1246 2538 evangelistis
1270 2484 1395 2536 plane
1419 2488 1511 2524 erat
1532 2481 1806 2535 impossibilis
1824 2481 1869 2537 1).

400 2642 423 2674 ’ἰ
443 2641 551 2681 Nota,
571 2640 633 2674 sed
652 2640 851 2685 praeclara,
870 2641 957 2672 sunt
974 2637 1086 2672 verba
1103 2639 1134 2674 J.
1153 2638 1185 2672 J.
1204 2637 1234 2671 R
1247 2649 1266 2672 ο
1279 2649 1303 2671 u
1315 2649 1330 2671 s
1342 2648 1357 2671 s
1369 2648 1387 2671 e
1399 2647 1473 2674 au,
1501 2636 1565 2679 qui
1581 2636 1622 2670 in
1640 2646 1698 2679 op.
1717 2635 1830 2668 Emile
1846 2634 1873 2666 t.
1892 2635 1914 2668 3
1930 2632 1953 2666 1.
1972 2634 1995 2664 4

252 2694 307 2727 ita
334 2693 381 2726 ad
411 2703 488 2727 rem
516 2694 682 2728 nostram
710 2691 857 2726 scribit:
889 2690 1038 2732 ,Quelle
1067 2690 1227 2725 doucem·
1254 2690 1296 2730 (J.
1317 2688 1488 2728 Christi),
1518 2688 1639 2732 quelle
1666 2687 1796 2732 purete
1823 2685 1914 2719 dans
1940 2695 1995 2719 ses

254 2758 408 2791 moeurS‚
427 2747 550 2790 quelle
567 2749 675 2791 grace
691 2745 896 2780 touchante
915 2745 1004 2778 dans
1023 2756 1079 2778 ses
1098 2744 1339 2777 instructions
1354 2749 1359 2776 ἔ
1389 2741 1519 2784 Que'lle
1537 2740 1722 2776 elevation
1739 2740 1830 2773 dans
1847 2749 1904 2772 ses
1921 2749 1995 2771 ma-

253 2800 386 2834 ximes!
424 2799 552 2841 Qnelle
570 2800 750 2844 profonde
768 2810 912 2844 sagesse
931 2800 1020 2833 dans
1038 2807 1096 2831 ses
1124 2797 1307 2831 discours!
1343 2794 1471 2837 Quelle
1496 2795 1668 2839 presence
1685 2793 1847 2836 d'esprit‚
1875 2790 1995 2835 quelle

254 2855 382 2888 finesse
407 2856 444 2887 et
461 2854 583 2897 quelle
599 2855 754 2899 justesse
773 2853 866 2888 dans
884 2864 938 2887 ses
965 2853 1157 2896 reponses!
1193 2849 1286 2891 Quel
1313 2848 1451 2893 empire
1479 2860 1539 2882 sur
1568 2858 1622 2881 ses
1649 2847 1834 2891 passionsz
1869 2843 1925 2878 Oii
1942 2845 1996 2878 est

255 2908 278 2941 l’
290 2907 448 2948 homme,
464 2908 511 2940 οἰ]
526 2909 581 2941 est
594 2907 627 2940 le
643 2918 740 2952 sage.
759 2906 905 2951 quisait
923 2905 1012 2950 agir,
1031 2903 1178 2938 souffrir
1196 2907 1233 2937 et
1251 2902 1389 2936 mourir
1407 2912 1490 2935 sans
1509 2899 1761 2934 ostentation?
1781 2924 1788 2931 .
1807 2923 1816 2932 .
1835 2924 1842 2931 .
1867 2895 1948 2937 Oui,
1966 2897 1997 2930 si

255 2961 291 2994 la
308 2961 365 2995 vie
383 2964 421 2994 et
437 2960 474 2994 la
492 2963 587 2994 mort
606 2961 650 2995 de
665 2962 814 2994 socrate
833 2962 917 2994 sont
937 2959 1022 2992 ‹l'un
1043 2967 1140 3001 sage,
1158 2957 1196 2991 la
1214 2956 1273 2990 vie
1291 2957 1328 2989 et
1345 2954 1383 2988 la
1400 2954 1498 2988 mort
1512 2953 1556 2987 de
1569 2953 1674 2987 ,lesus
1691 2953 1776 2985 sont
1793 2951 1882 2984 d'un
1891 2949 1996 2984 Dieu.

255 3014 390 3049 Dirons
401 3026 492 3049 nous
503 3025 575 3059 que
591 3015 614 3048 1·
629 3014 783 3048 histoire
802 3014 846 3048 de
864 3014 887 3047 Γ
900 3012 1069 3057 evangile
1088 3014 1143 3045 est
1160 3010 1330 3044 inventae
1348 3010 1369 3042 a
1386 3007 1507 3053 plaisii
1525 3006 1642 3041 ?'Mon
1656 3005 1740 3043 ami,
1759 3015 1799 3039 ce
1813 3005 1847 3038 n'
1859 3004 1915 3037 est
1930 3013 1996 3047 pas

257 3069 350 3102 ainsi
368 3071 479 3112 qu'on
498 3068 645 3102 invente
666 3094 673 3101 .
693 3093 700 3101 .
721 3095 729 3102 .
744 3069 802 3101 Au
818 3066 918 3106 fond,
938 3067 966 3099 ε’
980 3066 1036 3099 est
1053 3064 1195 3098 reculer
1221 3063 1258 3097 la
1275 3061 1453 3096 difficulte
1470 3071 1554 3094 sans
1571 3060 1608 3093 la
1631 3057 1811 3096 detrahe:
1831 3057 1860 3091 il
1885 3057 1997 3091 serait

256 3122 339 3166 plus
357 3119 620 3156 inconceva-ble
638 3131 709 3164 que
726 3120 908 3166 plusieurs
925 3119 1092 3153 hommes
1111 3117 1144 3151 d'
1158 3116 1287 3151 accord
1305 3116 1454 3150 eussent
1471 3113 1641 3156 fabrique
1659 3122 1696 3146 ce
1713 3111 1815 3152 livre,
1845 3110 1935 3154 qu'il
1952 3120 1998 3143 ne
