2175 3382
0 3248 23 3382 wis-fv

965 103 1125 163 jaeobe‘o.
1168 104 1173 107 i
1481 128 1485 133 -
1853 122 1910 162 49

174 237 471 282 Heinrichs,
495 236 669 280 Vater,
693 235 748 272 de
771 235 954 280 Wette‚
984 234 1275 280 Friedrich,
1308 235 1473 281 Justi,
1505 237 1689 275 Bleeck
1713 239 1908 278 61661161-

175 296 334 345 piebant
355 297 490 333 contra
512 293 687 331 vaticinii
708 293 1008 343 genuinitatem,
1031 293 1056 330 J
1059 293 1221 330 acobum
1242 294 1479 331 naturaliter
1500 308 1576 333 non
1598 296 1776 345 potuisse
1796 310 1907 347 prae-

174 355 270 393 scire
290 355 482 392 futurum.
525 353 598 390 Sed
631 354 671 389 et
700 364 771 389 nos
802 352 873 389 hoc
906 352 1172 389 concedimus:
1207 365 1394 402 negamus
1427 366 1518 391 vero
1553 367 1642 392 eum
1676 356 1910 394 naturaliter

173 413 412 463 praedixisse
441 412 534 449 filiis
562 412 747 456 ventura,
783 410 980 459 siquidem
1012 423 1056 448 ea
1085 411 1279 459 praedixit
1309 425 1355 449 ex
1385 412 1642 460 inspiratione
1674 413 1832 458 divina,
1863 418 1910 452 ut

175 474 340 511 eventus
361 471 520 521 probat:
542 483 631 507 nam
655 471 756 518 quod
780 470 852 507 hoc
874 482 995 507 versu
1009 470 1254 516 enunciatur,
1277 471 1532 519 adimpletum
1548 475 1608 509 est
1622 473 1908 520 perOhristum.

174 532 321 569 Dicunt
341 530 490 573 deinde,
507 530 532 567 J
535 529 698 567 acobum
721 529 888 566 describi
911 542 948 565 m
962 542 982 566 o
995 542 1014 565 r
1025 529 1038 565 i
1048 529 1074 565 b
1086 542 1113 566 u
1124 542 1150 566 n
1161 529 1220 566 du
1231 543 1268 566 m
1281 558 1289 574 ‚
1314 529 1593 567 moribundum
1616 543 1706 569 vero
1729 544 1805 568 non
1828 545 1909 570 esse
1965 519 1971 526 ¹

174 590 344 640 amplius
366 601 542 638 capacem
562 588 742 637 loquelae
763 590 846 625 tam
866 588 1051 636 poeticae.
1083 589 1135 625 At
1156 588 1256 625 forte
1279 600 1320 629 a..
1345 589 1438 626 haec
1460 589 1694 627 vaticinatus
1716 593 1776 627 est
1797 590 1909 628 Jaco-

173 651 249 687 bus
281 662 361 687 non
390 648 434 686 in
463 648 549 696 ipso
579 647 718 685 mortis
748 647 935 692 articulo,
970 647 1037 684 sed
1068 646 1221 694 aliquot
1252 647 1391 685 diebus
1424 650 1514 684 ante
1545 650 1723 685 mortem.
1774 649 1910 697 Neque

174 707 221 750 l).
244 721 377 746 rarum
398 709 468 747 est.
491 708 537 744 ut
559 708 743 755 parentes
763 706 806 743 in
827 706 911 754 ipso
935 706 1071 743 mortis
1106 706 1271 743 articulo
1293 707 1491 755 praeclara
1522 707 1640 744 verba
1662 707 1709 744 ad
1732 707 1832 745 filios
1853 709 1910 745 lo-

176 769 361 816 quantur.
401 767 522 803 Nulla
542 778 635 803 vero
658 775 697 806 (3.
721 768 779 802 est
801 765 1015 802 difficultas
1039 765 1244 814 supposita
1275 765 1532 813 inspiratione
1564 766 1708 803 divina.
1751 767 1911 816 Urgent,

174 827 336 876 Moysen
349 825 485 863 Jacobi
506 825 625 862 verba
645 826 803 862 tantum
824 837 870 861 ex
891 824 1104 861 traditione
1126 824 1222 861 orali
1237 824 1414 873 potuisse
1439 837 1677 874 cognoscere,
1700 825 1914 865 traditione

175 898 267 924 vero
288 885 384 923 orali
406 884 509 922 dicta
529 884 653 921 solere
676 883 884 932 corrumpi.
929 883 1002 920 Sed
1035 883 1203 931 seposita
1232 883 1488 932 inspiratione
1519 884 1652 932 potuit
1674 885 1825 933 Moyses
1846 884 1913 921 Ja-

175 945 261 982 cobi
281 943 512 982 vaticinium
545 945 585 980 et
616 945 900 980 testamentum
922 955 967 979 ex
990 942 1167 979 sontibus
1199 944 1238 979 et
1265 942 1535 980 monumentis
1558 942 1715 992 scriptis
1738 944 1913 982 haurire:

175 1003 266 1041 dein
287 1003 388 1041 facto
409 1003 496 1051 ipso
518 1003 672 1039 constat
693 1003 870 1051 populos,
895 1001 963 1049 qui
986 1001 1113 1038 literis
1137 1003 1280 1046 carent,
1304 1001 1452 1049 tenacis
1475 1001 1685 1040 admodum
1707 1002 1914 1039 memoriae

175 1075 269 1108 esse,
293 1065 411 1111 atque
432 1062 530 1099 hanc
552 1061 600 1098 ob
622 1061 727 1098 vitae
749 1060 1055 1110 longaevitatem
1077 1061 1329 1098 traditionem
1351 1061 1506 1098 fidelem
1527 1073 1606 1097 non
1627 1061 1683 1097 ita
1696 1061 1818 1098 fuisse
1839 1058 1914 1098 dif-

175 1121 335 1159 ficilem:
368 1133 498 1170 quare.
519 1120 623 1157 haud
654 1120 894 1169 impossibile
917 1121 987 1163 est,
1010 1119 1147 1157 3360111
1175 1122 1457 1157 testamentum
1479 1120 1564 1168 ejus
1587 1120 1676 1156 filiis
1701 1123 1804 1157 certe
1826 1132 1914 1168 pre-

174 1181 321 1218 tiosum
342 1181 389 1218 ab
411 1172 549 1217 iisdem
571 1179 739 1216 fideliter
761 1177 881 1217 fuisse
903 1180 1186 1220 conservatum,

294 1250 337 1292 2.
361 1250 641 1288 Contendimus
663 1250 764 1287 illud
786 1263 869 1288 6336
891 1252 1144 1299 messianum,
1177 1252 1224 1287 ut
1254 1251 1361 1298 patet
1383 1260 1422 1289 a..
1455 1262 1499 1286 ex
1530 1250 1732 1287 luculenta
1753 1251 1792 1286 et
1813 1250 1915 1286 anti-

177 1310 369 1359 quissima
395 1310 630 1358 judaeorum
660 1309 895 1355 traditione,
931 1310 1042 1358 cujus
1072 1309 1238 1358 vestigia
1269 1309 1524 1357 quoadusque
1556 1308 1792 1358 pertingunt
1813 1308 1914 1345 anti-

176 1369 340 1418 quitatis
362 1371 615 1406 monumenta
637 1369 866 1417 reperimus,
910 1369 991 1406 Hoc
1022 1368 1125 1406 enim
1148 1368 1261 1405 nobis
1284 1367 1503 1409 concedunt
1528 1368 1764 1405 recentiores
1787 1369 1827 1404 61
1847 1380 1914 1404 311-

174 1428 369 1478 tiquiores
402 1428 577 1473 rabbini;
621 1429 731 1477 patet
764 1441 809 1465 ex
844 1428 872 1464 Τ
887 1428 1087 1465 almude
1121 1427 1376 1476 babylonico,
1420 1426 1491 1463 ubi
1525 1427 1566 1463 in
1600 1427 1661 1463 Tr.
1698 1426 1915 1463 Sanhedrin

176 1488 398 1537 quaeritur:
424 1513 441 1531 »
453 1486 655 1531 Quodnam
670 1489 731 1524 est
744 1500 887 1524 nomen
901 1487 1065 1524 Messiae
1077 1488 1094 1523 ⁶?
1104 1491 1121 1509 «
1146 1488 1186 1524 et
1200 1485 1479 1535 respondetur:
1504 1512 1521 1529 »
1534 1485 1687 1522 Schiloh
1702 1487 1761 1522 631
1774 1498 1915 1522 110111611

177 1547 275 1596 ejus,
299 1546 402 1584 sicut
422 1547 573 1584 dictum
595 1548 656 1584 est
678 1546 771 1586 Gen.
796 1553 871 1586 49:
898 1546 1022 1583 Donec
1046 1547 1166 1582 reniae
1189 1545 1388 1592 Schiloh,·«
1423 1557 1467 1582 ex
1491 1544 1706 1593 Tar-gum
1739 1544 1915 1581 hierosol.

177 1608 218 1644 et
238 1605 619 1655 Pseudojonathanis
645 1602 736 1658 (sec.
758 1606 857 1643 forte
880 1602 981 1657 VH),
1006 1605 1047 1642 in
1069 1617 1145 1653 quo
1167 1605 1334 1653 legimus
1356 1604 1391 1640 h.
1414 1604 1439 1639 1.
1463 1603 1519 1640 113
1540 1603 1757 1640 redditum:
1795 1602 1918 1640 Donec

180 1666 300 1703 veniat
322 1678 391 1702 rex
408 1665 568 1702 Messias
578 1680 593 1714 ,·
615 1667 713 1702 etex
728 1664 954 1713 paraphrasi
968 1663 1163 1701 chaldaica
1178 1663 1207 1700 O
1220 1676 1244 1699 11
1256 1663 1281 1699 k
1294 1676 1313 1700 e
1325 1663 1371 1700 10
1384 1662 1425 1699 31
1449 1659 1606 1709 (aetatis
1621 1658 1916 1713 apostolorum),

179 1724 248 1773 qui
269 1725 411 1762 horum
433 1725 642 1762 verborum
666 1736 822 1761 sensum
854 1724 910 1760 ita
936 1722 1144 1772 expressit:
1177 1723 1304 1759 Donec
1337 1723 1455 1758 veniat
1486 1733 1555 1758 rem
1577 1721 1769 1758 Messias:
1802 1722 1841 1757 61
1871 1720 1918 1757 ad

180 1796 271 1834 eum
292 1783 478 1821 obedient
498 1784 562 1821 vel
584 1783 879 1832 congregabunt
902 1795 942 1819 se
963 1781 1101 1830 populi
1121 1781 1183 1819 vel
1206 1781 1385 1830 gentium
1407 1780 1584 1817 nationes
1605 1777 1665 1830 1)«
1688 1777 1733 1819 b.
1756 1792 1800 1816 ex
1824 1779 1918 1827 ipsis

180 1842 332 1889 verbis;
364 1854 493 1891 neque
524 1842 629 1879 enim
662 1842 761 1879 alius
792 1842 941 1890 poterit
962 1840 1039 1878 dici
1063 1841 1286 1888 exspectatio
1313 1840 1480 1888 yentium
1502 1851 1621 1886 quam
1643 1839 1796 1887 legatus
1818 1837 1919 1874 divi-

181 1902 291 1939 nitus
313 1901 456 1938 missus
486 1901 528 1938 in
559 1902 735 1938 omnium
757 1901 936 1950 gentium
968 1900 1155 1943 salutem3
1191 1908 1232 1939 (3.
1264 1911 1309 1935 ex
1342 1900 1563 1947 opportuna
1593 1897 1801 1934 collatione
1832 1909 1921 1934 cum

182 1961 275 1999 Gen.
304 1967 366 2005 12,
395 1966 416 2000 3
441 1960 640 2009 hujusque
662 1960 756 1998 locis
778 1960 989 2009 parallelis.
1021 1959 1158 2006 Neque
1180 1958 1285 1994 enim
1307 1957 1529 1995 verosimile
1552 1958 1622 2001 est,
1648 1955 1919 2004 splendidissi-

183 2033 286 2057 mam
308 2018 485 2058 omnium
506 2019 806 2068 promissionem
820 2019 998 2056 Abrahae
1020 2018 1161 2055 factam
1183 2009 1284 2054 etin
1299 2016 1435 2054 Jacobi
1457 2016 1622 2064 posteris
1635 2014 1919 2063 adimplendam

183 2092 205 2116 a
218 2079 243 2116 J
246 2079 363 2117 acobo
384 2078 644 2127 praedicente,
668 2091 768 2126 quae
781 2078 875 2115 filiis
899 2078 981 2115 suis
1003 2077 1045 2114 in
1066 2076 1288 2114 novissimis
1310 2068 1447 2113 diebus
1461 2077 1626 2112 ventura
1640 2076 1780 2119 essent,
1803 2073 1920 2110 fuisse

181 2150 375 2175 01111333111.

301 2206 343 2249 3.
365 2208 423 2245 De
445 2209 657 2246 notionibus
685 2208 985 2258 praecipuorum
1006 2206 1279 2252 terminorum,
1313 2206 1380 2253 qui
1411 2205 1452 2241 in
1483 2205 1554 2242 hoc
1585 2203 1767 2242 vaticinio
1790 2214 1921 2240 occur-

182 2269 289 2314 runt,
312 2268 406 2305 haec
425 2268 598 2305 notanda
620 2270 733 2305 sunt:
766 2277 808 2308 a.
832 2267 922 2314 ,Vox
955 2267 1067 2305 sehet
1097 2265 1276 2315 designat
1306 2266 1501 2313 sceptrum
1532 2276 1600 2301 seu
1632 2262 1787 2312 insigne
1812 2262 1921 2310 pote-

185 2326 313 2373 statis,
344 2326 511 2375 ideoque
540 2327 808 2393 principatum
830 2326 958 2363 Judae
990 2326 1072 2363 sive
1102 2325 1144 2362 in
1174 2325 1278 2361 Juda
1307 2323 1527 2373 generatim
1558 2324 1597 2359 et
1627 2321 1828 2358 indefinite
1850 2319 1921 2357 sub

185 2398 420 2435 quacunque
440 2385 648 2435 regiminis
668 2386 803 2430 torma,
828 2386 918 2423 hinc
939 2384 1224 2429 autonomiam,
1256 2383 1318 2420 vel
1350 2383 1562 2420 secundum
1586 2380 1682 2417 alios
1705 2380 1763 2429 ips
1769 2392 1828 2416 am
1850 2379 1921 2415 tri-

186 2446 283 2482 bum
305 2456 376 2482 seu
395 2444 557 2482 formam
580 2445 767 2482 tribulem
785 2442 830 2497 2),
854 2444 916 2482 6111
937 2442 1152 2492 acceptioni
1174 2442 1277 2479 favet
1298 2454 1392 2479 usus
1414 2439 1600 2488 loquendi
1621 2439 1811 2476 biblicus:
1834 2450 1922 2474 nam

124 2551 132 2554 -
185 2503 297 2542 sebet
325 2503 405 2541 fere
437 2504 585 2541 centies
620 2506 659 2542 et
690 2504 922 2569 quadragies
954 2503 995 2540 in
1018 2502 1164 2539 divinis
1195 2501 1320 2538 literis
1351 2499 1541 2548 accipitur
1563 2499 1608 2536 ad
1632 2497 1770 2547 signifi
1785 2496 1921 2533 andam

185 2562 346 2609 tribum,
379 2562 525 2611 septies
556 2566 714 2600 tantum
745 2564 856 2600 sonat
886 2562 1039 2611 insigne
1061 2560 1226 2598 dominii
1249 2561 1288 2597 et
1308 2559 1525 2608 potest-ntis.
1568 2529 1830 2594 Η1116013111611
1860 2566 1921 2591 ac-

187 2621 356 2670 ceptioni
377 2621 501 2671 magis
523 2622 657 2660 favent
680 2634 697 2660 s
710 2625 831 2671 eptu
844 2593 987 2671 aginO
975 2628 992 2657 t
1004 2634 1026 2658 a
1047 2620 1292 2669 interpretes,
1318 2619 1341 2655 S
1353 2632 1377 2667 y
1390 2630 1477 2654 mm
1490 2631 1509 2653 a
1521 2617 1615 2653 chu
1627 2627 1668 2660 s,
1704 2615 1732 2651 T
1745 2615 1800 2651 he
1812 2626 1832 2651 o
1845 2613 1869 2650 d
1881 2625 1922 2649 0-

186 2759 339 2811 prolixis
356 2760 648 2797 commentariis:
677 2761 714 2794 et
731 2759 1020 2803 monographias
1038 2757 1204 2801 copiosas
1223 2758 1261 2789 et
1279 2755 1414 2789 solidas
1433 2754 1476 2787 de
1494 2753 1563 2787 hoc
1582 2751 1756 2785 vaticinio
1775 2751 1814 2784 in
1832 2749 1920 2782 'hil-2.

189 2802 344 2855 Qtlschi.
363 2813 525 2857 prolixas
544 2816 645 2851 1866
666 2816 758 2847 41—
765 2815 831 2848 160
850 2820 997 2846 auctoie
1016 2812 1154 2854 Himp
1167 2810 1228 2850 el,
1257 2811 1295 2843 et
1312 2808 1395 2844 Re
1386 2821 1397 2842 1
1410 2808 1469 2841 nk
1483 2818 1500 2840 e
1528 2807 1587 2840 die
1606 2806 1848 2848 Weissagung
1866 2803 1923 2836 Ja-

190 2865 276 2899 cobs
293 2865 383 2900 iiber
409 2867 474 2901 das
500 2867 719 2911 zukiinttigc
738 2865 829 2900 Loos
857 2865 919 2899 des
936 2864 1101 2898 Namens
1120 2863 1217 2898 ι111113
1234 2863 1310 2896 und
1329 2862 1458 2896 dessen
1476 2870 1577 2905 gross
1583 2869 1627 2893 en
1645 2858 1922 2892 Nachkommen

189 2919 322 2960 Schilo,
341 2919 506 2954 Miinster
527 2922 627 2955 1849.

336 2972 860 3019 1)131.11357111.11111111111111
877 2972 1040 3030 pugione
1056 2970 1143 3004 fidei
1161 2982 1236 3014 Ρ.
1215 2972 1236 3003 2
1254 2980 1281 3003 c.
1302 2976 1332 3005 4

335 3027 362 3073 2)
376 3027 476 3065 Hanc
488 3027 707 3060 sententiam
719 3027 845 3060 tuetur
860 3026 886 3059 P
897 3025 988 3059 atr
979 3037 991 3058 1
1003 3024 1042 3058 ti
1054 3036 1075 3057 u
1089 3035 1104 3056 s
1123 3023 1168 3056 de
1181 3023 1323 3066 inter-pi
1327 3023 1413 3055 etat.
1429 3032 1461 3053 33
1466 3019 1550 3053 S.e1·
1554 3020 1655 3063 iptiu
1659 3015 1796 3050 11111111
1811 3019 1829 3048 ‘2
1842 3026 1874 3057 q
1888 3017 1919 3047 6.

193 3080 242 3115 [r.
262 3081 306 3114 de
323 3079 434 3115 variis
453 3078 647 3113 sententiis
666 3079 876 3113 Huetius
895 3089 999 3122 pr.op
1019 3079 1039 3111 9
1057 3081 1074 3118 ξ
1093 3081 1124 3112 5.

332 3151 383 3176 Η11
394 3152 493 3182 rter,
516 3151 662 3183 Compend.
684 3150 838 3183 theologiae
859 3150 880 3174 I.
905 3149 945 3174 lO.
968 3149 1010 3173 cd.
1689 3132 1710 3160 4
