2175 3382
477 115 606 150 'l‘hesis
624 115 764 151 LXXX.
783 116 835 150 De
853 115 1064 160 cognitione
1081 117 1312 152 auctoritatis
1333 117 1404 152 div.
1425 119 1461 152 et
1479 119 1566 152 facti
1584 118 1692 152 revel.
1870 124 1955 165 479

220 238 416 288 loquendo
440 239 540 277 circa
562 251 619 284 ea,
652 251 751 287 quae
773 239 874 276 clare
895 239 1108 285 intuemur,
1142 251 1222 276 non
1243 252 1470 278 moveamur
1492 254 1513 278 a
1534 241 1760 279 testimonio
1791 241 1954 279 alterius

221 298 388 335 hominis
419 298 465 336 ad
497 310 542 335 ea
563 297 763 343 credenda,
795 298 871 335 nisi
903 297 1058 346 quando
1087 298 1218 335 minus
1250 298 1406 336 fidimus
1438 302 1594 337 nostrae
1625 301 1886 349 experientiae
1918 304 1957 338 et

217 357 376 405 quando
410 357 533 406 magis
565 356 840 394 confirmamur
874 369 918 393 ex
953 356 1119 394 aliorum
1151 363 1383 394 consensu«
1430 358 1553 402 Quam
1587 360 1763 408 regulam
1799 359 1957 396 videtur

221 416 339 454 etiam
361 429 388 454 s.
411 417 775 454 Bonaventura
795 415 959 453 innuere
983 415 1154 453 scribens
1176 416 1216 453 in
1242 422 1277 456 3.
1301 416 1336 453 d.
1364 423 1428 456 24.
1451 430 1482 454 a.
1502 423 1522 456 2
1548 431 1583 465 q.
1602 425 1644 456 3:
1672 418 1808 461 „Ratio
1823 420 1956 455 autem

221 488 342 524 quare
364 475 457 513 talis
480 475 642 512 scientia
665 474 784 512 simul
805 476 935 523 potest
957 486 1040 512 esse
1075 474 1122 511 de
1153 475 1287 512 eodem
1320 487 1408 512 cum
1440 476 1524 524 ipsa
1555 476 1638 520 fide,
1673 479 1712 513 et
1743 477 1846 525 quod
1878 490 1956 514 una

219 534 392 584 cognitio
414 535 577 571 alteram
598 546 676 571 non
698 533 870 583 expellit,
894 535 964 578 est,
988 533 1080 581 quia
1111 534 1272 571 scientia
1293 534 1599 572 manuductione
1631 535 1956 582 ratiocinationis,

218 593 312 631 licet
333 593 505 641 aliquam
527 593 803 630 certitudinem
824 592 940 629 faciat
961 595 1000 629 et
1023 592 1264 630 evidentiam
1297 593 1397 630 circa
1419 594 1565 639 divina,
1599 593 1668 631 illa
1689 597 1819 632 tamen
1841 596 1955 632 certi-

219 652 317 690 tudo
337 654 376 690 et
398 652 594 690 evidentia
615 664 693 689 non
714 652 774 689 est
795 651 953 689 omnino
976 652 1088 697 clara,
1112 651 1303 700 quamdiu
1326 664 1463 689 sumus
1486 652 1527 690 in
1550 653 1612 690 via
1636 686 1642 692 .
1667 684 1673 691 .
1698 683 1706 690 .
1729 654 1839 690 Unde
1862 654 1955 691 illu-

219 711 382 748 minatio
405 713 445 748 et
466 710 660 748 certitudo
682 710 773 748 talis
795 710 978 748 scientiae
1000 723 1080 748 non
1102 713 1160 748 est
1190 713 1310 756 tanta,
1344 712 1449 759 quod
1481 712 1614 749 habita
1645 712 1714 749 illa
1744 713 1957 761 superfluat

220 770 460 807 illuminatio
482 770 583 815 fidei,
615 770 692 807 imo
724 769 836 807 valde
859 772 920 807 est
941 782 1029 806 cum
1051 770 1120 807 illa
1141 771 1470 818 pernecessaria«
1514 771 1648 819 Neque
1683 771 1842 808 obstant
1870 784 1956 809 sen-

220 829 367 866 tentiae
389 828 660 875 communiori,
695 841 794 877 quae
816 828 984 865 affirmat
1005 841 1121 877 posse
1143 829 1277 867 haberi
1310 829 1429 867 simul
1459 829 1574 867 fidem
1607 832 1646 867 et
1677 830 1879 867 scientiam
1911 831 1957 867 de

220 888 356 926 eodem
377 887 540 937 objecto,
564 888 683 925 verba
704 888 819 925 Pauli
841 887 1007 925 dicentis
1030 888 1146 925 fidem
1168 901 1251 926 esse
1273 894 1540 937 aryumentum
1562 901 1636 926 non
1658 891 1933 938 apparentium
1943 905 1959 938 7·

219 947 322 984 hisce
344 947 448 984 enim
471 947 616 984 Paulus
638 948 793 984 tantum
815 946 1009 996 significat
1030 947 1120 984 fidei
1144 947 1341 996 objectum
1363 945 1596 1000 (materiale)
1620 961 1665 985 ex
1679 949 1817 997 majori
1831 949 1956 997 potio-

221 1005 335 1054 rique
356 1007 466 1054 parte
489 1018 571 1043 esse
592 1018 671 1043 non
694 1018 900 1054 apparens,
936 1008 975 1043 et
1007 1006 1201 1055 objectum
1234 1006 1449 1044 formale
1480 1020 1557 1045 non
1589 1019 1673 1045 esse
1706 1007 1955 1053 evidentiam,

223 1077 292 1102 seu
313 1064 426 1102 fidem
450 1067 644 1113 quantum
667 1068 725 1102 est
746 1078 791 1102 ex
813 1077 852 1102 se
875 1077 955 1102 esse
986 1065 1261 1109 inevidentem,
1295 1078 1372 1103 non
1394 1066 1555 1103 reddere
1577 1067 1737 1103 evidens
1761 1067 1957 1115 objectum

215 1123 465 1163 credendum.

336 1230 435 1271 46]-
459 1227 625 1271 ThOSiS
648 1226 847 1271 LXXX·
903 1242 957 1276 Ut
991 1243 1126 1276 homo
1164 1244 1350 1277 credere
1381 1245 1543 1285 possit,
1575 1247 1770 1286 praeter
1804 1246 1958 1287 coqni-

217 1302 391 1335 tionem
416 1302 713 1335 auctoritatis
739 1302 924 1336 divinae
950 1311 1127 1336 necesse
1153 1305 1231 1344 est,
1256 1305 1307 1335 ut
1333 1306 1455 1337 certo
1481 1304 1568 1337 sibi
1594 1306 1779 1345 constet,
1805 1304 1957 1338 Deum

217 1370 316 1394 esse
352 1361 570 1394 locutum.
609 1360 761 1393 Deum
799 1363 956 1394 autem
992 1360 1196 1394 locutum
1235 1370 1331 1395 esse
1369 1365 1546 1396 constat
1581 1372 1639 1396 eac
1674 1365 1871 1405 motivis,
1906 1366 1958 1397 ut

216 1419 370 1462 ayunt,
397 1419 733 1461 credibilitatis,
760 1429 878 1461 quae
904 1421 1027 1453 ratio
1054 1421 1262 1454 humana
1291 1423 1412 1454 certo
1440 1430 1708 1463 coqnoscere
1732 1425 1892 1463 potest.

336 1499 613 1542 Declaratio
635 1512 682 1554 p.
706 1499 746 1542 I.
790 1497 892 1539 Cum
927 1511 978 1539 ex
1011 1499 1131 1539 dictis
1163 1499 1204 1539 in
1237 1505 1334 1540 actu
1366 1500 1460 1541 fidei
1483 1501 1766 1542 assentiamus
1789 1503 1955 1542 veritati

218 1570 462 1622 propositae
485 1575 657 1622 propter
680 1570 978 1611 auctoritatem
993 1570 1069 1611 Dei
1091 1570 1329 1619 revelantis,
1352 1575 1469 1623 patet
1484 1571 1537 1612 ad
1552 1572 1645 1621 hoc,
1668 1576 1714 1613 ut
1728 1572 1956 1624 prudenter

216 1640 455 1688 credamus,
479 1641 635 1693 requiri
669 1640 709 1684 1.
733 1646 779 1680 ut
801 1652 1111 1692 cognoscamus
1134 1640 1207 1681 Dei
1231 1642 1521 1682 exsistentiam
1544 1647 1671 1695 atque
1694 1643 1737 1683 in
1760 1643 1954 1684 testando

218 1712 517 1752 auctoritatem
539 1723 687 1763 parem
711 1711 764 1751 ad
786 1711 1155 1752 determinandum
1177 1714 1476 1759 assensum32.
1492 1712 1649 1753 factum
1665 1714 1954 1761 revelationis;

219 1783 260 1826 3.
284 1781 467 1822 officium
499 1781 720 1830 credendi‚·
751 1782 791 1824 4.
816 1782 1087 1823 revelationis
1119 1782 1344 1835 obJectum.
1389 1782 1615 1833 Quaeritur
1637 1795 1749 1835 ergo,
1782 1796 1865 1837 qua
1887 1785 1956 1825 via

219 1854 326 1894 haec
348 1853 472 1894 nobis
494 1853 775 1894 innotescant.
818 1853 954 1894 Dilato
984 1854 1152 1895 interim
1175 1860 1331 1906 puncto
1354 1854 1501 1895 ultimo
1526 1855 1579 1895 ad
1602 1856 1835 1896 sectionem
1858 1868 1955 1909 seq..

218 1923 273 1964 ad
296 1924 376 1964 tria
398 1924 541 1976 priora
563 1923 643 1964 hac
666 1924 707 1963 in
730 1924 919 1964 sectione
941 1924 1303 1976 respondebimus,
1331 1923 1645 1965 praetermissis
1668 1925 1955 1967 subtilioribus

217 1994 539 2047 quaestionibus
572 1994 783 2046 variisque
814 1994 1110 2047 theologorum
1143 1995 1194 2036 de
1224 1995 1374 2036 iisdem
1407 1996 1675 2047 opinionibus
1708 2009 1759 2037 ea
1790 2002 1954 2037 tantum

218 2065 403 2107 breviter
424 2065 717 2114 indicabimus,
741 2077 850 2118 quae
872 2065 996 2106 nobis
1017 2066 1211 2107 videntur
1233 2067 1427 2107 tenenda.
1451 2065 1634 2108 Censent
1648 2067 1954 2116 Viva‚Mau-

218 2150 309 2177 rus
340 2137 362 2177 l.
388 2140 454 2181 79.
485 2139 579 2185 118,
612 2136 870 2186 Autome,
902 2137 1111 2186 Kilber,
1144 2136 1406 2178 Schazler
1438 2138 1592 2190 aliique
1624 2150 1720 2178 cum
1753 2137 1955 2179 Suarez

217 2207 256 2251 d.
274 2211 299 2252 3
315 2221 344 2249 3.
362 2211 399 2256 6.
422 2207 721 2248 auctoritatem
737 2207 824 2257 Dei,
845 2213 972 2260 prout
993 2213 1137 2250 movet
1159 2208 1212 2248 ad
1236 2209 1448 2249 credenda
1461 2209 1661 2257 revelata.
1685 2208 1840 2250 debere
1855 2222 1955 2262 cog-

219 2279 338 2320 nosci
361 2283 402 2319 et
425 2279 539 2319 credi
561 2282 734 2330 propter
757 2279 892 2331 ipsam
916 2279 1240 2320 revelationem:
1272 2279 1472 2329 „dicendo
1497 2280 1608 2320 enim
1625 2279 1769 2336 (Deus)
1786 2280 1954 2333 aliquid,

218 2361 271 2390 eo
299 2350 396 2401 >ipso
420 2349 518 2389 dicit
540 2361 586 2389 se
613 2361 706 2390 esse
728 2361 927 2390 veracem
949 2351 990 2390 in
1014 2362 1076 2399 eo,
1108 2350 1221 2403 quod
1244 2350 1428 2390 affirmat
1450 2383 1457 2390 .
1481 2382 1489 2391 .
1513 2384 1520 2391 .
1544 2351 1680 2403 ipsum
1704 2357 1846 2392 autem
1870 2351 1954 2392 for-

220 2419 331 2461 male
363 2420 578 2472 objectum
608 2432 694 2460 non
726 2421 767 2460 in
799 2420 909 2461 aliud
933 2420 1169 2469 resolvitur,
1201 2421 1275 2461 sed
1298 2433 1372 2473 per
1394 2432 1439 2462 se
1461 2422 1596 2473 ipsum
1621 2422 1824 2463 creditur:
1857 2424 1955 2475 quia

221 2495 359 2542 potest
391 2491 442 2531 de
476 2502 522 2532 se
544 2491 636 2543 ipso
659 2490 873 2531 testificari
897 2496 938 2531 et
959 2492 1017 2531 ita
1039 2492 1080 2531 in
1103 2493 1241 2543 seipso
1266 2491 1495 2532 reflectitur
1518 2497 1558 2533 et
1579 2493 1651 2533 tali
1674 2493 1801 2534 modo
1827 2494 1877 2534 de
1909 2506 1954 2534 se

218 2560 479 2611 testificatur,
510 2566 557 2602 ut
586 2560 712 2601 faciat
747 2561 963 2602 evidenter
995 2562 1209 2602 credibilia
1232 2574 1318 2603 non
1341 2563 1476 2603 solum
1501 2563 1583 2604 alia
1606 2576 1715 2617 quae
1738 2564 1848 2611 dicit,
1880 2564 1954 2604 sed

218 2632 346 2673 etiam
371 2644 433 2681 ea,
456 2645 564 2686 quae
587 2633 639 2674 de
662 2646 707 2675 se
727 2634 818 2686 ipso
840 2633 1124 2676 testificatur.“
1153 2633 1266 2674 Idem
1282 2634 1406 2675 docet
1428 2635 1478 2676 de
1501 2635 1519 2676 f
1526 2640 1648 2676 acto
1671 2637 1954 2685 revelationiS,

223 2702 526 2744 revelationem
550 2705 633 2745 scil.
667 2705 742 2745 Dei
764 2705 940 2745 dicentis
963 2716 1030 2745 res
1053 2704 1147 2744 fidei
1170 2704 1426 2746 credendam
1449 2719 1541 2747 esse
1564 2706 1644 2748 fide
1667 2707 1809 2748 divina
1832 2713 1872 2748 et
1894 2722 1953 2748 in-

220 2772 325 2822 fusa,
348 2774 446 2825 quia
467 2773 579 2815 Deus
601 2776 796 2816 revelans
820 2787 870 2816 eo
894 2776 985 2827 ipso
1009 2775 1169 2815 revelat
1191 2787 1235 2816 se
1258 2776 1457 2818 revelare.
1481 2777 1586 2818 Hinc
1609 2778 1660 2818 de
1683 2779 1817 2830 gratia
1840 2779 1862 2820 l.
1879 2784 1903 2822 *2
1920 2791 1952 2818 c.

223 2846 274 2887 11
309 2845 453 2885 infert:
494 2845 668 2895 „Fidelis
700 2851 741 2887 et
771 2858 839 2887 res
871 2846 1005 2886 dictas
1038 2850 1079 2886 et
1101 2846 1234 2887 Deum
1265 2847 1405 2889 dicere
1437 2852 1478 2889 et
1500 2849 1632 2889 Deum
1661 2861 1745 2889 non
1769 2848 1852 2888 falli
1874 2860 1952 2889 nec

220 2912 376 2963 fallere,
400 2919 441 2955 et
463 2916 662 2968 quidquid
685 2917 737 2957 ad
761 2917 1019 2958 credendum
1044 2929 1092 2957 ex
1116 2922 1236 2969 parte
1259 2917 1446 2960 formalis
1469 2919 1624 2972 objecti
1648 2924 1688 2960 et
1710 2919 1855 2959 motivi
1878 2932 1952 2959 ne-

220 2985 451 3026 cessarium
481 2991 555 3036 est,
587 2987 736 3028 eadem
770 2988 851 3028 fide
883 2988 974 3028 sola
997 2989 1174 3029 veritate
1201 2994 1241 3029 et
1263 2990 1516 3031 auctoritate
1539 2990 1613 3030 Dei
1635 2991 1756 3029 nixus
1779 2989 1944 3029 credit.“

218 3054 313 3106 Qua
343 3056 385 3096 in
416 3068 461 3097 re
492 3056 646 3117 fatetur
676 3059 766 3111 ipse
789 3057 991 3099 Suarez
1025 3071 1224 3110 magnum
1260 3072 1353 3101 esse
1376 3060 1470 3101 fidei
1492 3061 1750 3113 mysterium.
1793 3059 1951 3100 Verum
