2175 3382
825 151 868 185 de
887 151 1042 185 ecclesia
1060 151 1269 185 universali.
1828 158 1916 198 405

178 274 227 312 ad
248 274 457 312 Acholium
486 273 858 311 thessalonicensem
889 275 929 310 et
960 272 1055 309 alios
1076 272 1322 310 Macedoniae
1345 273 1542 322 episcopos
1565 274 1665 311 datis
1689 272 1745 326 (ὃ.
1769 273 1812 327 9)
1835 276 1915 313 Ma-

179 333 273 370 ximi
305 332 431 382 cynici
461 332 748 370 ordinationem
780 332 821 368 in
852 331 1079 379 episcopum
1102 331 1170 368 ΟΡ.
1194 331 1354 368 damnat
1383 331 1550 380 illosque
1581 333 1770 374 hortatur.
1803 335 1850 371 ut
1875 334 1917 371 in

179 391 328 442 synodo
359 391 533 440 proxime
555 390 897 439 Constantinopoli
929 389 1160 427 celebranda
1193 389 1336 439 dignus
1367 390 1426 427 illi
1459 391 1641 429 ecclesiae
1668 392 1917 440 praeficiatur

178 451 381 500 episcopus
413 446 461 502 (a.
487 446 600 502 380).
644 449 789 494 Quanti
816 448 952 486 fecerit
972 449 1035 485 vel
1057 448 1298 486 Theodosius
1321 448 1532 498 imperator
1554 451 1703 488 romani
1721 451 1916 500 pontificis

177 509 509 558 approbationem,
532 509 661 557 liquet
676 521 721 545 ex
736 507 910 545 Nectarii
932 505 985 559 (a.
1003 504 1103 560 381)
1119 507 1384 544 ordinatione:
1409 520 1526 556 quam
1549 509 1787 546 existimavit
1810 536 1827 553 »
1837 523 1916 548 non

178 568 320 606 habere
342 568 568 605 firmitatem
591 569 806 616 propterea,
830 567 923 615 quia
943 566 985 603 in
1006 569 1140 603 nostra
1152 566 1312 603 notione
1326 579 1403 604 non
1418 568 1521 604 esset
1531 572 1561 611 «,
1585 569 1629 604 ut
1645 568 1780 605 scribit
1794 569 1915 606 Boni-

178 627 299 665 fatius
320 627 350 664 Ι.
373 639 431 675 ep.
460 633 508 667 15
533 639 571 663 n.
596 632 632 671 6,
664 626 831 674 ideoque
864 625 1020 670 „missis
1053 637 1072 661 e
1103 625 1225 663 latere
1256 637 1326 662 suo
1357 625 1493 663 aulicis
1515 638 1601 663 cum
1626 627 1816 675 episcopis
1838 628 1915 665 for-

178 689 321 723 matam
345 686 495 735 (literas
518 685 801 723 communionis
823 681 989 736 indices)
1011 684 1103 721 huic
1125 697 1147 721 a
1168 684 1259 721 sede
1280 696 1440 722 romana
1462 684 1580 734 dirigi
1595 686 1828 735 regulariter
1850 686 1915 724 de-

177 744 366 794 poposcit,
399 756 498 792 quae
529 744 613 793 ejus
645 743 907 781 sacerdotium
938 743 1179 782 roboraret-f<
1224 743 1423 792 Pei-igenis
1453 744 1495 780 in
1527 744 1808 782 corinthiorum
1835 745 1915 794 epi-

178 816 336 852 scopum
367 803 597 840 electionem
628 802 920 852 refragantibus
950 802 1133 850 pluribus
1165 802 1267 839 idem
1301 803 1596 840 Bonifatius
1626 805 1748 840 ratam
1780 804 1918 841 habuit

182 860 231 914 [a.
256 859 370 913 422).
392 862 584 899 Defuncto
607 874 635 901 s.
658 862 844 899 Flaviano
866 861 1045 910 episcopo
1067 861 1135 898 ΟΡ.
1151 861 1192 898 in
1214 862 1298 910 ejus
1319 862 1447 898 locum
1470 861 1676 899 ordinatur
1688 862 1916 906 Anatolius3

179 933 295 969 quam
317 921 366 958 ob
388 933 470 958 rem
492 921 729 958 Theodosius
751 920 799 958 ad
813 921 980 958 Leonem
1004 919 1153 965 scribit,
1176 922 1222 957 ut
1244 921 1283 957 in
1306 920 1415 958 illius
1439 921 1657 958 consentiat
1678 921 1917 959 electionem.

179 1006 197 1024 ³>
208 980 322 1030 Agat,
354 979 564 1028 respondet
586 980 680 1017 Leo
713 992 772 1029 ep.
797 987 847 1020 69
878 977 926 1031 (a.
951 976 1065 1031 450),
1098 979 1325 1017 clementiae
1346 982 1497 1017 vestrae
1529 980 1780 1018 devotissima
1810 980 1915 1025 fides,

178 1040 223 1076 ut
254 1051 372 1087 quam
404 1039 574 1088 primum
606 1038 654 1076 ad
680 1051 751 1076 nos
773 1038 1189 1086 constantinopolitani
1212 1039 1396 1087 episcopi,
1430 1039 1562 1087 qualia
1584 1039 1739 1084 debent,
1774 1039 1919 1088 scripta

177 1097 420 1146 perveniant,
452 1100 585 1146 aperte
616 1097 698 1135 scil.
722 1101 760 1135 et
792 1097 961 1135 dilucide
982 1097 1255 1146 protestantia,
1288 1098 1392 1146 quod
1415 1098 1447 1135 si
1470 1098 1559 1147 quis
1582 1098 1628 1136 de
1650 1099 1918 1136 incarnatione

176 1156 296 1194 Verbi
317 1157 467 1204 aliquid
489 1156 600 1194 aliud
622 1157 754 1194 credat
776 1159 845 1194 aut
866 1159 1025 1202 asserat,
1049 1169 1166 1204 quam
1189 1156 1469 1194 catholicorum
1484 1157 1661 1194 omnium
1676 1160 1716 1195 et
1731 1170 1816 1195 mea
1828 1170 1917 1206 pro-

177 1215 293 1254 fessio
314 1217 570 1264 protestatur,
594 1216 697 1253 hunc
719 1229 740 1253 a
762 1228 832 1253 sua
854 1215 1125 1253 communione
1149 1218 1335 1260 secernat,
1360 1217 1406 1253 ut
1427 1217 1463 1253 ei
1486 1216 1697 1253 fraternam
1711 1217 1753 1253 in
1768 1216 1918 1254 Christo

176 1274 383 1312 caritatem
405 1275 543 1312 merito
564 1275 760 1324 possimus
783 1274 1048 1324 impendere«
1077 1275 1325 1323 Tantumque
1347 1277 1479 1312 autem
1501 1275 1643 1314 tribuit
1664 1287 1756 1313 suae
1779 1287 1918 1324 appro-

177 1334 339 1379 bationi,
370 1336 417 1371 ut
449 1333 496 1371 ad
526 1334 694 1371 eundem
728 1334 900 1371 scribens
920 1334 1198 1382 imperatorem
1220 1334 1347 1372 dicere
1368 1334 1543 1382 potuerit
1565 1347 1622 1383 ep.
1653 1342 1753 1375 104:
1788 1334 1918 1378 „Satis

177 1393 228 1430 sit
247 1392 446 1442 praedicto
471 1390 704 1445 (Anatolio),
727 1393 831 1442 quod
854 1395 1005 1430 vestrae
1027 1393 1189 1441 pietatis
1212 1393 1358 1430 auxilio
1380 1396 1420 1430 et
1440 1393 1517 1430 mei
1538 1393 1682 1431 favoris
1705 1406 1918 1430 assensu

177 1452 445 1500 episcopatum
474 1454 607 1501 tantae
638 1453 748 1489 urbis
778 1452 965 1490 obtinuit.
977 1457 993 1474 «
1037 1452 1171 1489 Electo
1194 1452 1370 1490 Proterio
1393 1452 1432 1489 in
1455 1453 1676 1501 episcopum
1701 1452 1918 1490 alexandri-

176 1524 273 1548 num
286 1510 313 1547 J
316 1510 448 1548 uliano
470 1511 601 1548 coensi
624 1511 746 1549 refert
769 1510 818 1563 (a.
834 1508 935 1563 454)
959 1510 1063 1548 idem
1085 1511 1260 1559 pontifex
1284 1524 1341 1560 ep.
1364 1517 1440 1551 127
1457 1524 1464 1548 :
1481 1538 1498 1555 »
1510 1511 1682 1549 Fratrem
1699 1511 1918 1549 Proterium

177 1569 449 1607 alexandrinae
470 1570 580 1608 urbis
602 1570 826 1619 episcopum
857 1570 1036 1619 gratulor
1057 1571 1192 1619 plenas
1219 1570 1496 1608 satisfactionis
1518 1570 1564 1607 de
1586 1570 1661 1608 fide
1685 1582 1755 1608 sua
1778 1570 1825 1607 ad
1847 1582 1918 1608 nos

177 1628 312 1666 literas
334 1628 531 1674 direxisse,
562 1631 602 1666 et
622 1629 874 1667 manifestius
897 1629 993 1678 quid
1015 1631 1147 1666 teneat
1168 1629 1370 1674 indicasse,
1404 1629 1467 1666 cui
1488 1642 1549 1666 me
1573 1630 1728 1678 dignam
1752 1629 1917 1678 gratiam

177 1699 335 1725 necesse
366 1690 428 1725 est
459 1700 529 1736 pro
564 1688 654 1725 fidei
685 1688 811 1737 ipsius
843 1688 1067 1725 sinceritate
1098 1690 1308 1736 praestare,
1342 1690 1388 1725 ut
1422 1688 1605 1725 honorem
1630 1688 1671 1725 in
1693 1689 1804 1725 nullo
1827 1700 1918 1725 suae

175 1747 315 1796 perdat
337 1747 531 1792 ecclesiae,
565 1747 633 1784 sed
655 1747 755 1785 sedis
783 1760 875 1785 suae
897 1747 1108 1796 privilegia
1127 1749 1314 1796 paternae
1338 1746 1589 1796 antiquitatis
1611 1747 1785 1795 exemplo
1803 1747 1919 1796 juxta

178 1818 371 1844 canonum
402 1805 557 1843 illibata
583 1806 674 1855 jura
704 1806 913 1855 possideat.
924 1811 940 1829 «
985 1806 1073 1843 Alia
1104 1805 1399 1855 approbationis
1431 1806 1605 1855 exempla
1635 1806 1682 1843 cf.
1704 1806 1746 1843 in
1772 1806 1836 1843 cit.
1860 1818 1918 1854 ep.

177 1864 454 1910 Bonifatii3
477 1865 519 1902 in
541 1877 599 1914 ep.
627 1871 676 1906 18
702 1865 966 1914 Simplicii
986 1865 1035 1902 ad
1055 1865 1239 1902 Acacium
1261 1878 1298 1902 n.
1325 1871 1345 1904 2
1372 1863 1420 1916 (a.
1445 1863 1568 1916 492);
1592 1865 1920 1913 ep,Theodori

180 1922 220 1975 (†
243 1920 345 1976 649)
368 1924 414 1960 ad
437 1923 652 1973 episcopos,
677 1924 745 1972 qui
769 1926 1045 1962 consecrarunt
1067 1924 1236 1961 Paulum
1261 1924 1329 1962 GP.
1354 1920 1480 1976 (Mig.
1509 1931 1601 1970 129,
1629 1920 1739 1976 581).

296 1979 335 2024 f.
357 1983 526 2021 Romani
547 1984 711 2032 episcopi
733 1995 801 2032 pro
825 1995 896 2020 sua
909 1983 1047 2032 capitis
1063 1983 1256 2021 Ecclesiae
1269 1983 1536 2032 praerogativa
1552 1984 1710 2020 concilia
1724 1983 1785 2021 vel
1800 1995 1919 2032 gene-

176 2042 276 2079 ralia
297 2046 450 2079 cassant
472 2042 524 2079 rel
544 2043 771 2091 approbant,
796 2044 843 2079 ut
864 2042 965 2079 infra
987 2042 1239 2080 ostendemus
1260 2043 1315 2079 th.
1342 2049 1361 2081 7
1370 2048 1406 2082 8.
1442 2041 1537 2079 Cum
1558 2054 1649 2079 vero
1670 2052 1715 2093 g.
1745 2041 1920 2079 omnium

179 2101 428 2138 ecclesiarum
458 2100 681 2138 sollicitudo
715 2113 813 2138 onus
844 2101 896 2138 sit
917 2101 1204 2150 gravissimum,
1238 2101 1300 2138 cui
1322 2113 1443 2149 paene
1466 2100 1632 2149 impares
1654 2103 1748 2138 sunt
1769 2100 1919 2150 fragilis

178 2159 346 2197 hominis
367 2159 532 2206 humeri,
555 2160 706 2197 romani
727 2160 930 2209 pontifices
953 2161 1091 2210 leqatos
1113 2172 1418 2208 quaquaversus,
1454 2160 1570 2197 etiam
1592 2160 1634 2197 in
1657 2160 1920 2197 Orientem

179 2219 379 2268 miserunt,
412 2221 531 2267 atque
564 2220 725 2257 vicarios
759 2220 1036 2257 constituerunt
1065 2219 1184 2257 variis
1215 2219 1256 2256 in
1290 2218 1529 2268 regionibus,
1562 2219 1631 2266 qui
1670 2218 1920 2268 negotiorum

178 2279 329 2326 partem
357 2277 584 2327 expedirent
605 2279 646 2315 et
667 2278 714 2315 de
733 2278 952 2327 potioribus
973 2278 1176 2315 referrent.
1218 2279 1278 2315 Ita
1299 2278 1524 2326 episcopum
1546 2278 1919 2315 thessalonicensem

170 2349 292 2382 ,suum
324 2337 365 2373 in
396 2336 478 2374 illis
508 2337 738 2386 regionibus
772 2337 1065 2375 constituebant
1088 2337 1277 2374 vicarium
1301 2335 1376 2388 (lit.
1399 2334 1456 2389 (1),
1481 2336 1527 2373 ad
1551 2349 1668 2385 quem
1690 2349 1745 2387 ex.
1768 2349 1825 2386 gr.
1847 2337 1920 2374 In-

179 2395 459 2433 nocentius
483 2395 622 2433 scribit
643 2409 702 2445 ep.
724 2402 794 2436 13:
819 2396 988 2444 ,Arripe
1010 2396 1156 2444 itaque,
1179 2395 1434 2433 dilectissime
1456 2396 1587 2441 frater,
1611 2397 1791 2433 nostra
1811 2395 1921 2433 vice

179 2466 250 2502 per
271 2454 556 2503 suprascriptas
579 2455 760 2492 ecclesias
784 2455 891 2492 salvo
913 2467 1049 2492 eorum
1070 2454 1245 2504 primatu
1268 2467 1412 2499 curam,
1436 2456 1476 2492 et
1497 2454 1602 2492 inter
1614 2455 1718 2503 ipsos
1733 2454 1920 2504 primates

180 2513 342 2562 primus,
374 2513 571 2562 quidquid
602 2525 666 2551 eos
697 2514 746 2550 ad
776 2526 845 2551 nos
877 2526 1034 2551 necesse
1064 2513 1187 2550 fuerit
1217 2513 1384 2558 mittere,
1416 2526 1495 2551 non
1517 2513 1600 2550 sine
1627 2517 1698 2551 tuo
1720 2514 1921 2563 postulent

180 2572 384 2609 arbitratu.
425 2572 487 2609 Ita
516 2572 619 2609 enim
654 2574 724 2610 aut
753 2585 823 2621 per
852 2574 962 2610 tuam
994 2572 1275 2621 experientiam
1305 2572 1500 2620 quidquid
1531 2572 1631 2610 illud
1665 2574 1727 2610 est
1748 2572 1920 2618 finietur,

180 2633 249 2668 aut
269 2636 339 2668 tuo
362 2631 525 2669 consilio
547 2631 595 2668 ad
617 2644 688 2669 nos
709 2643 836 2680 usque
856 2631 1165 2680 perveniendum
1187 2643 1270 2668 esse
1293 2631 1521 2668 mandamus
1543 2633 1644 2669 eta<
1688 2632 1713 2668 Z
1726 2644 1747 2669 0
1760 2631 1890 2669 simu
1903 2644 1919 2668 s

181 2690 415 2739 legationem
446 2689 624 2740 injunxit
645 2690 880 2740 Augustino,
914 2690 983 2739 qui
1004 2691 1209 2739 propterea
1243 2702 1332 2727 cum
1352 2690 1438 2728 aliis
1458 2690 1649 2740 episcopis
1669 2690 1796 2728 literis
1819 2690 1921 2727 sedis

181 2749 414 2797 apostolicae
445 2749 671 2798 compulsus
704 2749 782 2787 fuit
801 2746 831 2801 1)
866 2749 914 2786 ob
946 2749 1218 2787 necessitatem
1253 2749 1545 2787 ecclesiasticam
1576 2750 1617 2786 in
1650 2749 1921 2787 Mauritaniam

182 2807 327 2844 venire.
368 2808 424 2845 De
445 2807 606 2845 Juliano
639 2808 819 2857 episcopo
851 2808 979 2845 coensi
1011 2807 1147 2845 scribit
1168 2808 1263 2845 Leo
1295 2808 1342 2845 ad
1364 2808 1603 2846 Marcianum
1624 2821 1683 2857 ep.
1711 2816 1784 2849 111
1813 2821 1850 2847 n.
1876 2814 1918 2847 3:

185 2866 266 2910 „De
296 2866 388 2904 fidei
420 2867 505 2915 ejus
529 2867 755 2904 sinceritate
786 2866 984 2904 confidens
1005 2867 1127 2904 vicem
1162 2867 1237 2915 ipsi
1266 2879 1393 2904 meam
1422 2869 1556 2905 contra
1587 2867 1776 2916 temporis
1796 2867 1920 2904 nostri

185 2925 397 2963 haereticos
418 2925 609 2974 delegavi,
633 2928 751 2974 atque
773 2927 933 2974 propter
954 2925 1207 2963 ecclesiarum
1228 2926 1414 2975 pacisque
1435 2926 1662 2971 custodiam,
1685 2928 1731 2962 ut
1754 2938 1774 2962 a
1794 2927 1920 2962 vestro

184 2985 374 3021 comit-atu
394 2996 476 3021 non
497 2985 661 3029 abesset,
685 2985 815 3034 exegi:
850 2985 962 3032 cujus
986 2984 1256 3034 suggestiones
1282 2997 1354 3033 pro
1376 2985 1579 3023 concordia
1601 2984 1809 3022 catholicae
1831 2983 1920 3020 uni-

329 3112 352 3149 1)
372 3109 430 3143 Po
443 3108 600 3144 ssidiu
615 3121 630 3143 s
648 3109 687 3143 in
705 3110 783 3143 vita
802 3120 828 3142 s.
848 3109 942 3153 Aug.
962 3119 990 3142 c,
1014 3113 1074 3145 14:
1095 3109 1139 3145 cf.
1159 3121 1217 3154 ep.
1243 3113 1317 3146 190.
1339 3112 1405 3144 193
1425 3111 1518 3143 inter
1536 3108 1734 3154 Augustini
1754 3119 1809 3151 ep.
