2175 3382
490 126 596 160 Ratio
616 127 852 171 incorruptae
871 128 1161 162 conservationis
1181 129 1368 163 doctrinae
1386 131 1579 166 revelatam.
1821 136 1900 178 137

169 247 227 287 sit
247 246 372 296 iides;
404 246 479 287 sed
501 246 695 287 canalem
718 246 915 287 divinitus
938 247 1188 294 institutum,
1220 259 1295 299 per
1326 260 1451 300 quem
1475 249 1527 289 ad
1551 250 1734 301 singulas
1757 255 1902 303 gentes

168 318 551 370 generationesque
574 316 807 357 derivanda
837 317 891 357 sit
922 316 1116 357 coelestis
1140 316 1292 357 Christi
1325 317 1528 367 doctrina,
1560 331 1652 360 esse
1685 333 1901 374 nunquam

173 389 450 440 interruptam
472 392 693 440 pastorum
715 388 879 430 seriem.
924 387 1042 428 Unde
1067 388 1195 428 etiam
1221 387 1378 428 factum
1410 393 1484 438 est,
1517 394 1561 429 ut
1591 391 1671 431 hac
1704 393 1783 440 via,
1817 405 1904 433 non

174 458 486 511 Scripturarum
517 458 710 507 lectione,
744 456 898 498 Christi
930 457 1031 498 fides
1064 458 1267 499 latissime
1299 458 1600 500 diffunderetur
1633 462 1688 514 (n.
1712 463 1783 517 so)
1816 462 1902 502 lae-

176 529 408 582 tissimique
431 529 683 570 exsisterent
705 528 863 570 fructus
888 530 943 584 (n.
968 530 1064 584 80:
1089 541 1197 581 quae
1222 530 1363 570 divina
1388 530 1623 572 benedictio
1647 532 1743 572 huic
1766 533 1904 574 medio

177 600 344 641 adnexa
365 612 523 640 novum
545 599 723 652 praebet
744 611 821 651 pro
844 599 1042 651 dogmate
1065 600 1274 640 catholico
1290 606 1595 652 argumentum.
1627 601 1771 654 Neque
1795 604 1904 643 enim

177 670 288 711 Deus
310 669 526 711 uberrima
548 682 626 711 sua
647 671 784 722 gratia
805 671 1013 722 potuisset
1035 669 1288 711 benedicere
1311 670 1540 720 laboribus,
1564 673 1633 724 qui
1657 673 1904 721 (secundum

178 741 462 797 adversarios)
485 741 626 793 potius
657 741 833 782 fuissent
865 741 1035 788 ordinis
1072 741 1190 793 cujus
1225 741 1313 793 ipse
1349 746 1460 782 esset
1495 748 1654 790 auctor,
1689 743 1905 784 subversio

172 823 305 864 quam
328 812 542 852 exsecutio
566 812 728 853 consilii
751 811 890 852 divini.

296 896 389 936 122.
414 892 665 937 Scholion.
710 893 833 934 Ratio
859 895 1122 947 incorruptae
1144 895 1460 935 conservationis
1483 895 1694 935 doctrinae
1716 897 1906 937 baalitae.

177 990 233 994 —
247 963 372 1005 Ratio
388 976 588 1017 suprema
602 965 800 1017 perennis
816 965 1151 1005 conservationis
1167 964 1385 1005 doctrinae
1400 965 1625 1014 revelatae,
1650 967 1908 1008 certitudinis

178 1046 228 1075 ac
259 1035 497 1076 securitatis
533 1035 584 1076 de
616 1035 696 1076 hac
729 1036 1053 1076 conservatione
1086 1047 1160 1087 per
1176 1035 1319 1088 jugem
1343 1038 1655 1077 successionem
1681 1038 1908 1088 magisterii

174 1105 452 1146 ecclesiastici
485 1110 550 1146 est
579 1107 835 1157 promissum
867 1105 1152 1158 collatumque
1186 1118 1210 1146 a
1234 1105 1399 1147 Christo
1423 1112 1673 1159 perpetuum
1696 1108 1908 1148 charisma

172 1176 378 1224 veritatis,
408 1181 453 1217 ut
475 1176 664 1229 pluribus
688 1177 816 1217 etiam
839 1177 1112 1217 ostendemus
1136 1177 1187 1217 de
1211 1177 1485 1219 ecclesiastici
1508 1178 1737 1229 magisterii
1759 1178 1908 1218 infalli-

176 1246 336 1288 bilitate
367 1247 625 1288 disserentes
646 1251 685 1299 1).
709 1273 764 1278 —
787 1247 945 1288 Verum
978 1248 1144 1288 etiamsi
1176 1248 1455 1289 ministerium
1488 1248 1820 1289 ecclesiasticum
1843 1249 1906 1288 hi-

178 1318 331 1359 storice
354 1322 519 1359 tantum
541 1323 767 1370 spectetur,
798 1318 1063 1370 praecisione
1086 1317 1198 1359 facta
1222 1318 1275 1359 ab
1298 1319 1367 1359 illo
1391 1319 1580 1359 veritatis
1603 1319 1861 1360 charismate
1885 1332 1908 1359 a

174 1387 345 1429 Christo
369 1390 406 1430 ei
428 1389 651 1440 promisso,
683 1389 784 1430 illud
807 1389 915 1430 adeo
939 1395 1036 1442 apte
1060 1402 1137 1430 suo
1161 1391 1325 1431 muneri
1348 1390 1668 1431 conservandae
1691 1391 1908 1431 doctrinae

178 1459 417 1512 respondet,
448 1464 492 1501 ut
524 1460 590 1501 vel
621 1472 696 1512 per
727 1473 772 1501 se
804 1460 1015 1501 sufficeret
1047 1461 1100 1501 ad
1127 1473 1297 1502 omnem
1322 1461 1602 1512 corruptionis
1626 1462 1909 1513 suspicionem

179 1530 496 1571 excludendam.
538 1530 646 1572 Nam
671 1532 890 1572 verissime
913 1531 964 1572 de
986 1531 1199 1572 Ecclesiae
1222 1532 1413 1584 patribus
1437 1536 1478 1572 et
1499 1532 1741 1583 pastoribus
1764 1532 1910 1573 scribit

177 1602 517 1655 Augustinus
539 1604 562 1646 l.
586 1608 611 1647 2
636 1616 669 1644 c.
693 1603 842 1644 Julian.
866 1616 903 1643 n.
929 1607 1003 1647 34:
1033 1603 1179 1654 „Quod
1201 1604 1452 1644 invenerunt
1477 1604 1519 1643 in
1540 1603 1739 1651 Ecclesia,
1762 1608 1909 1643 tenue-

178 1679 295 1722 runt;
319 1674 431 1727 quod
453 1674 701 1723 didicerunt,
725 1675 980 1716 docuerunt:
1015 1675 1128 1727 quod
1152 1687 1177 1714 a
1200 1675 1389 1726 patribus
1413 1678 1680 1726 acceperunt.
1712 1674 1794 1714 hoc
1816 1673 1910 1713 filiis

178 1744 477 1786 tradiderunt.‘·'
519 1745 655 1796 Quam
681 1745 735 1786 ob
756 1757 932 1786 causam
955 1745 1033 1786 illis
1056 1746 1113 1785 nil
1136 1745 1243 1786 adeo
1268 1757 1444 1786 exosum
1469 1750 1560 1786 erat
1582 1756 1710 1796 quam
1732 1745 1910 1784 novitas.

187 1815 300 1866 „Mos
330 1816 421 1859 iste.
454 1816 600 1856 scribit
621 1815 952 1856 Vincentius
978 1816 1038 1856 lir.
1062 1827 1274 1857 common.
1301 1827 1333 1855 c.
1358 1819 1382 1859 6
1406 1828 1445 1855 n.
1472 1818 1536 1859 16,
1569 1826 1737 1866 semper
1768 1815 1810 1854 in
1833 1813 1911 1854 Ec-

180 1886 308 1927 clesia
328 1887 469 1938 viguit,
492 1891 537 1927 ut
559 1899 642 1939 quo
666 1887 842 1939 quisque
865 1887 973 1927 foret
994 1886 1239 1938 religiosior,
1263 1898 1313 1927 eo
1336 1887 1571 1938 promptius
1593 1885 1770 1926 novellis
1793 1884 1912 1925 adin-

175 1957 447 1997 ventionibus
462 1958 704 1998 contrairet.
739 1957 949 2009 Exemplis
965 1957 1119 1997 talibus
1141 1957 1266 2009 plena
1289 1962 1387 1997 sunt
1409 1957 1587 1999 omnia.¹·'
1618 1955 1738 2006 Quod
1763 1955 1912 1995 deinde

179 2028 358 2069 illustrat
392 2030 684 2070 controversia
718 2029 769 2070 de
804 2028 1117 2080 rebaptizandis
1152 2028 1400 2076 haereticis,
1445 2028 1487 2068 in
1522 2039 1605 2080 qua
1640 2026 1912 2080 Cypriano

179 2099 330 2140 restitit
351 2098 690 2151 Stephanus,
713 2099 1088 2151 narrationemque
1104 2111 1225 2140 suam
1249 2099 1307 2139 ita
1330 2098 1531 2139 absolvit:
1562 2097 1685 2149 „Quis
1701 2110 1799 2150 ergo
1816 2103 1914 2138 tunc

181 2170 367 2211 universi
389 2171 545 2223 negotii
567 2171 732 2212 exitus?
776 2169 878 2221 Quis
900 2170 1043 2222 utique
1066 2170 1145 2210 nisi
1168 2171 1347 2210 usitatus
1379 2174 1414 2210 et
1435 2170 1578 2210 solitus
1593 2170 1613 2209 ,9
1650 2168 1829 2209 Retenta
1854 2174 1915 2209 est

181 2241 265 2284 scil.
288 2242 529 2294 antiquitas,
552 2241 727 2294 explosa
752 2242 954 2282 novitas.“
1005 2240 1063 2281 Cf.
1087 2253 1144 2282 cc.
1171 2244 1207 2285 S.
1231 2244 1268 2284 9.
1292 2244 1347 2284 22
1370 2253 1424 2280 ss
1448 2244 1503 2284 30
1527 2254 1579 2282 ss.
1614 2240 1662 2280 Et
1683 2252 1832 2280 revera
1855 2245 1915 2280 tot

176 2316 349 2352 exstant
382 2312 586 2364 exempla,
633 2317 736 2365 quot
769 2311 856 2352 fere
892 2311 1071 2352 concilia
1114 2316 1155 2352 et
1198 2311 1515 2352 controversiae
1550 2323 1646 2351 cum
1681 2311 1914 2351 haereticis.

179 2380 343 2424 Oborto
367 2383 479 2424 enim
502 2383 642 2436 aliquo
667 2395 812 2424 errore
834 2395 934 2423 mox
957 2382 1309 2423 commovebatur
1331 2381 1531 2428 Ecclesia,
1564 2386 1610 2421 ut
1642 2393 1795 2433 corpus
1825 2381 1914 2421 vul-

183 2464 285 2494 nere
306 2452 476 2502 inflicto,
500 2465 666 2494 errores
690 2452 988 2494 deferebantur
1010 2452 1064 2493 ad
1087 2453 1322 2504 episcopos,
1352 2452 1396 2492 in
1427 2452 1571 2504 primis
1604 2451 1657 2492 ad
1689 2463 1915 2492 romanum

183 2522 447 2575 pontificem;
480 2529 520 2565 et
551 2525 660 2566 sicut
681 2528 861 2564 naturae
886 2524 994 2564 vires
1017 2523 1069 2564 ad
1094 2523 1278 2564 vulneris
1300 2524 1440 2564 locum
1464 2523 1577 2564 velut
1599 2522 1816 2564 confluunt
1837 2535 1913 2574 pro

183 2595 372 2648 ejusdem
395 2597 626 2645 curatione,
659 2596 718 2636 ita
750 2596 877 2636 etiam
908 2595 1127 2647 proposita
1158 2607 1271 2636 nova
1302 2595 1496 2635 doctrina
1528 2594 1713 2646 episcopi
1746 2605 1843 2633 mox
1874 2593 1915 2631 in

179 2667 362 2708 concilia
385 2666 754 2719 congregabantur
785 2678 861 2718 pro
894 2665 1052 2706 tuenda
1075 2666 1344 2718 antiquitate;
1379 2665 1593 2705 doctrinas
1616 2676 1750 2703 novas
1773 2663 1914 2714 explo-

328 2828 350 2865 ¹)
371 2823 423 2857 Cf.
441 2825 495 2858 th.
515 2828 558 2858 52
578 2836 616 2863 s.,
635 2824 700 2857 ubi
718 2823 852 2857 clarius
866 2823 1064 2857 disseretur
1083 2823 1194 2856 etiam
1214 2821 1257 2856 de
1272 2822 1380 2866 liujus
1394 2821 1599 2865 magisterii
1612 2819 1818 2853 infallibilis
1835 2818 1913 2850 sub-

180 2877 291 2921 jecto,
311 2877 354 2911 de
371 2877 417 2910 iis
436 2877 530 2918 ideo,
549 2878 613 2920 qui
632 2877 868 2910 constituunt
886 2876 1013 2909 seriem
1032 2877 1223 2920 pastorum
1242 2885 1430 2918 nunquam
1450 2875 1704 2916 interruptam.
1724 2882 1786 2915 per
1804 2881 1913 2913 quam

185 2929 322 2963 canalis
339 2930 459 2963 instar
477 2930 522 2964 ad
541 2929 710 2975 singulas
727 2929 984 2974 generationes
1003 2928 1189 2962 derivetur
1205 2927 1339 2961 Christi
1359 2927 1534 2960 doctrina.
1563 2933 1599 2958 et
1617 2935 1709 2967 quae
1727 2923 1770 2956 de
1793 2923 1910 2955 Eccle-

186 2981 260 3015 siae
277 2981 554 3025 apostolicitate
571 2982 624 3016 th.
644 2984 687 3016 61
710 2982 892 3019 dicemus3
918 2981 956 3014 in
973 2981 1104 3024 primis
1123 2980 1208 3014 Fra
1220 2992 1244 3013 n
1256 2992 1272 3013 z
1284 2990 1302 3013 e
1314 2979 1384 3013 lin
1410 2978 1462 3011 th.
1483 2981 1515 3017 S,
1545 2978 1606 3011 ubi
1626 2975 1815 3019 synoptice
1834 2984 1913 3017 pro-

179 3034 291 3078 ponit
307 3036 455 3078 patrum
474 3034 691 3075 doctrinam,
711 3034 774 3078 qui
791 3034 861 3068 hoc
876 3034 1105 3068 momentum
1123 3033 1324 3077 plurimum
1344 3034 1474 3076 urgent
1497 3031 1539 3063 acl
1560 3028 1817 3063 conciliandam
1832 3026 1912 3059 fide-

186 3086 283 3120 ·libus
303 3086 537 3120 securitatem
555 3087 599 3120 de
617 3087 831 3121 traditionis
850 3086 1138 3130 incorruptione.
