2175 3382
212 156 263 195 75
502 148 618 182 'ri-net.
643 150 665 181 l.
688 149 868 192 Apologia
888 148 990 191 relig.
1013 148 1248 181 christianae.
1268 146 1396 180 'rhesis
1415 146 1488 179 XV.
1510 146 1643 180 Christi

208 286 298 309 cum
321 272 414 308 tides
437 271 489 308 sit.
512 271 643 314 libera,
678 270 797 307 simul
820 282 910 308 vero
934 270 1104 307 difficilis
1135 272 1220 306 tum
1245 268 1396 306 ratione
1419 268 1492 311 sui,
1523 270 1609 305 tum
1633 268 1783 305 ratione
1814 280 1947 306 eorum

210 343 308 379 quae
333 329 521 378 praecipit
543 333 583 367 et·
605 329 736 379 exigit.
760 330 937 367 sufficere
959 329 1006 366 ad
1029 328 1292 377 explicandam
1316 327 1632 364 incredulitatem
1648 327 1825 364 innatam
1838 327 1949 364 nobis

205 390 254 427 acl
277 389 422 426 malum
445 388 755 437 propensionem.
798 389 965 436 Ideoque
987 388 1056 425 hac
1079 388 1120 424 in
1143 400 1183 425 re
1210 387 1300 436 plus
1324 387 1462 435 probat
1495 386 1621 423 fidelis
1652 398 1756 423 unus
1787 388 1948 435 propter

209 449 299 485 fidei
322 448 608 492 difficultatem,
632 460 749 495 quam
772 448 879 484 mille
902 447 1094 484 increduli
1118 449 1276 496 propter
1298 445 1586 483 incredulitatis
1608 445 1802 493 quandam
1825 445 1949 482 facili-

206 511 339 545 tatem.

327 590 393 631 67-
417 587 585 630 Thesis
608 586 709 629 XV-
757 601 951 633 Omnem
989 608 1133 640 pom-o
1166 600 1357 639 fraudis
1395 600 1706 640 suspicionem
1745 599 1951 634 excludit

208 663 364 703 imayo
389 661 501 695 Jesu
533 661 718 694 Christi.
754 669 872 702 quae
915 659 1184 701 Eransleliis
1222 659 1405 701 depicta
1442 660 1719 699 continetur,
1758 660 1950 702 ipsaque

206 723 422 756 doctrina
443 721 586 763 plane
613 719 818 752 coelestis
845 727 875 751 (ι
905 718 1086 751 Christo
1112 719 1364 758 proposita.

330 801 695 846 Demonstratio
717 813 760 854 p.
785 800 826 842 Ι.
860 797 903 839 Si
937 798 1045 839 mira
1068 797 1222 839 Christi
1253 810 1386 851 opera
1407 810 1509 839 vera
1539 803 1638 839 sunt
1668 798 1874 839 miracula
1906 803 1951 839 ut

210 873 486 920 ostendimus,
519 871 677 912 nullum
711 875 773 911 est
809 869 997 918 dubium,
1030 881 1127 910 eum
1150 881 1244 910 esse
1267 869 1341 910 Dei
1363 869 1558 921 legatum.
1602 867 1783 932 Omnem
1806 873 1951 910 tamen

209 944 462 996 suspicionis
484 942 682 983 umbram
707 941 890 982 excludit
905 940 1190 981 consideratio
1207 952 1418 992 personae
1436 941 1566 993 ipsius
1580 939 1745 990 Christi,
1767 952 1950 994 quacum

212 1015 372 1056 nullum
403 1013 563 1055 fraudis
585 1013 808 1065 vestigium
842 1012 1058 1053 conciliari
1085 1017 1244 1064 potest;
1275 1012 1361 1052 imo
1385 1010 1538 1053 Christi
1558 1012 1657 1061 vita,
1678 1016 1725 1053 ut
1746 1012 1789 1052 in
1811 1010 1950 1052 Evan-

210 1086 327 1138 geliis
358 1085 509 1136 legitur
541 1084 719 1136 depicta,
750 1096 909 1124 novum
943 1082 1182 1135 suppeditat
1218 1081 1507 1123 credibilitatis
1540 1082 1759 1123 motivum.
1802 1081 1950 1123 Consi-

208 1158 380 1198 deretur

333 1240 371 1283 1.
396 1239 485 1291 ejus
518 1239 571 1279 ad
598 1237 762 1278 Deum
794 1237 965 1278 Patrem
997 1237 1169 1285 relatio;
1199 1237 1313 1277 hunc
1344 1249 1476 1277 unum
1507 1236 1733 1288 cogitabat,
1765 1236 1951 1285 amabat,

211 1310 475 1364 loquebatur,
516 1309 665 1362 plenus
708 1308 1039 1361 profundissima
1079 1320 1180 1360 erga
1220 1319 1317 1348 eum
1357 1307 1596 1348 reverentia
1637 1307 1951 1361 tenerrimoque

208 1393 368 1422 amore.
401 1379 464 1421 Ne
486 1385 751 1421 momentum
776 1379 946 1432 quidem
967 1379 1079 1420 vitae
1101 1379 1232 1431 ipsius
1253 1377 1525 1431 praeteribat,
1547 1390 1630 1431 quo
1654 1378 1720 1419 sui
1741 1390 1850 1431 pene
1871 1378 1950 1419 ob-

208 1452 307 1492 litus
338 1463 425 1492 non
456 1456 569 1492 totus
593 1450 729 1491 Patris
761 1451 921 1503 gloriae
945 1451 1130 1491 intentus
1157 1450 1281 1490 tuerit
1303 1450 1476 1502 ejusque
1498 1449 1760 1490 voluntatem
1783 1448 1951 1505 fecerit3

210 1523 329 1563 cibus
362 1523 491 1575 ipsius
523 1526 615 1563 erat
646 1522 786 1562 tacere
818 1521 1086 1562 voluntatem
1118 1521 1220 1574 ejus,
1253 1521 1324 1574 qui
1350 1521 1463 1561 misit
1483 1521 1634 1573 ipsum,
1664 1525 1709 1561 ut
1731 1519 1953 1573 perficeret

210 1606 318 1646 opus
341 1593 431 1646 ejus
456 1593 535 1648 (Jo.
557 1597 597 1643 4,
620 1593 704 1650 34).
737 1591 884 1645 Neque
907 1593 1137 1646 quidquam
1160 1592 1203 1633 in
1225 1592 1362 1633 Patris
1385 1591 1518 1644 gloria
1539 1591 1833 1644 promovenda
1855 1604 1951 1633 eum

211 1665 426 1705 deterrere
448 1664 603 1716 potuit:
635 1677 723 1705 non
755 1665 945 1704 omnium
969 1663 1206 1704 mediorum
1229 1663 1517 1704 humanorum
1540 1661 1739 1709 defectus,
1770 1675 1857 1704 non
1879 1675 1952 1704 ca-

209 1735 408 1784 lumniae,
441 1735 550 1785 odia,
583 1735 913 1787 persecutiones,
947 1747 1035 1775 non
1066 1738 1384 1775 succrescentes
1415 1734 1459 1774 in
1490 1734 1580 1775 dies
1612 1733 1877 1775 difficultates
1912 1739 1954 1775 et

209 1807 456 1862 (apparens)
490 1807 628 1847 omnis
651 1818 875 1847 successus
899 1805 1100 1855 defectus,
1131 1805 1283 1858 quibus
1306 1804 1503 1846 omnibus
1526 1804 1780 1846 occurrebat
1800 1805 1952 1858 imper-

212 1878 358 1918 territa
380 1878 511 1918 animi
532 1889 651 1929 pace,
673 1877 992 1930 tranquillitate,
1013 1876 1179 1926 fiducia,
1201 1876 1563 1928 magnanimitate.

331 1961 372 2003 2.
396 1958 698 2001 Consideretur
721 1960 811 2012 ejus
834 1960 888 2000 ad
910 1960 1161 2000 homines
1182 1959 1344 2001 relatio.
1388 1958 1526 2010 Quam
1547 1959 1888 2000 universalis
1909 1973 1952 2002 a.

211 2031 286 2072 fuit
308 2031 399 2083 ejus
421 2031 463 2071 in
484 2031 680 2072 homines
706 2043 839 2080 amor,
865 2032 936 2084 qui
957 2031 1172 2072 neminem
1196 2031 1450 2079 excluderet,
1476 2031 1519 2071 in
1540 2031 1687 2083 primis
1709 2042 1811 2072 vero
1835 2042 1953 2072 com-

213 2102 468 2154 plecteretur
481 2102 692 2155 parvulos,
709 2114 931 2155 pauperes,
954 2106 1235 2154 contemptos,
1249 2102 1464 2150 inimicos;
1485 2102 1532 2145 b.
1556 2113 1682 2154 quam
1706 2101 1952 2151 blandus,

210 2178 330 2214 tener
353 2178 394 2214 et
415 2173 637 2214 dulcedine
661 2174 822 2226 plenuS,
840 2178 1082 2223 maternus;
1105 2186 1146 2217 e.
1171 2185 1299 2226 quam
1323 2185 1605 2225 operosus,
1627 2172 1953 2213 mansuetudine

210 2256 434 2297 quaerens,
467 2244 656 2285 alliciens
687 2249 728 2285 et
760 2244 994 2297 suscipiens
1016 2248 1277 2296 peccatores,
1308 2242 1524 2284 beneficiis
1547 2255 1697 2284 omnes
1719 2243 1954 2291 cumulans,

210 2327 370 2355 sanans
394 2327 565 2356 omnem
588 2315 849 2368 languorem,
872 2320 917 2356 ut
939 2328 970 2358 s.
988 2314 1138 2356 Petrus
1153 2315 1243 2368 ejus
1257 2315 1388 2356 vitam
1404 2314 1628 2367 complecti
1642 2314 1757 2356 hisce
1771 2315 1955 2367 potuerit

212 2385 373 2426 verbis:
405 2386 658 2428 Pei-transiit
690 2387 979 2441 benefaciendo
1012 2390 1048 2427 et
1069 2387 1261 2428 sanando
1284 2399 1420 2427 omnes
1441 2385 1532 2429 Act.
1559 2388 1624 2434 10,
1649 2388 1727 2435 30;
1759 2386 1803 2429 d.
1825 2397 1954 2438 quam

212 2457 342 2498 hero
356 2457 471 2498 icus
494 2457 547 2498 ad
570 2458 787 2511 sanguinis
809 2470 944 2510 usque
967 2469 1042 2510 per
1063 2457 1401 2498 crudelissimam
1415 2460 1598 2498 mortem
1612 2455 1860 2497 effusionem
1875 2468 1952 2509 pro

216 2529 405 2569 omnium
438 2529 574 2570 salute
606 2534 648 2571 et
678 2535 823 2570 tamen
855 2528 980 2570 simul
1011 2542 1050 2572 e.
1073 2533 1162 2569 tam
1194 2532 1385 2569 remotus
1416 2540 1441 2568 a
1473 2527 1622 2580 quavis
1653 2527 1782 2568 etiam
1813 2527 1955 2579 specie

214 2599 340 2640 studii
362 2600 660 2653 commodique
683 2600 863 2653 proprii3
886 2603 1078 2640 remotus
1093 2599 1130 2642 f.
1149 2611 1175 2639 a
1197 2598 1346 2651 quavis
1360 2598 1608 2648 aversionis,
1628 2598 1730 2647 irae,
1743 2597 1955 2639 vindictae
1984 2648 1989 2652 .

222 2668 396 2717 umbra3
418 2681 517 2710 nam
541 2674 702 2722 quanta
725 2675 817 2711 erat
838 2670 969 2722 ipsius
992 2681 1093 2720 erga
1114 2681 1215 2710 suos
1236 2669 1442 2718 inimicos,
1465 2669 1593 2710 etiam
1616 2680 1715 2720 erga
1729 2681 1853 2709 suum
1867 2672 1955 2709 tra-

217 2740 398 2781 ditorem
420 2739 646 2792 patientia,
678 2741 974 2790 mansuetudo,
995 2740 1233 2792 benignitas
1256 2740 1304 2796 1):
1335 2740 1403 2780 vel
1436 2740 1545 2781 inter
1578 2739 1846 2781 atrocissima
1867 2743 1955 2780 tor-

315 2896 337 2934 1)
356 2892 425 2925 Hic
436 2891 595 2926 velillud
603 2904 717 2926 unum
725 2893 948 2934 advertatur,
960 2892 1230 2937 Christum,qui
1238 2893 1332 2926 certe
1342 2892 1569 2938 praesciebat
1577 2892 1599 2926 J
1603 2892 1695 2926 udae
1703 2891 1954 2933 traditionem,

213 2955 299 2978 nam
320 2955 400 2978 eam
419 2944 614 2988 praedixit,
635 2947 711 2979 tam
731 2945 913 2979 blandum
932 2951 970 2980 et,
988 2945 1192 2990 benignum
1212 2956 1299 2989 erga
1316 2946 1439 2989 ipsum
1456 2954 1601 2989 semper
1626 2943 1748 2982 fuisse,
1775 2946 1818 2978 ut
1845 2945 1954 2978 ceteri

215 2996 388 3041 discipuli
404 3007 451 3031 ne
469 2997 645 3041 suspicati
664 2997 813 3041 quidem
834 2998 908 3031 sint
925 2998 1043 3035 ‹Joan.
1058 3000 1112 3035 13.
1126 2999 1196 3042 22).
1215 2997 1385 3041 quisnam
1396 2997 1540 3031 futurus
1552 2999 1647 3030 esset
1657 2997 1834 3031 traditor:
1854 2996 1954 3040 quod

213 3049 322 3084 facile
341 3050 521 3095 conjicere
538 3051 759 3095 potuissent.
779 3050 810 3085 si
828 3051 992 3085 Christus
1009 3051 1070 3085 vel
1087 3050 1242 3095 paulum
1260 3052 1442 3085 austerius
1473 3062 1557 3085 eum
1575 3061 1688 3094 quam
1705 3052 1844 3085 ceteros
1860 3052 1954 3084 trac-

214 3106 340 3138 tasset.
376 3103 428 3138 Cf.
445 3103 715 3147 Hett-inger
734 3104 829 3148 disp.
851 3106 909 3143 183
925 3103 1198 3144 ,Gutberlet
1214 3103 1249 3137 Π
1266 3115 1292 3138 s.
1313 3107 1333 3137 2
1353 3106 1370 3141 ἐ
1389 3106 1421 3139 9.
