2175 3382
301 143 348 182 μ’)
902 134 1172 177 l'rolegomena.
1193 134 1419 168 Momentum

294 254 478 295 Ecclesia
503 253 821 294 transfundatur
851 253 903 293 de
937 253 1209 304 generatione
1241 253 1282 292 in
1314 253 1631 304 generationem
1660 254 1929 296 revelationis
1952 255 2024 295 de-

291 325 486 377 positum,
519 335 593 375 per
615 336 722 376 quos
744 323 872 364 veluti
895 323 1067 364 canales
1099 323 1151 364 ad
1185 335 1263 363 nos
1295 334 1427 374 usque
1450 323 1648 364 decurrat
1670 336 1781 377 aqua
1803 325 2022 367 doctrinae

291 395 516 435 coelestis?
560 393 849 446 Respondebit
872 393 1099 446 disputatio
1124 395 1248 434 tertia
1281 394 1332 435 de
1364 394 1503 435 locis
1528 395 1773 447 theologicis
1793 396 1836 451 1),
1869 396 1909 436 in
1941 408 2024 448 qua

289 465 525 506 ostenditur
547 465 625 506 hos
648 465 820 505 canales
852 464 917 505 vel
949 465 983 504 si
1015 465 1076 505 vis
1111 463 1246 505 sontes
1279 477 1372 505 esse
1395 463 1738 517 Scripturam
1773 471 1814 506 et
1850 466 2024 507 tradi-

289 537 502 577 tionem.
546 535 736 588 Denique
768 535 810 577 4.
845 546 1051 588 quaerere
1073 534 1180 584 licet,
1212 536 1384 588 quinam
1419 537 1472 576 sit
1494 535 1662 577 habitus
1685 537 1793 577 inter
1815 537 2024 578 rationem

287 611 328 647 et
350 606 664 655 revelationem,
688 617 797 658 quae
820 606 985 656 genesis
1007 605 1114 646 illius
1138 610 1270 655 actus,
1293 619 1377 658 quo
1400 607 1529 648 homo
1554 607 1771 648 rationalis
1794 607 2019 648 revelatio-

287 689 384 718 nem
407 677 481 718 Dei
503 677 713 730 loquentis
746 677 787 717 in
819 688 864 717 se
886 677 1061 729 suscipit
1083 681 1210 729 atque
1233 677 1512 729 amplectitur.
1539 679 1693 731 quique
1716 677 1817 719 fides
1840 678 2021 719 dicitur?

285 760 414 800 quam
437 748 729 800 quaestionem
754 747 889 788 solvet
910 747 1139 799 disputatio
1162 747 1214 788 de
1237 747 1333 789 fidei
1356 760 1452 800 gen
1467 749 1544 789 esi
1567 754 1609 789 et
1630 761 1684 790 re
1698 749 1831 801 gula.

404 818 468 861 XI,
505 819 734 872 Apoloyiae
770 817 1028 859 revelationis
1061 823 1318 862 momentum.
1354 845 1408 850 —
1445 820 1696 872 Incipiemus
1739 833 1764 861 a
1806 820 2020 873 religionis

284 890 540 930 christianae
564 889 771 942 apologia.
807 889 929 930 Haud
944 889 1236 930 necessarium
1260 890 1338 930 erit
1361 890 1515 931 diutius
1538 891 1757 932 immorari
1779 892 1821 932 in
1843 891 2022 944 deprae-

284 960 465 1001 dicanda
480 960 604 1013 hujus
620 960 842 1012 apologiae
859 960 1125 1001 necessitate.
1160 958 1204 1000 Si
1228 960 1341 1001 enim
1365 960 1514 1012 singuli
1536 960 1679 1002 fideles
1701 962 1839 1014 parati
1853 973 2021 1015 semper

283 1042 376 1072 esse
400 1031 556 1072 debent
573 1031 694 1083 juxta
718 1031 925 1072 monitum
957 1044 987 1071 s.
1011 1030 1124 1072 Petri
1149 1033 1184 1074 1.
1208 1043 1270 1083 ep.
1295 1035 1333 1080 3,
1370 1034 1421 1075 15
1454 1031 1508 1071 ad
1540 1032 1872 1074 satisfactionem
1904 1034 2022 1074 omni

283 1102 475 1153 poscenti
498 1114 571 1143 eos
594 1103 804 1143 rationem
832 1101 884 1143 de
915 1113 977 1151 ea,
1011 1113 1121 1154 quae
1143 1102 1187 1142 in
1209 1102 1311 1154 ipsis
1335 1107 1409 1151 est,
1433 1113 1530 1154 spe:
1562 1107 1721 1154 quanto
1745 1104 1879 1155 magis
1902 1104 2021 1145 theo-

282 1173 422 1225 logum
439 1173 764 1225 animarumque
778 1176 994 1225 pastorem
1017 1172 1076 1212 ita
1099 1173 1142 1212 in
1164 1172 1244 1213 fide
1267 1173 1517 1213 instructum
1542 1184 1636 1214 esse
1651 1179 1830 1225 oportet,
1851 1179 1897 1216 ut
1918 1187 2021 1217 suae

281 1243 377 1285 fidei
398 1247 610 1285 rationem
632 1245 809 1286 reddere
832 1245 967 1297 possit
991 1244 1181 1297 aliosque
1200 1245 1366 1295 docere,
1390 1258 1518 1298 quam
1542 1246 1663 1286 lirma
1686 1245 1769 1286 sint
1790 1245 1886 1287 fidei
1908 1246 2021 1287 chri-

282 1315 446 1356 stianae
469 1315 757 1365 fundamenta,
780 1327 908 1369 quam
928 1315 1181 1356 rationabile
1203 1316 1456 1368 obsequium
1480 1316 1576 1358 fidei
1598 1321 1783 1367 nostrae,
1805 1329 1932 1370 quam
1956 1318 2019 1358 in-

282 1384 427 1426 tirmae
462 1398 611 1427 omnes
646 1386 994 1427 adversariorum
1029 1391 1180 1428 contra
1215 1387 1331 1428 illam
1364 1388 1636 1440 exceptiones
1653 1390 1698 1442 2).
1750 1387 1909 1429 Eadem
1943 1400 2019 1429 ne-

281 1457 456 1497 cessitas
478 1457 705 1498 innotescit
726 1457 823 1498 dein
855 1458 1039 1498 maxime
1073 1469 1124 1498 ex
1156 1458 1268 1510 ipsis,
1304 1459 1346 1498 in
1380 1458 1532 1511 quibus
1565 1459 1755 1508 vivimus,
1788 1458 2018 1511 adjunctis:

280 1538 375 1566 cum
399 1527 670 1568 manifestum
693 1528 817 1580 plane
840 1529 903 1577 sit,
927 1541 1077 1570 omnes
1090 1529 1273 1581 impetus
1295 1529 1481 1570 hostium
1504 1529 1600 1570 fidei
1622 1535 1795 1571 nostrae
1817 1542 1904 1571 non
1927 1541 2018 1570 am-

278 1596 386 1648 plius
409 1597 528 1650 dirigi
551 1598 755 1640 adversus
778 1599 1008 1651 singularia
1033 1599 1248 1651 dogmata,
1279 1600 1354 1641 sed
1389 1604 1537 1641 contra
1569 1601 1707 1653 ipsum
1739 1600 1835 1642 fidei
1865 1601 2016 1642 funda-

279 1672 481 1718 mentum,
505 1669 710 1710 adversus
725 1670 1000 1711 revelationis
1022 1670 1205 1718 factum3
1228 1683 1311 1723 quo
1335 1682 1458 1711 verso
1483 1675 1695 1712 evertetur
1710 1672 1848 1713 omnis
1863 1670 2016 1712 Christi

277 1737 465 1780 Ecclesia
488 1744 529 1780 et
550 1740 695 1792 religio
719 1745 1005 1794 sequeturque
1027 1742 1151 1782 ruina
1173 1753 1339 1793 magna.
1375 1741 1511 1792 Quam
1536 1741 1590 1783 ob
1613 1754 1704 1783 rem
1726 1754 1813 1784 non
1835 1742 2016 1795 amplius

278 1808 329 1848 de
362 1820 413 1849 eo
446 1811 595 1862 agitur,
627 1815 770 1852 utrum
804 1812 896 1864 quis
927 1812 1048 1865 sequi
1071 1811 1224 1853 debeat
1245 1812 1460 1853 Ecclesiae
1483 1813 1693 1854 catholica
1715 1813 1928 1865 dogmata,
1961 1826 2017 1854 an

275 1879 496 1931 opiniones
519 1893 770 1935 erroresque
792 1882 891 1931 Arii,
923 1882 1119 1931 Nestorii,
1152 1883 1318 1935 Pelagii.
1352 1883 1534 1934 Lutheri,
1558 1882 1732 1934 Calvini,
1755 1882 1899 1926 Socini
1918 1881 2011 1933 etc„

425 2037 444 2073 Ι]
465 2035 640 2068 Locorum
660 2037 928 2078 tleevloyicorum
946 2037 1096 2070 nomine
1111 2036 1267 2069 veniunt
1284 2039 1583 2082 argumentorum
1599 2037 1702 2071 sedes
1717 2048 1757 2070 ac
1772 2037 1885 2071 veluti
1902 2037 2016 2071 domi-

274 2085 370 2127 cilia,
393 2097 433 2120 ex
454 2087 588 2131 quibus
607 2089 775 2134 theologi
795 2090 1136 2133 argumentationes
1154 2101 1237 2123 suas
1256 2100 1381 2124 omnes
1400 2091 1474 2125 sive
1501 2091 1547 2124 ad
1566 2091 1856 2125 confirmandum
1875 2091 1950 2126 sive
1967 2092 2014 2125 ad

272 2138 516 2173 refellendum
533 2141 740 2176 inveniunt.
772 2142 828 2176 Ita
846 2142 940 2176 Can
952 2154 975 2176 u
987 2154 1002 2175 s
1021 2144 1202 2177 tractatus
1221 2143 1265 2177 de
1283 2143 1374 2177 locis
1391 2144 1611 2188 theologicis
1625 2146 1730 2188 quasi
1745 2155 1890 2189 parens.
1921 2144 2012 2179 Cum

272 2203 355 2237 ergo
375 2194 565 2239 theologia
583 2198 708 2230 nostra
725 2207 799 2230 non
816 2196 978 2230 humana
995 2196 1148 2237 ratione,
1167 2197 1230 2231 sed
1246 2198 1327 2241 ipsa
1340 2198 1483 2231 nitatur
1496 2198 1622 2232 divina
1636 2198 1899 2245 intelligentia,
1919 2209 2012 2244 quae

271 2257 337 2290 per
354 2247 617 2283 revelationem
635 2249 743 2283 nobis
762 2250 1065 2291 communicatur,
1094 2252 1131 2284 et
1159 2251 1217 2284 cni
1248 2262 1313 2295 per
1331 2250 1439 2285 fidem
1459 2252 1734 2296 conjungimur:
1763 2253 1860 2287 Deus
1888 2254 2012 2287 autem

271 2310 344 2333 non
364 2300 520 2344 singulis
537 2313 602 2346 per
621 2313 658 2337 se
675 2302 796 2347 ipsum
817 2303 993 2347 mysteria
1006 2304 1154 2344 revelet,
1174 2305 1237 2338 sed
1253 2304 1341 2338 olim
1355 2305 1523 2349 patribus
1538 2305 1577 2339 in
1592 2306 1794 2350 prophetis,
1814 2305 2012 2341 novissime

271 2363 355 2387 vero
374 2356 551 2398 apostolis
568 2356 607 2389 in
626 2356 720 2391 Filio
739 2357 886 2391 locutus
905 2355 976 2398 sit,
994 2357 1233 2402 doctrinaque
1258 2358 1312 2392 ita
1329 2357 1492 2393 revelata.
1519 2368 1583 2404 per
1601 2359 1801 2393 Ecclesiam
1829 2371 1849 2394 a
1867 2359 2011 2394 Christo

270 2406 482 2441 institutam
502 2410 675 2443 omnibus
693 2411 866 2454 gentibus
885 2412 1146 2444 annuncianda-
1164 2411 1353 2455 Scriptura
1378 2414 1415 2445 et-
1442 2411 1653 2453 traditione,
1681 2414 1723 2446 ut
1741 2413 1910 2454 diximus,
1931 2424 2010 2448 con-

270 2459 451 2499 tineatur,
489 2461 679 2506 Scriptura
713 2465 750 2496 et
784 2463 937 2497 traditio
965 2463 1037 2497 loci
1074 2463 1278 2508 theologici
1317 2467 1435 2499 erunt.
1483 2465 1646 2500 Traditio
1685 2477 1770 2501 vero
1811 2467 2012 2512 multiplici

269 2512 384 2546 veluti
403 2515 524 2547 canali
543 2515 822 2557 transmittit-ur,
841 2518 883 2550 ut
900 2516 997 2550 infra
1015 2516 1260 2557 ostendemus,
1278 2517 1364 2552 hinc
1382 2519 1457 2552 tra
1469 2518 1594 2553 ditio
1606 2520 1681 2554 nis
1708 2520 1810 2554 locus
1828 2521 1868 2554 in
1885 2520 2008 2564 plures

270 2565 465 2600 dividitur:
486 2573 522 2600 et
541 2568 627 2610 quia
645 2568 841 2613 theologus
860 2569 898 2602 in
912 2570 1115 2613 probandis
1129 2570 1432 2615 vindicandisque
1447 2571 1684 2616 dogmatibus
1698 2583 1772 2607 non
1786 2574 1863 2607 sine
1878 2583 2009 2607 causae

270 2619 474 2653 catholicae
493 2621 680 2654 commodo
700 2622 782 2655 aliis
801 2633 946 2666 quoque
960 2622 1083 2667 juvari
1101 2625 1226 2667 potest
1244 2624 1461 2668 disciplinis,
1482 2636 1576 2668 quae
1589 2626 1732 2660 ratione
1746 2626 1934 2660 nituntur:
1955 2627 2008 2660 id-

269 2672 365 2706 circo
379 2675 527 2717 praeter
542 2674 638 2707 locos
653 2674 862 2719 theologiae
881 2675 954 2709 int
967 2686 985 2709 e
995 2687 1014 2708 r
1026 2687 1050 2708 n
1063 2687 1082 2710 o
1096 2688 1122 2715 s,
1141 2677 1310 2722 proprios
1326 2679 1362 2712 et
1375 2679 1608 2719 necessarios,
1627 2680 1689 2722 qui
1705 2679 1818 2713 etiam
1836 2680 1883 2713 in
1895 2690 1915 2713 a
1926 2690 1944 2713 1·
1955 2681 1969 2713 t
1981 2680 2006 2714 i-

267 2726 471 2760 ficiales
490 2725 674 2767 dicuntur,
689 2727 761 2761 loci
775 2728 924 2772 quidam
944 2741 994 2763 su
1009 2730 1242 2764 bsidiarii
1261 2732 1299 2764 et
1317 2731 1594 2786 externi⁴seu
1613 2731 1923 2767 artificiales
1941 2734 2006 2767 ad-

268 2779 361 2813 mitti
381 2779 511 2814 solent.
547 2778 721 2820 Quamvis
740 2782 864 2814 autem
882 2781 980 2815 circa
997 2794 1074 2815 rem
1094 2793 1219 2817 omnes
1246 2783 1412 2828 theologi
1432 2785 1666 2824 conveniant,
1693 2784 1731 2818 in
1758 2785 2006 2830 designandis,

268 2832 542 2876 distinguendis
561 2833 598 2866 et
617 2833 876 2867 enumerandis
894 2833 984 2868 locis
995 2834 1219 2880 theologicis
1237 2835 1336 2870 inter
1352 2847 1389 2870 se
1408 2836 1562 2870 subinde
1587 2836 1820 2878 dissentiunt,
1840 2848 1924 2872 nam
1944 2839 2007 2872 alii

266 2885 469 2928 pauciores,
486 2884 610 2928 plures
625 2884 700 2926 alii,
719 2887 845 2919 decem
863 2886 938 2921 scil.
958 2887 1014 2921 vel
1028 2887 1208 2922 tredecim
1229 2888 1303 2922 imo
1318 2888 1453 2933 viginti
1468 2890 1510 2922 ut
1529 2889 1704 2924 Tanner
1721 2890 1831 2926 theol.
1851 2891 1964 2925 schol.
1981 2892 2005 2926 Ι.

268 2937 302 2972 d.
323 2941 339 2971 1
361 2950 396 2982 q.
417 2942 436 2973 5
455 2937 541 2971 dub.
563 2942 579 2972 1
600 2938 800 2984 assignant.

413 2993 438 3037 2)
457 2991 508 3025 Cf.
528 2991 551 3026 S
563 2992 645 3026 che
657 2993 709 3026 eb
721 3002 785 3033 en,
805 2993 869 3036 qui
887 2995 906 3039 ἓ
926 2997 971 3030 60
988 2996 1192 3038 praeeunte
1212 3005 1311 3028 conc.
1340 3007 1363 3029 v
1375 2996 1474 3029 atie
1487 3006 1543 3030 an
1556 3006 1575 3029 ο
1593 2996 1632 3029 in
1650 2997 1838 3040 prooemio
1858 2999 2004 3032 constit,

266 3046 387 3090 dogm.
408 3055 492 3079 sess.
513 3048 534 3079 3
553 3045 699 3090 egregie
718 3046 882 3090 exponit,
911 3046 1000 3090 quid
1027 3047 1224 3092 theologus
1252 3049 1377 3082 nostra
1406 3050 1528 3082 aetate
1554 3048 1593 3082 in
1619 3048 1750 3093 primis
1768 3050 1807 3083 in
1825 3051 2004 3085 tradenda

266 3098 456 3143 theologia
474 3108 562 3142 prae
581 3098 695 3132 oculis
714 3098 850 3132 habere
869 3098 1013 3140 debeat,
1032 3101 1129 3143 quod
1148 3101 1195 3134 sit
1215 3101 1292 3145 ejus
1311 3112 1454 3135 munus.
