2175 3382
710 123 840 159 Thesis
859 123 918 157 [X.
938 123 989 157 De
1008 123 1194 161 vaticiniis
1213 125 1416 159 inessianis.
1866 131 1926 172 43

192 242 311 284 Hanc
341 253 444 283 vero
476 241 840 294 exspectationem
870 253 957 281 non
987 245 1087 281 tunc
1117 242 1300 293 primum
1333 254 1425 283 esse
1457 247 1606 292 ortam,
1638 244 1710 285 sed
1743 256 1794 286 eo
1816 245 1926 297 ipSO,

194 312 307 366 quod
328 312 453 354 fuerit
472 316 562 353 tam
583 312 844 361 universalis,
865 316 954 352 tam
988 311 1171 359 indubia,
1209 316 1294 352 tam
1317 317 1499 364 recepta,
1534 325 1584 354 ex
1607 315 1818 367 maJ'orum
1839 318 1923 356 tra-

193 383 351 424 ditione
373 394 466 424 esse
488 382 765 435 repetendam
786 381 926 434 liquet.
969 381 1026 425 Cf.
1053 384 1074 424 1
1098 381 1232 424 Mach.
1254 386 1293 432 4,
1315 386 1392 431 463
1418 385 1483 432 14,
1505 388 1574 427 41.

309 455 350 498 2.
384 453 543 494 Eadem
577 453 690 506 apud
731 453 1016 493 samaritanos
1058 453 1285 505 reperitur3
1327 465 1428 493 nam
1470 454 1618 495 mulier
1660 456 1922 496 samaritana

193 523 359 565 Christo
382 524 484 565 dixit
498 523 578 580 (Jo.
594 513 633 573 4,
649 524 745 579 25):
772 523 877 577 Scio,
900 524 998 578 quia
1018 523 1192 564 Messias
1214 525 1332 564 venit.
1355 523 1414 564 Illi
1436 536 1564 576 porro
1589 537 1684 565 eam
1706 538 1793 566 non
1814 526 1922 566 hau-

192 599 338 636 serunt
359 607 385 635 a
401 594 568 647 judaeis
589 597 686 646 post
707 605 830 634 suam
852 592 906 634 ab
928 594 1030 646 ipsis
1047 593 1309 643 divisionem,
1332 595 1406 635 sed
1422 607 1473 636 ex
1491 597 1706 636 communi
1721 596 1847 640 fonte.
1872 608 1924 637 ex

192 665 487 707 communibus
509 664 753 717 Scripturae
774 664 890 705 libris
914 665 1184 717 separatione
1206 664 1319 705 facta
1341 667 1528 709 retentis.

310 737 352 780 3.
376 736 482 777 Hinc
517 735 760 788 explicatur,
791 747 866 776 cur
887 739 951 776 tot
970 735 1318 788 pseudomessiae
1341 740 1483 778 tantas
1500 737 1755 789 judaeorum
1778 737 1925 778 turbas

191 808 486 854 excitaverint3
519 807 626 848 altas
658 807 770 847 enim
801 806 908 847 haec
939 818 1036 859 spes
1059 807 1101 847 in
1123 818 1271 848 eorum
1294 807 1504 848 mentibus
1528 812 1674 860 egerat
1694 808 1860 849 radices
1881 813 1925 863 1¹».

309 906 376 947 36.
399 902 567 945 TheSiS
589 901 682 944 IX.-
726 915 883 955 Huius
912 925 1058 958 porro
1094 918 1447 957 eaespectationis
1480 918 1926 958 fundamentumsi-

191 980 266 1012 cut
291 979 333 1010 et
357 975 635 1009 alimentum
653 975 792 1014 fuere
805 976 1149 1017 prophetarum
1166 976 1391 1009 vaticinia
1409 985 1554 1018 eaque
1580 978 1797 1019 yenuina,
1822 979 1926 1019 qm·-

190 1038 274 1072 bus
299 1036 497 1069 Messias
521 1044 616 1069 non
640 1035 792 1068 solum
812 1036 1188 1077 promittebatar,
1223 1038 1302 1071 sed
1328 1038 1369 1069 et
1395 1045 1570 1078 maana
1595 1037 1923 1080 αιζβτιηοιονῑωη

190 1097 418 1131 varietate
444 1094 784 1129 aetimabatur.

311 1162 676 1207 Demonst-ratio
698 1175 743 1217 p.
765 1162 806 1205 I.
841 1161 1027 1203 Judaeos
1058 1163 1363 1215 prophetarum
1384 1164 1592 1204 vaticiniis
1623 1164 1789 1205 innixos
1820 1164 1925 1205 Mes-

190 1235 298 1276 siam
321 1237 604 1286 exspectasse,
625 1236 743 1284 patet
765 1244 816 1273 ex
831 1233 1093 1283 testimoniis,
1117 1246 1226 1286 quae
1241 1247 1278 1274 n.
1293 1246 1433 1286 praec,
1449 1234 1701 1275 adduximus
1715 1240 1762 1275 ut
1776 1235 1869 1279 Luc,
1890 1240 1927 1284 1,

192 1309 267 1354 703
297 1304 442 1346 Matth.
475 1307 514 1352 2,
538 1305 564 1345 2
587 1316 640 1346 ss.
663 1307 761 1349 etc.;
793 1307 910 1356 patet
932 1315 981 1344 ex
1015 1315 1163 1344 eorum
1186 1304 1467 1358 confessione,
1501 1305 1560 1345 ita
1582 1306 1695 1346 enim
1718 1318 1779 1346 ex.
1803 1318 1859 1357 gr.
1882 1306 1924 1345 in

189 1375 394 1417 Talmude
414 1375 592 1427 legimus
610 1375 661 1430 1):
679 1406 694 1422 ‚,
707 1371 866 1415 Omnes
886 1375 1119 1427 prophetae
1143 1387 1230 1416 non
1243 1376 1462 1416 vaticinati
1484 1381 1581 1417 sunt
1602 1376 1682 1417 nisi
1705 1376 1755 1417 de
1778 1375 1927 1417 diebus

189 1446 412 1495 Messiae;“
450 1445 808 1487 Maimonides
832 1446 885 1486 ad
907 1450 982 1489 art.
1011 1448 1063 1490 12
1086 1446 1195 1486 inter
1218 1445 1419 1486 articulos
1445 1449 1497 1490 13
1520 1445 1617 1486 fidei
1639 1446 1756 1486 dicit:
1787 1446 1925 1496 „Men-

190 1518 341 1559 dacem
362 1517 463 1558 facit
483 1521 618 1558 totam
641 1514 915 1568 Scripturam,
938 1516 1009 1569 qui
1030 1520 1156 1568 negat
1178 1515 1401 1556 articulum
1425 1515 1476 1556 de
1500 1516 1683 1557 adventu
1703 1516 1916 1558 Messiae.·

188 1589 239 1630 Et
260 1600 363 1630 sane
386 1588 594 1641 ejusmodi
615 1599 712 1640 spes
732 1586 927 1628 beneficii
949 1599 974 1627 a
996 1587 1088 1628 sola
1103 1586 1321 1627 liberrima
1338 1586 1413 1627 Dei
1437 1587 1571 1637 gratia
1593 1587 1814 1639 pendentis
1836 1592 1924 1629 tam

188 1659 273 1701 late
304 1658 487 1707 diffundi,
519 1663 608 1699 tam
640 1659 748 1699 altas
779 1670 904 1710 agere
935 1658 1112 1706 radices,
1143 1657 1304 1698 tamdiu
1327 1658 1574 1698 conservari
1598 1670 1685 1698 non
1706 1658 1924 1710 potuisset,

189 1730 271 1771 nisi
301 1730 441 1771 divino
474 1729 661 1782 quodam
691 1729 900 1781 promisso
934 1740 1008 1769 seu
1039 1729 1237 1769 vaticinio
1272 1728 1390 1784 (vero
1422 1728 1488 1769 vel
1511 1728 1627 1785 ficto)
1664 1730 1926 1772 inniteretur.

191 1801 283 1851 Quo
314 1801 474 1842 factum
507 1805 581 1849 est,
613 1805 659 1841 ut
689 1804 776 1840 tam
801 1799 990 1841 Christus
1022 1812 1149 1853 quam
1183 1800 1363 1852 apostoli
1396 1811 1627 1853 eorumque
1657 1812 1929 1841 successores

191 1876 341 1913 contra
367 1872 548 1924 judaeos
580 1871 835 1912 disserentes
858 1870 1118 1912 confidenter
1140 1871 1194 1911 ad
1216 1871 1522 1923 prophetarum
1545 1871 1745 1912 vaticinia
1770 1884 1926 1923 provo-

191 1947 349 1992 carent,
370 1942 552 1995 indeque
574 1942 806 1994 probarent
823 1942 911 1994 J'am
935 1943 1102 1983 venisse
1124 1941 1338 1982 Messiam.
1382 1941 1554 1995 Utrique
1578 1954 1677 1994 ergo
1700 1942 1809 1994 parti
1831 1953 1928 1993 per-

191 2026 365 2055 suasum
387 2013 474 2062 fuit,
496 2012 704 2065 ejusmodi
725 2013 925 2054 vaticinia
949 2017 1132 2055 exstare.

310 2100 376 2140 37.
398 2096 761 2139 Demonstratio
783 2109 826 2150 p.
850 2096 914 2139 II.
936 2094 1051 2136 Haec
1074 2107 1175 2136 vero
1199 2096 1399 2136 vaticinia
1436 2108 1528 2136 esse
1551 2096 1734 2147 genuina
1756 2095 1820 2136 vel
1843 2096 1928 2135 sal-

191 2169 277 2207 tem
308 2166 379 2207 diu
409 2171 508 2207 ante
531 2164 742 2207 Christum
774 2165 900 2216 edita,
931 2178 1018 2207 non
1050 2165 1219 2219 quidem
1257 2170 1404 2207 contra
1436 2166 1628 2219 judaeos,
1661 2167 1731 2219 qui
1754 2166 1794 2206 id
1816 2166 1927 2206 ultro

215 2315 239 2344 ‘¹-
338 2322 361 2362 1)
379 2319 508 2363 Neque
527 2318 614 2354 olim
634 2319 753 2353 solum
771 2320 856 2352 ante
875 2319 1036 2352 deletam
1053 2319 1182 2353 urbem
1201 2318 1566 2362 hierosolymitanam
1596 2329 1677 2352 cum
1694 2318 1844 2362 templo,
1866 2318 1926 2351 scd

191 2371 305 2406 etiam
322 2372 478 2416 posteris
498 2373 637 2412 seculis,
657 2374 699 2406 ut
717 2372 834 2416 liquet
854 2383 895 2406 ex
914 2384 947 2406 n.
968 2374 1011 2406 36
1025 2399 1032 2411 ,
1061 2372 1136 2405 imo
1165 2374 1200 2405 et
1228 2372 1290 2405 diu
1310 2374 1390 2416 post
1410 2372 1597 2407 Christum
1624 2371 1771 2405 fuerunt
1798 2370 1861 2413 qui
1889 2381 1928 2404 se

192 2435 259 2469 pro
277 2425 411 2458 Messia
436 2425 671 2459 venditarent
695 2435 922 2470 magnasque
949 2426 1077 2458 turbas
1105 2424 1326 2465 excitarent,
1355 2428 1395 2458 ut
1423 2424 1589 2458 ostendit
1616 2425 1703 2459 Gra
1717 2437 1740 2458 n
1753 2425 1773 2457 d
1787 2434 1863 2458 era
1877 2424 1927 2456 th

192 2478 275 2515 diss.
293 2477 353 2512 die
370 2478 561 2512 Triimmer
578 2479 641 2513 des
654 2478 733 2523 jud.
752 2477 889 2511 Volkes
907 2477 961 2511 als
979 2478 1123 2523 Zeugen
1141 2477 1200 2510 fiii·
1217 2478 1286 2511 den
1304 2478 1511 2522 gottlichen
1530 2477 1721 2521 Ursprung
1739 2477 1801 2510 des
1817 2476 1920 2511 Chri-

193 2532 401 2566 stenthums
418 2532 458 2566 in
475 2533 561 2566 fasc.
579 2532 713 2567 Iacens.
736 2533 823 2566 1879
842 2533 869 2566 t.
889 2533 931 2565 17
949 2543 984 2576 p.
1003 2534 1048 2565 42
1060 2543 1124 2568 ss.;
1155 2535 1217 2566 181
1239 2543 1287 2566 ss,
1317 2534 1407 2565 Cum
1425 2542 1510 2565 vero
1525 2532 1602 2574 jam
1621 2531 1737 2564 omnis
1756 2529 1833 2573 spei
1851 2541 1926 2563 uni-

191 2585 259 2619 bra.
275 2585 455 2619 adventus
473 2585 625 2619 Messi-ae
645 2584 846 2619 secundum
857 2583 1078 2628 judaeorum
1097 2584 1286 2628 opiniones
1315 2585 1505 2618 evanuerit
1523 2583 1747 2627 plurimique
1765 2583 1922 2625 ipsoruu:

192 2639 313 2672 castra
329 2638 603 2672 incredulorum
622 2639 814 2679 sectentur,
835 2639 969 2672 mirum
987 2648 1062 2672 esse
1078 2649 1151 2671 non
1167 2638 1286 2677 debet,
1307 2638 1405 2681 quod
1419 2641 1547 2671 nostra
1565 2638 1687 2671 aetate
1703 2637 1801 2670 haud
1820 2645 1924 2679 pauci

192 2691 352 2738 publicis
370 2692 485 2726 etiam
501 2692 730 2726 documentis
756 2692 851 2726 hanc
877 2703 978 2736 spem
1005 2692 1210 2736 abjecerint
1235 2691 1295 2726 vel
1312 2691 1626 2725 rationalistarum
1651 2700 1749 2723 more
1767 2689 1870 2722 illam
1888 2688 1925 2720 in

193 2745 303 2789 longe
321 2745 437 2779 alium
455 2755 600 2779 sensum
617 2745 919 2789 interpretentur.
956 2744 1008 2778 Cf.
1028 2745 1071 2778 de
1088 2744 1186 2778 thesi
1211 2744 1236 2777 Ρ
1253 2755 1270 2777 e
1283 2755 1300 2776 r
1311 2756 1328 2777 1·
1340 2755 1358 2777 ο
1372 2756 1395 2777 n
1407 2755 1424 2777 e
1444 2743 1615 2788 praelect.
1635 2742 1746 2776 theol.
1767 2743 1793 2775 t.
1813 2744 1832 2776 6
1851 2752 1883 2784 p.
1908 2744 1920 2772 1

195 2809 223 2831 c.
246 2803 264 2832 1
282 2809 385 2842 prop.
408 2803 445 2837 l:
465 2798 591 2832 Bade
610 2797 856 2842 Christologie
874 2796 1021 2831 Einleit.
1041 2800 1060 2841 ξ
1078 2802 1110 2831 4.
1145 2797 1314 2841 vestigia
1344 2797 1506 2840 ejusdem
1525 2794 1810 2839 exspectationis
1829 2793 1923 2835 apud

194 2850 484 2895 gentesquoque
501 2850 751 2895 reperiuntur;
772 2850 806 2883 H
817 2861 838 2884 a
851 2863 874 2884 n
887 2860 905 2883 e
919 2851 939 2884 b
953 2860 970 2882 e
981 2861 998 2882 i·
1009 2862 1034 2894 g
1053 2849 1123 2883 KL.
1139 2853 1188 2889 62,
1209 2850 1308 2883 1967.
1328 2848 1378 2883 Cf.
1394 2847 1454 2881 He
1466 2849 1479 2881 t
1492 2849 1507 2881 t
1518 2848 1529 2881 i
1541 2860 1564 2881 n
1576 2859 1601 2892 g
1612 2857 1655 2880 er
1673 2847 1694 2879 l.
1716 2859 1741 2881 s.
1761 2847 1847 2889 335.
1862 2847 1925 2875 :3⁴52

194 2904 231 2937 et
248 2903 357 2947 Apol.
375 2905 414 2936 in
431 2903 590 2948 append.
609 2902 654 2936 ad
673 2903 757 2937 diss.
779 2905 831 2941 16;
852 2902 883 2936 Η
896 2913 948 2936 en
960 2914 1010 2946 gs
1022 2905 1037 2936 t
1049 2912 1066 2935 e
1079 2914 1102 2935 n
1115 2902 1137 2935 b
1149 2913 1195 2936 er
1207 2914 1230 2946 g
1250 2900 1423 2935 Chi-istol.
1444 2900 1581 2935 Introd.
1601 2911 1628 2934 e.
1651 2904 1665 2933 1
1687 2900 1751 2933 etc.

339 2956 364 3001 2)
382 2955 440 2990 Tr.
458 2955 665 2990 Sanhedrin
684 2966 760 3000 cap.
780 2956 929 2993 Chelek,
947 2956 986 2988 in
1004 2955 1070 3000 Ug
1083 2955 1208 2988 olini
1226 2955 1320 2988 thes.
1343 2955 1516 2997 antiquit.
1536 2953 1633 2986 hebr.
1655 2954 1679 2985 t.
1699 2955 1719 2985 :3
1739 2963 1772 2994 p.
1794 2951 1859 2983 *1:66
1889 2955 1921 2980 et

194 3009 232 3043 in
252 3009 277 3043 C
289 3019 307 3041 a
319 3020 337 3042 r
348 3020 370 3052 p
382 3020 399 3041 z
413 3020 432 3043 ο
444 3020 465 3042 v
476 3008 511 3042 ii
531 3009 666 3053 disput.
684 3009 782 3042 acad.
804 3021 838 3053 p.
858 3011 926 3043 490
947 3020 973 3042 s.
