2175 3382
599 104 790 148 religionis
809 104 1034 138 christianae
1052 105 1150 139 inter
1167 107 1345 150 procellas
1365 109 1584 144 constantia.
1899 114 1953 156 99

221 223 291 276 qui
313 235 338 263 a
360 223 557 263 vitiorum
581 222 759 263 colluvie
782 223 921 264 aversi
943 223 1151 264 conditori
1166 236 1211 264 se
1227 229 1337 265 totos
1352 226 1550 267 addicunt
1571 227 1662 267 etin
1677 227 1873 270 omnibus
1895 228 1951 270 illi

218 294 386 346 placere
401 293 605 336 student.“
643 292 767 343 „Quis
785 294 897 334 enim
912 293 1073 334 dixerit.
1087 298 1208 334 notat
1220 295 1309 346 ipse
1324 297 1539 337 verissime
1556 297 1625 351 (ib.
1640 297 1683 344 ll,
1699 298 1784 353 50),
1802 298 1951 352 decep-

218 365 333 405 tione
345 364 464 413 effici,
475 368 521 404 ut
532 363 782 404 emendetur
794 364 880 404 vita
893 368 934 405 et
947 364 1107 405 malitia
1120 365 1304 417 quotidie
1327 366 1460 418 magis
1473 379 1522 407 ac
1538 369 1669 420 magis
1679 369 1922 412 minuatur?
1937 378 1950 394 ⁸

340 457 404 492 58.
430 447 676 492 Scholion.
721 449 855 487 Liceat
876 450 988 487 nobis
1010 450 1074 487 hic
1095 451 1201 487 aliud
1231 463 1319 487 cum
1349 452 1592 499 praecedenti
1627 466 1840 491 connexum
1870 467 1950 492 mo-

217 511 345 548 tivum
366 522 436 559 pro
458 510 625 547 veritate
649 508 887 546 christianae
909 509 1111 557 religionis
1133 509 1336 546 adducere.
1371 510 1478 547 Sicut
1492 511 1571 547 scil.
1587 512 1817 560 mysterium
1840 514 1950 557 odii,

217 582 295 617 quo
319 569 461 607 Christi
484 568 696 606 adversarii
719 567 850 616 ipsum
888 569 1052 616 ejusque
1076 568 1360 605 sanctissimam
1392 573 1683 617 prosequuntur
1714 571 1950 620 religionem,

216 628 396 666 veritatis
419 629 479 665 est
501 629 778 676 argumentum
804 624 857 678 (n.
884 626 974 676 84):
1006 627 1061 663 ita
1084 629 1122 663 et
1144 627 1357 676 singularis
1390 639 1533 673 amor,
1567 641 1682 676 quem
1705 629 1879 666 Christus
1911 631 1952 667 in

218 700 258 725 se
280 687 464 725 excitavit
484 686 792 735 promeruitque,
816 686 901 733 ejus
923 686 1113 735 originem
1137 687 1356 731 coelestem,
1382 686 1460 723 imo
1484 688 1524 723 et
1546 687 1790 724 divinitatem
1805 690 1951 736 probat.

217 746 522 784 Considerentur
543 745 734 782 attentius
755 745 874 793 hujus
898 744 1040 782 amoris
1063 755 1104 784 a.
1128 745 1373 790 latitudo,
1408 746 1582 782 accendit
1603 746 1706 782 enim
1728 747 1950 785 innumeros

216 805 342 843 omnis
364 805 548 849 nationis,
573 803 819 851 conditionis,
844 803 1005 850 ordinis,
1030 804 1169 840 aetatis
1192 803 1298 841 viros
1321 806 1361 840 et
1381 804 1566 847 seminas;
1590 803 1636 844 b.
1662 805 1950 854 longitudo.
1990 844 1992 849 .

216 865 334 901 durat
364 863 469 901 enim
501 863 761 900 inexstinctus
792 875 861 911 per
891 862 1144 911 undeviginti
1180 863 1330 907 secula3
1366 873 1405 902 θ.
1441 863 1683 908 altitudo,
1719 864 1952 902 tenerrimus¹

216 925 317 961 enim
341 925 400 962 est
422 935 461 959 se
484 923 653 970 prodens
675 921 782 959 omni
803 921 1000 958 virtutum
1015 921 1157 967 studio,
1182 921 1409 959 divitiarum
1424 922 1610 959 effusione
1625 922 1666 959 in
1680 923 1950 971 eleemosynas,

216 982 277 1020 sui
300 995 369 1031 per
391 983 482 1019 vota
504 981 700 1019 oblatione
725 982 764 1017 et
785 981 1062 1025 immolatione,
1082 981 1171 1029 jugi
1193 981 1390 1029 obsequio,
1415 981 1630 1018 animarum
1647 981 1738 1026 zelo,
1763 983 1952 1030 sanguine

151 1051 153 1054 ·
195 1042 324 1090 ¹ipso;
347 1039 391 1081 (l.
414 1040 766 1090 profunditas,
790 1052 914 1087 quum
936 1040 1069 1076 nullae
1091 1039 1229 1076 mundi
1251 1039 1422 1084 deliciae,
1446 1040 1571 1076 carnis
1595 1042 1633 1076 et
1655 1040 1857 1089 sanguinis
1884 1054 1951 1078 ne-

166 1142 167 1145 *
216 1100 490 1146 cessitudineS,
514 1099 635 1137 seculi
656 1099 936 1143 blandimenta,
961 1099 1154 1136 bonorum
1176 1100 1422 1136 terrenorum
1450 1098 1646 1147 splendor,
1669 1101 1953 1137 tormentorum

214 1160 341 1197 minae
363 1159 582 1207 mortisque
604 1161 775 1195 terrores
798 1170 887 1194 eum
919 1157 960 1194 in
992 1170 1109 1205 quam
1139 1157 1320 1202 plurimis
1351 1170 1545 1202 enervare,
1578 1157 1725 1194 nedum
1756 1157 1952 1195 eradicare

184 1260 185 1263 Ἰ
214 1218 432 1267 potuerint.
475 1218 751 1255 Consideretur
773 1227 814 1256 e.
839 1216 1036 1254 Christum
1058 1216 1157 1253 nihil
1180 1229 1391 1265 proponere
1425 1216 1526 1264 quod
1550 1217 1749 1264 passiones
1772 1217 1868 1254 cieat
1890 1219 1952 1254 vel

125 1282 134 1293 ⁸
188 1274 261 1331 ‘iis
282 1277 520 1322 blandiatur,
545 1289 633 1314 cum
656 1288 718 1313 eas
740 1275 874 1324 potius
897 1276 1088 1324 abnegare
1105 1275 1245 1323 jubeat
1266 1275 1400 1323 eisque
1422 1275 1570 1312 bellum
1584 1275 1766 1312 indicere.
1802 1276 1950 1312 Adver-

139 1376 149 1387 μ
208 1338 324 1374 'tatur
346 1335 380 1377 f.
403 1336 601 1374 neminem
623 1335 796 1373 virorum
820 1334 1048 1380 illustrium,
1073 1347 1169 1382 quos
1193 1336 1326 1382 stupet
1348 1334 1532 1378 mundus,
1568 1334 1629 1371 vel
1651 1334 1829 1371 umbram
1860 1335 1951 1372 talis

215 1396 356 1433 amoris
378 1396 421 1432 in
442 1407 481 1433 se
502 1406 741 1444 provocasse,
775 1394 842 1431 sed
865 1395 1026 1438 metum,
1059 1393 1366 1439 admirationem,
1398 1393 1446 1430 ad
1478 1405 1675 1430 summum
1707 1393 1949 1440 quorundam

213 1454 512 1505 gratitudinem,
550 1455 589 1491 et
610 1454 704 1491 haec
725 1455 813 1502 post
843 1453 1054 1490 eorundem
1077 1454 1243 1489 mortem
1271 1453 1503 1500 plerumque
1526 1463 1694 1489 cessasse
1727 1452 1787 1488 vel
1819 1452 1949 1489 decre—

213 1515 339 1559 visse3
363 1526 533 1551 amorem
555 1525 646 1550 vero
669 1512 710 1549 in
734 1512 928 1550 Christum
952 1513 1041 1560 post
1063 1511 1237 1559 ejusdem
1270 1513 1436 1548 mortem
1460 1511 1607 1558 majora
1629 1523 1779 1558 semper
1805 1511 1950 1559 cepisse

212 1574 465 1611 incrementa.
509 1572 635 1616 Quare
657 1571 699 1608 in
721 1571 871 1608 Christo
893 1583 973 1607 non
996 1570 1072 1607 suit
1094 1570 1318 1607 humanitas
1340 1573 1506 1613 tantum,
1541 1569 1616 1606 etsi
1640 1582 1757 1617 quam
1780 1570 1949 1607 maxime

213 1633 367 1670 exculta
389 1634 429 1669 et
450 1632 631 1680 perfecta,
655 1630 798 1668 nedum
822 1630 940 1674 fraus,
965 1629 1154 1677 deceptio,
1180 1629 1393 1673 simulatio,
1430 1641 1527 1677 quae
1549 1629 1628 1665 tale
1652 1630 1884 1676 tantumque
1908 1628 1949 1665 in

212 1692 414 1729 hominum
438 1690 620 1728 cordibus
643 1690 688 1726 ad
711 1691 877 1733 terrena,
911 1688 1089 1733 carnalia,
1125 1688 1324 1725 sensibilia
1347 1687 1442 1724 adeo
1465 1688 1599 1735 pronis
1622 1690 1701 1723 tam
1722 1687 1810 1735 puri
1834 1687 1948 1735 spiri-

211 1751 412 1799 tualisque
435 1748 622 1787 excitavit
643 1748 788 1785 amoris
810 1747 1046 1791 incendium,
1071 1747 1138 1784 sed
1159 1747 1217 1784 vis
1240 1747 1429 1795 quaedam
1444 1746 1630 1791 coelestis,
1652 1746 1737 1794 ipsa
1751 1745 1947 1787 divinitas.

210 1822 310 1858 quae
332 1809 446 1847 corda
477 1809 649 1846 humana
676 1806 932 1844 inflammavit
962 1818 1091 1842 amore
1123 1805 1218 1843 adeo
1250 1805 1410 1842 insolito
1441 1805 1670 1852 viribusque
1702 1805 1948 1841 naturalibus

213 1869 423 1917 superiore.
467 1866 788 1916 Splendidissime
812 1865 892 1905 scil.
916 1865 1124 1913 complevit
1157 1864 1261 1913 quod
1292 1864 1526 1913 promiserat
1557 1866 1674 1911 atque
1706 1863 1949 1911 praedixerat

213 1928 272 1965 Jo.
300 1933 363 1973 12,
390 1933 463 1967 32:
496 1927 547 1964 Et
569 1938 630 1974 eqo
653 1926 686 1962 εἰ
717 1924 1033 1976 exaltatusfzcero
1058 1937 1082 1960 α
1113 1928 1218 1960 terra
1249 1924 1378 1960 omnia
1409 1923 1561 1960 traham
1593 1923 1643 1959 ad
1676 1923 1882 1970 memsam,-
1912 1925 1950 1959 et

212 1988 302 2025 Luc.
322 1993 385 2032 12,
403 1992 477 2025 49:
501 1985 631 2033 Iynem
653 1985 736 2021 vem·
748 1985 893 2020 mittere
914 1984 954 2020 in
976 1988 1120 2020 terram·
1142 1987 1174 2019 et
1196 1983 1287 2032 quid
1308 1983 1385 2019 volo
1407 1983 1482 2019 nisi
1503 1987 1543 2018 ut
1566 1982 1818 2019 accendatur:
1840 1981 1946 2018 ideo-

213 2059 288 2095 que
310 2046 394 2095 ipso
416 2047 562 2082 eventu
584 2043 730 2081 iterum
753 2042 1020 2091 comprobavit
1042 2041 1215 2079 divinam
1237 2054 1346 2078 suam
1368 2041 1603 2086 missionem,
1640 2041 1717 2077 imo
1749 2040 1948 2084 virtutem,

207 2105 379 2154 ideoque
402 2106 441 2141 et
463 2103 725 2141 divinitatem.

334 2186 399 2228 89.
421 2183 590 2226 ThssSiS
614 2181 722 2224 XX·
759 2196 931 2237 Inyens
956 2197 1222 2236 martyrum
1249 2202 1475 2227 numerus
1502 2194 1762 2235 invictaque
1789 2201 1947 2226 eorum

212 2259 265 2292 «in
308 2258 552 2291 tormentis
595 2257 870 2297 constantia,
905 2255 1219 2289 testimonium
1256 2255 1432 2287 censeri
1467 2254 1595 2287 (lebet
1632 2253 1945 2286 ‹tuthenticmn

214 2317 426 2350 veritatis
452 2316 583 2350 illius
607 2316 852 2357 Ecclesiae,
878 2323 1018 2358 quam
1046 2313 1275 2355 sanquine
1300 2322 1383 2346 suo
1408 2313 1689 2353 irriqarunt.

333 2384 712 2428 Demonstratio.
756 2382 819 2423 Ad
861 2383 944 2423 vim
986 2381 1222 2433 argumenti
1263 2380 1370 2421 bene
1413 2379 1751 2432 perspiciendam
1772 2382 1801 2434 1)
1845 2391 1947 2420 con-

213 2454 423 2495 sideretur

336 2525 374 2569 1.
408 2525 556 2577 ingens
592 2536 850 2565 numerus
882 2527 1114 2575 martyrum
1149 2522 1298 2578 0¹13&ss
1318 2521 1480 2573 aetatis,
1512 2532 1650 2569 sexus,
1684 2520 1947 2561 conditionis.

215 2596 411 2650 nat—ionis,
434 2608 561 2648 quem
585 2595 849 2648 antiquitatis
870 2597 1147 2635 monumenta
1169 2593 1270 2633 satis
1293 2596 1512 2633 testantur.
1547 2591 1685 2632 Mente
1708 2590 1948 2631 revolvatur

359 2696 383 2733 ¹)
402 2694 615 2728 Notandum
636 2696 692 2727 est
711 2692 927 2737 martyrium
948 2701 1055 2736 posse
1073 2690 1297 2726 considerari
1316 2703 1337 2735 p
1350 2691 1373 2724 h
1386 2690 1481 2725 ilos
1494 2702 1513 2724 o
1528 2703 1549 2735 p
1562 2690 1680 2731 hice,
1710 2689 1747 2722 in
1766 2693 1946 2732 quantum

215 2750 272 2781 est
289 2751 392 2781 actus
410 2748 578 2781 heroicae
596 2745 836 2786 fortitudinis,
857 2745 922 2788 qui
939 2747 981 2779 ut-
998 2744 1198 2789 plurimum
1227 2745 1378 2788 superat
1394 2744 1586 2777 hominum
1615 2744 1717 2782 vires,
1746 2742 1898 2784 ideoque
1917 2740 1946 2773 si

215 2800 264 2834 ab
281 2799 483 2833 innumeris
502 2800 619 2833 omnis
638 2798 782 2840 aetatis,
802 2798 1040 2837 conditionis,
1060 2807 1166 2831 sexus
1185 2798 1253 2831 eto.
1272 2797 1433 2841 ponitur,
1461 2799 1516 2830 est
1543 2797 1821 2841 phaenomenon
1841 2793 1945 2835 plane

215 2851 414 2896 singulare,
443 2852 768 2896 suprahumanum,
799 2851 844 2884 ad
872 2850 974 2894 cujus
1001 2849 1284 2894 explicationem
1311 2849 1510 2892 requiritur
1537 2848 1763 2881 interventus
1782 2845 1943 2880 divinus;

215 2905 285 2939 hoc
302 2906 410 2939 modo
428 2905 701 2939 consideramus
718 2905 779 2938 hic
797 2905 1015 2948 martyrium
1045 2905 1082 2937 et
1107 2904 1162 2937 ita
1189 2903 1406 2947 martyrium
1433 2903 1565 2947 probat
1583 2900 1785 2935 bonitatem
1806 2908 1943 2931 causae.

215 2957 449 2991 Considerari
466 2957 554 2991 dein
569 2958 693 3002 potest
720 2956 939 3000 martyrium
966 2958 982 2990 t
995 2956 1020 2990 h
1032 2966 1050 2989 e
1062 2955 1138 2990 olo
1151 2956 1226 3000 gie
1238 2966 1255 2990 e
1269 2982 1276 2996 ,
1305 2957 1341 2989 et
1367 2955 1420 2988 ita
1446 2956 1501 2988 est
1528 2954 1630 2986 actus
1658 2951 1944 2996 perfectissimae

217 3010 420 3052 charitatis,
440 3011 673 3045 sanctificans
692 3011 893 3055 martyrem
912 3010 942 3044 si
959 3010 998 3043 in
1016 3011 1166 3054 peccato
1185 3011 1291 3050 esset,
1308 3007 1368 3043 vel
1386 3010 1530 3052 signum
1549 3017 1653 3040 verae
1673 3005 1889 3044 sanctitatis,
1909 3005 1945 3037 et

215 3064 255 3097 in
272 3063 342 3097 hoc
363 3073 473 3097 sensu
490 3063 637 3098 bonitas
655 3073 784 3097 causae
802 3063 895 3098 facit
913 3064 1122 3106 martyrem.

1690 3118 1724 3129 *α
