2175 3382
237 121 313 157 1523
541 110 660 142 'frat-t.
685 109 724 142 11.
746 109 795 142 1)0
814 107 1023 142 traditione.
1044 107 1329 152 Exceptionibus
1351 108 1498 151 protos-t.
1519 107 1661 142 satisfit.

234 237 421 282 Pleraque
444 233 547 270 enim
571 245 668 280 quae
692 234 946 280 opponuntur
969 233 1063 268 sunt
1086 231 1244 268 naeniae
1278 231 1337 267 vel
1360 230 1455 267 talia
1487 242 1585 278 quae
1608 243 1760 267 omnem
1784 233 1967 268 evertunt

229 294 454 339 religionem
479 291 742 330 christianam.
787 291 837 327 Ut
860 303 952 339 ergo
976 290 1109 338 aliqua
1132 291 1267 327 saltem
1291 289 1483 338 excepisse
1507 289 1716 326 videantur

350 351 389 392 l.
423 353 567 401 urgent
601 352 736 387 contra
766 349 989 387 traditionis
1031 348 1304 386 necessitatem
1347 360 1487 397 magno
1523 348 1730 385 verborum
1764 351 1965 398 apparatu,

229 427 254 447 s.
280 412 520 460 Scripturam
544 410 840 458 perfectissime,
865 409 1030 450 abunde,
1055 408 1305 452 exactissime,
1331 408 1426 450 fuse,
1461 407 1670 451 cumulate,
1701 407 1817 456 plene
1838 407 1968 444 omnia

228 471 438 516 continere,
463 482 562 517 quae
585 469 840 517 requirantur
862 470 947 504 tum
971 468 1016 504 ad
1041 467 1251 504 salvificam
1275 466 1389 503 fidem
1413 469 1499 503 tum
1520 466 1566 503 ad
1584 467 1701 503 vitam
1720 466 1796 503 Deo
1810 466 1967 515 placen—

228 536 307 567 tem
330 531 432 567 recte
455 528 753 566 informandam.
789 526 909 571 Quem
934 526 975 563 in
998 527 1113 563 finem
1137 526 1348 563 corradunt
1368 525 1539 573 plurima
1554 525 1776 573 Scripturae
1791 528 1966 573 patrum-

228 602 304 638 que
337 589 464 627 effata.
511 587 654 624 Verum
687 587 777 624 data
814 596 889 622 non
924 597 1105 622 concessa
1135 585 1204 622 hac
1236 584 1459 633 Scripturae
1496 584 1757 632 plenitudine,
1793 584 1966 622 nondum

228 650 433 697 propterea
454 646 677 684 excluditur
700 644 922 682 traditionis
945 644 1168 688 necessitas,
1194 646 1239 680 ut
1261 643 1476 681 ostendunt
1497 645 1730 693 argumenta
1751 643 1806 683 th.
1830 643 1967 680 XXIII.

228 708 357 745 allata.
400 707 579 744 Ceterum
602 705 698 742 hauc
723 703 946 752 Scripturae
969 703 1256 751 plenitudinem
1289 703 1447 740 concedi
1480 715 1556 739 non
1588 715 1701 751 posse
1724 702 1967 739 ostend.mus

228 768 282 804 th.
305 766 480 815 praeced.
503 786 558 791 —
582 762 822 801 Testimonia
844 775 944 806 vero,
969 762 1015 799 ad
1038 774 1137 810 quae
1160 764 1382 810 provocant,
1406 764 1452 799 ut
1474 761 1583 798 illam
1607 762 1784 810 probent.
1808 761 1968 798 minime

230 825 392 863 suntad
424 837 518 869 rem,
558 836 645 860 cum
680 822 742 859 vel
777 832 817 861 a.
851 822 930 858 sint
964 821 1210 866 affirmantia,
1245 832 1323 857 non
1355 820 1619 857 excludentia:
1655 821 1853 857 affirmant
1886 819 1968 857 scil.

230 885 455 933 Scriptuiae
479 882 697 920 utilitatem
720 884 766 918 ut
788 881 859 919 Jo-
873 886 942 925 20,
966 887 1042 920 31:
1078 892 1160 916 eam
1196 892 1274 917 non
1296 891 1380 917 esse
1403 879 1699 917 adulterandam
1723 880 1834 917 Deut.
1861 885 1944 924 4‚·>
1926 893 1968 921 -2

228 946 346 993 Apoc.
375 949 440 987 22,
472 949 542 995 183
578 941 884 991 ).Τ101“ξ,-1-5;
911 920 1111 986 (111οΜ1111111
1133 938 1284 979 verius:
1309 939 1373 975 vel
1396 936 1442 978 b.
1466 940 1584 987 agant
1605 950 1683 975 non
1705 937 1752 975 de
1766 938 1884 975 verbo
1900 938 1970 975 Dei

229 1017 245 1040 s
259 1003 438 1051 0111110,
464 1000 531 1038 sed
553 1000 770 1049 generatim
794 1000 839 1036 (10
854 999 972 1036 verbo
998 998 1062 1035 Dei
1088 1011 1106 1034 1
1118 980 1324 1035 evelato
1347 999 1387 1034 et
1407 997 1698 1046 praedicatione
1720 998 1969 1046 promulgato

230 1064 372 1122 ⁴431·AE
399 1067 444 1101 8:
480 1062 548 1097 aut
572 1069 613 1099 (³.
637 1059 754 1096 nimis
776 1059 963 1107 p1·obent;
1000 1058 1032 1094 si
1067 1057 1171 1094 enim
1203 1058 1406 1106 urgentur,
1440 1056 1622 1104 sequitui
1643 1056 1751 1105 rejici
1773 1068 1886 1105 posse
1907 1057 1969 1094 vel

229 1122 344 1159 etiam
369 1108 518 1162 debere,
543 1121 613 1155 aut
635 1118 773 1155 saltem
796 1117 957 1155 inutiles
979 1129 1060 1154 esse
1083 1128 1216 1153 omnes
1238 1116 1328 1153 illos
1350 1115 1471 1153 libros
1486 1116 1710 1163 inspiratos,
1733 1116 1802 1163 qui
1816 1117 1971 1164 praeter

228 1182 361 1218 libros.
386 1179 429 1215 111
450 1178 595 1227 quibus
618 1176 811 1226 ejusmodi
832 1176 1059 1213 testimonia
1080 1178 1302 1220 occurrunt,
1327 1175 1531 1212 habentur.

347 1238 389 1279 2.
412 1238 598 1275 Fatemur
617 1236 755 1285 majori
778 1235 946 1284 quadam
969 1236 1053 1272 veri
1075 1234 1200 1284 specie
1221 1236 1484 1283 protestantes
1516 1233 1564 1270 ad
1594 1236 1724 1282 patres
1753 1245 1970 1282 provocare.

229 1299 302 1336 Sed
325 1296 553 1335 incredibile
576 1298 635 1333 est
657 1294 786 1344 patres
806 1297 889 1332 tam
910 1295 1071 1343 paulum
1105 1294 1180 1331 sibi
1210 1295 1401 1339 constare,
1433 1295 1479 1330 ut
1508 1293 1721 1330 theoretice
1744 1295 1784 1330 et
1804 1293 1971 1341 practice

228 1356 451 1396 traditionis
482 1355 755 1393 exsistentiam
778 1357 827 1395 ,et
857 1353 1132 1390 necessitatem
1164 1354 1364 1390 testentur
1386 1351 1439 1404 (n.
1470 1358 1569 1396 1213
1606 1358 1707 1397 1303
1746 1349 1856 1405 144),
1887 1364 1971 1389 eam

229 1418 317 1455 dein
340 1418 486 1466 negent
508 1415 677 1452 admissa
711 1414 891 1451 absoluta
914 1413 1139 1461 Scripturae
1173 1411 1418 1449 sufficieutia.
1456 1411 1581 1455 Quare
1611 1411 1651 1447 id
1684 1411 1970 1458 quadamtenus

227 1478 385 1514 tantum
407 1475 530 1512 facere
552 1473 706 1511 dicendi
729 1475 840 1510 sunt:
865 1473 1068 1509 disserunt
1090 1471 1172 1509 scil.
1196 1471 1254 1508 vel
1282 1481 1321 1511 a.
1345 1471 1391 1508 de
1415 1471 1574 1519 speciali
1597 1470 1729 1518 aliqua
1744 1469 1971 1518 quaestione

228 1549 297 1573 seu
331 1535 522 1584 dogmate,
559 1533 663 1581 quod
697 1532 826 1570 verbis
860 1532 973 1569 claris
1003 1531 1045 1568 in
1078 1530 1291 1579 Scripturis
1323 1530 1569 1578 exprimitur.
1612 1530 1673 1566 Ita
1705 1529 1846 1567 merito
1880 1529 1971 1566 Au-

228 1595 476 1645 gustinus
507 1593 549 1630 in
580 1592 845 1630 controversia
877 1603 966 1628 eum
997 1589 1204 1627 donatistis
1238 1589 1285 1626 de
1308 1589 1501 1626 Ecclesiae
1533 1588 1795 1625 catholicitate
1816 1590 1973 1636 poterat

229 1665 436 1703 provocare
458 1652 506 1689 ad
529 1651 752 1700 Scripturas
775 1663 917 1698 easque
951 1650 1061 1693 solas,
1094 1649 1187 1697 quia
1214 1650 1306 1685 haec
1328 1648 1520 1686 Ecclesiae
1551 1648 1824 1697 praerogativa
1853 1647 1972 1684 nimis

228 1714 435 1751 manifeste
457 1712 498 1748 in
520 1711 658 1748 iisdem
681 1710 927 1760 proponitur.
970 1710 1030 1746 Ita
1052 1710 1092 1745 et
1112 1710 1244 1757 patres
1277 1707 1318 1744 in
1350 1707 1616 1756 disputatione
1648 1719 1736 1744 cum
1757 1707 1901 1743 arianis
1924 1706 1972 1743 de

228 1772 373 1810 Christi
397 1770 618 1815 divinitate,
643 1782 741 1818 quae
765 1769 969 1818 splendide
991 1769 1031 1804 in
1055 1767 1199 1805 divinis
1229 1767 1355 1804 literis
1388 1766 1634 1803 enunciatur.
1676 1765 1747 1803 Vel
1769 1763 1816 1806 b.
1841 1767 1971 1813 patres

229 1832 402 1869 seclusos
425 1831 583 1867 tautum
604 1829 745 1866 volunt
767 1829 893 1865 fontes
916 1827 1090 1876 spurio
1106 1839 1122 1864 s
1145 1826 1170 1863 i.
1194 1839 1224 1863 e.
1248 1826 1370 1863 libros
1393 1825 1646 1874 apocryphos,
1671 1824 1971 1862 undehaeretiei

224 1891 442 1940 primorum
475 1889 615 1926 saltem
649 1889 872 1925 seculorum
907 1900 975 1924 sua
1009 1886 1243 1923 hauriebant
1275 1886 1472 1934 figmenta,
1508 1887 1578 1921 aut
1611 1885 1972 1934 argumentationes

226 1948 525 1999 philosophicaS,
549 1947 693 1996 quibus
716 1947 835 1983 iidem
856 1946 1023 1983 nimium
1045 1957 1157 1993 saepe
1173 1945 1365 1988 fidebant;
1388 1944 1453 1980 vel
1467 1953 1510 1983 (3.
1525 1943 1742 1993 significare
1756 1943 1972 1980 intendunt

230 2009 474 2057 Scripturam
496 2006 738 2044 sufficienter
760 2005 959 2042 continere
983 2005 1121 2041 saltem
1144 2016 1198 2049 ea,
1223 2015 1322 2051 quae
1345 2003 1420 2040 fide
1435 2003 1620 2051 explicita
1642 2016 1663 2039 a
1686 2002 1866 2039 fidelibus
1889 2014 1970 2039 om-

229 2069 346 2106 nibus
369 2066 539 2104 tenenda
561 2067 665 2108 sunt,
690 2064 1020 2113 quemadmodum
1053 2063 1091 2099 id
1127 2063 1173 2099 de
1209 2063 1385 2111 symbolo
1421 2073 1577 2109 quoque
1610 2061 1797 2098 affirmari
1827 2063 1970 2110 potest,

229 2140 308 2165 non
330 2130 461 2164 tamen
484 2126 632 2162 seclusa
654 2123 881 2161 traditionis
902 2123 1133 2160 necessitate
1156 2134 1225 2170 pro
1248 2121 1423 2158 Ecclesia
1445 2121 1636 2165 universa,
1672 2132 1799 2169 neque
1821 2120 1970 2157 secluso

228 2187 316 2224 vivo
340 2186 457 2234 hujus
480 2183 706 2233 magisterio
729 2195 799 2232 pro
821 2181 1001 2232 singulis.
1026 2183 1072 2218 ut
1093 2183 1181 2218 tuto
1206 2180 1351 2218 Christi
1383 2179 1499 2216 fidem
1531 2180 1684 2228 possint
1717 2191 1967 2229 cognoscere:

228 2245 364 2283 eodem
386 2244 488 2281 enim
511 2245 695 2291 tempore,
719 2254 796 2290 quo
818 2242 911 2278 haec
933 2241 1165 2285 scribebant,
1199 2239 1332 2276 fideles
1363 2238 1578 2286 pendentes
1611 2239 1794 2275 volebant
1827 2238 1875 2275 ab
1907 2250 1971 2276 ore

229 2303 436 2342 Ecclesiae.
479 2301 551 2339 Vel
574 2302 743 2350 denique
766 2298 810 2342 d.
837 2301 1058 2349 Scripturae
1083 2298 1364 2336 sufficientiam
1396 2297 1562 2335 subinde
1596 2298 1738 2335 idcirco
1760 2297 1969 2343 inculcant,

231 2363 333 2412 quod
355 2362 438 2411 ipsa
461 2362 661 2410 Scriptura
683 2360 816 2397 fideles
839 2359 1018 2397 remittat
1040 2359 1088 2396 ad
1110 2357 1331 2402 Ecclesiam,
1348 2370 1368 2394 a
1383 2370 1462 2405 qua
1483 2357 1639 2394 discant
1660 2369 1758 2405 quae
1780 2356 1972 2394 credenda

230 2422 458 2472 agendaque
480 2421 568 2457 sint.
612 2420 670 2457 Ad
694 2432 775 2456 rem
798 2419 1128 2467 Augustinus
1152 2430 1179 2454 c.
1204 2417 1453 2455 Cresconium
1476 2417 1499 2453 1.
1530 2425 1543 2456 1
1572 2429 1609 2453 n.
1635 2422 1709 2456 39:
1745 2416 1970 2460 „Quamvis

230 2481 375 2530 inquit,
399 2480 517 2528 hujus
538 2480 595 2516 rei
618 2476 779 2530 (valoris
813 2477 998 2526 baptismi
1032 2477 1079 2514 ab
1114 2477 1321 2514 haereticis
1357 2472 1504 2528 collati)
1540 2477 1643 2512 certe
1674 2475 1721 2512 de
1756 2474 1970 2523 Scripturis

232 2539 430 2578 canonicis
452 2551 530 2576 non
553 2538 774 2587 proferatur
806 2537 1039 2585 exemplum,
1073 2536 1284 2572 earundem
1320 2539 1453 2572 tamen
1476 2534 1767 2583 Scripturarum
1790 2534 1908 2571 etiam
1929 2533 1970 2570 in

232 2600 302 2636 hac
323 2611 365 2635 re
387 2612 407 2635 a
442 2598 554 2635 nobis
586 2598 745 2634 tenetur
766 2596 923 2641 veritas,
956 2608 1046 2633 cum
1066 2595 1136 2632 hoc
1159 2594 1335 2639 facimus,
1368 2594 1474 2642 quod
1495 2593 1700 2630 universae
1717 2593 1799 2641 jam
1820 2592 1970 2641 placuit

232 2657 440 2702 Ecclesiae,
465 2670 580 2704 quam
604 2656 779 2704 ipsarum
803 2655 1095 2703 Scripturarum
1126 2653 1372 2691 commendat
1403 2652 1635 2690 auctoritas:
1668 2653 1715 2689 ut
1735 2650 1918 2699 quoniam
1940 2663 1970 2688 s.

234 2717 475 2765 Scripturam
507 2715 641 2752 fallere
674 2727 752 2752 non
782 2715 924 2763 potest,
958 2713 1137 2762 quisquis
1167 2713 1251 2750 falli
1282 2712 1428 2749 metuit
1450 2711 1691 2749 obscuritate
1713 2710 1968 2759 quaestionis,

234 2776 398 2813 eandem
419 2774 629 2812 Ecclesiam
662 2774 708 2810 de
740 2773 809 2810 illa
840 2773 1030 2818 consulat,
1064 2778 1178 2820 quam
1213 2772 1296 2809 sine
1326 2771 1410 2808 ulla
1434 2770 1694 2819 ambiguitate
1716 2781 1746 2806 s.
1769 2769 1971 2818 Scriptura

236 2835 491 2872 demonstrat.
503 2838 521 2857 «

353 2891 396 2933 3.
421 2891 531 2936 Quod
564 2891 597 2928 si
628 2894 758 2940 patres
797 2891 974 2928 refellere
1005 2890 1190 2927 nituntur
1221 2889 1434 2926 haereticos
1464 2901 1483 2925 e
1519 2887 1743 2936 Scripturis,
1776 2899 1854 2924 non
1884 2886 1971 2924 ideo

235 2952 402 3001 practice
432 2952 650 3000 agnoscunt
681 2950 984 2998 protestantium
1017 2948 1255 2998 principium
1290 2947 1337 2985 de
1364 2947 1542 2984 absoluta
1565 2958 1592 2983 s.
1616 2945 1839 2994 Scripturae
1863 2945 1968 2983 suffi-

236 3011 396 3055 cientia3
430 3022 520 3047 nam
552 3019 593 3049 a.
618 3009 694 3057 ipsi
725 3020 802 3045 non
834 3008 1025 3046 omittunt
1052 3008 1093 3045 in
1116 3007 1379 3056 disputatione
1402 3017 1490 3042 cum
1512 3005 1738 3042 haerecticis
1760 3016 1969 3053 provocare

236 3070 352 3107 etiam
384 3069 431 3106 ad
464 3068 737 3112 traditionem;
774 3079 900 3115 neque
922 3065 969 3114 b.
994 3079 1020 3104 s.
1046 3067 1289 3115 Scripturam
1310 3064 1619 3113 independenter
1641 3064 1689 3101 ab
1712 3062 1969 3112 explicatione
