2175 3382
925 101 1153 143 argumenta.
1819 111 1839 151 1
1849 112 1900 153 19

292 217 334 258 6.
358 218 595 255 Messianum
618 221 676 256 est
698 220 746 256 ob
769 220 964 257 cultum
999 221 1297 267 nobilissimum,
1332 236 1445 271 quem
1469 226 1653 263 exhibent
1676 228 1753 265 Deo
1776 229 1899 266 Abra-

173 277 273 322 ham,
296 278 403 315 Isaac
424 279 463 314 et
482 277 603 314 Jacob
627 278 710 326 ejus
734 278 885 315 subditi
907 279 948 315 in
971 280 1115 327 spiritu
1137 282 1176 317 et
1197 281 1373 326 veritate,
1397 295 1465 331 per
1486 284 1612 329 fidem,
1636 298 1753 334 spem,
1778 287 1900 324 chari-

172 338 307 382 tatem,
338 349 408 385 per
438 336 563 373 cordis
595 336 819 384 puritatem,
851 349 920 385 per
949 337 1247 387 abnegationem
1272 340 1436 378 subinde
1459 342 1662 389 heroicam,
1695 357 1763 393 per
1784 357 1901 394 opera

172 395 238 443 pia
259 395 565 443 exercitiumque
588 395 714 432 omnis
737 395 911 441 virtutis,
934 408 1004 445 per
1027 397 1255 434 sacrificium
1279 398 1538 437 incruentum.

293 451 333 494 7.
357 453 591 492 Messianum
622 455 682 491 est
712 467 888 503 regnum,
921 455 952 492 si
987 455 1172 504 inspicias
1195 456 1304 493 illius
1327 458 1526 495 immotam
1550 463 1899 501 constantiam

171 514 233 550 tot
253 513 294 549 in
315 513 506 561 procellis,
530 513 714 550 adversus
748 513 874 550 omnis
897 514 1049 563 generis
1074 515 1205 552 hostes
1228 512 1289 567 (cf.
1312 529 1348 553 n.
1375 514 1458 568 83),
1493 530 1569 565 qua
1591 531 1628 556 se
1650 521 1791 567 probat
1812 534 1898 571 reg-

170 584 267 609 num
297 585 318 609 a
340 573 417 609 Deo
449 571 694 616 suscitatum,
727 572 825 621 quod
860 574 898 609 in
922 577 1116 610 aeternum
1138 587 1212 610 non
1234 575 1485 623 dissipabitur
1506 577 1600 616 Dan.
1627 583 1660 622 2,
1687 585 1751 618 44.
1795 579 1898 623 Quae

171 630 298 668 illatio
320 631 581 675 confirmatur,
605 630 640 667 si
661 630 760 668 ratio
783 631 973 668 habeatur
995 632 1122 669 solum
1144 632 1253 669 illius
1275 634 1588 681 phaenomenalis
1610 637 1699 682 odii,
1734 650 1810 685 quo
1833 639 1899 675 ad-

170 689 335 726 versarii
365 689 594 739 religionem
618 689 760 726 Christi
792 693 1086 739 persequuntur
1118 690 1179 741 (cf.
1203 704 1239 728 n.
1266 689 1350 743 84).
1386 693 1479 730 Cum
1511 694 1614 731 enim
1647 708 1722 743 quo
1753 697 1901 745 pejores

170 750 264 785 sunt
293 749 471 786 homines
503 759 547 785 eo
579 749 703 797 magis
735 761 818 786 eam
850 752 1087 794 aversentur,
1124 750 1249 798 liquet
1280 751 1387 788 illam
1420 765 1500 789 esse
1522 765 1687 803 regnum
1708 755 1898 801 veritatis,

164 807 354 856 justitiae,
378 807 615 845 sanctitatis:
640 807 726 844 ideo
749 808 1007 845 messianum:
1032 821 1124 855 ergo
1146 809 1181 845 J.
1198 809 1372 847 Christus
1396 812 1480 859 ejus
1503 814 1638 849 auctor
1661 816 1720 850 est
1734 814 1901 851 Messias.

292 897 385 931 106.
407 887 487 931 IV.
518 890 746 927 Testimom'a
778 895 844 927 tua
877 892 1073 928 credibilia
1095 893 1197 939 facta
1218 897 1306 929 sunt
1328 894 1443 930 nimis
1466 892 1541 946 (Ps.
1567 901 1631 941 92,
1660 893 1714 948 5).
1745 896 1900 933 Juverit

167 950 302 998 paucis
334 949 540 997 complecti
571 949 843 986 credibilitatis
873 950 1019 987 motiva
1051 963 1120 998 pro
1152 951 1340 1000 religione
1373 952 1594 998 christiana,
1628 957 1673 991 ut
1706 967 1748 991 ea
1779 955 1900 993 unde-

169 1021 323 1057 quaque
345 1010 529 1057 appareat
551 1007 750 1053 divina,
776 1009 1076 1055 credibilis,
1101 1010 1363 1050 credenda.

284 1064 329 1120 ¹1.
352 1067 418 1104 Illi
446 1067 716 1104 testimonium
745 1067 879 1104 ferunt
910 1068 1039 1105 omnia
1068 1070 1317 1118 tempora:
1350 1071 1505 1119 tempus
1540 1071 1648 1108 illam
1670 1072 1901 1120 praecedens

167 1139 236 1175 per
257 1126 443 1163 vaticinia
473 1127 774 1175 prophetarum;
807 1128 975 1175 tempus,
1009 1139 1085 1175 quo
1108 1127 1281 1175 primum
1302 1130 1551 1178 promulgata
1571 1130 1659 1175 fuit,
1693 1143 1761 1179 per
1783 1132 1900 1168 comi-

166 1187 294 1223 tatum
316 1185 617 1231 miraculorum3
648 1187 805 1234 tempus
828 1186 1185 1236 promulgationem
1213 1187 1457 1236 subsequens
1480 1201 1548 1237 per
1570 1189 1752 1234 fructum,
1786 1202 1901 1236 quem

165 1244 315 1293 ubique
337 1247 377 1281 et
398 1246 623 1282 constanter
645 1245 815 1293 protulit
836 1257 981 1293 perque
1005 1245 1197 1282 ultionem
1219 1245 1266 1282 de
1283 1246 1438 1294 judaeis
1463 1249 1671 1296 sumptam.

285 1301 328 1343 2.
353 1303 638 1341 Testimonium
670 1303 731 1340 1111
763 1303 896 1341 ferunt
928 1304 1144 1349 coelum,
1186 1306 1349 1350 terra,
1392 1305 1441 1342 in
1453 1306 1570 1350 feri3
1606 1308 1756 1344 coelum
1789 1308 1902 1344 stella

167 1362 319 1407 emissa,
342 1375 440 1411 quae
463 1363 622 1400 duceret
642 1375 767 1412 magos
789 1362 837 1400 ad
858 1375 1051 1412 praesepe,
1087 1364 1201 1400 luctu
1223 1376 1292 1400 3611
1315 1364 1406 1402 30113
1428 1365 1702 1403 obscuratione
1727 1366 1902 1403 auctoris

166 1423 310 1464 morte,
334 1423 438 1459 terra
459 1422 743 1459 miraculorum
767 1422 995 1470 splendore;
1020 1422 1135 1459 inferi
1157 1423 1410 1460 restitutione
1433 1427 1688 1462 mortuorum.

286 1478 327 1520 3.
352 1480 636 1518 Testimonium
677 1480 810 1518 ferunt
851 1481 1025 1530 angeli
1066 1483 1256 1527 canentes,
1298 1482 1527 1520 homines
1568 1484 1751 1529 conversi,
1794 1484 1898 1521 dae-

125 1572 128 1573 7
165 1552 334 1577 mones
357 1540 509 1588 expulsi
533 1537 644 1592 (92);

283 1595 327 1638 4.
343 1611 399 1648 ge
410 1612 436 1635 n
447 1599 544 1636 tile
558 1611 574 1636 3
589 1598 878 1646 conversione‚j
892 1612 920 1636 11
932 1599 987 1636 da
999 1600 1042 1636 ei
1058 1611 1127 1636 sua
1140 1612 1210 1648 per
1225 1600 1356 1637 orbem
1373 1600 1614 1649 dispersione
1629 1598 1681 1653 (n.
1694 1608 1759 1642 238.
1772 1608 1823 1641 74
1837 1598 1898 1653 3.),

165 1658 421 1695 haeretici
451 1670 521 1695 sua
551 1658 592 1694 in
626 1658 852 1695 innumeras
885 1660 1007 1695 sectas
1031 1660 1069 1694 et
1091 1658 1310 1707 fragmenta
1341 1659 1595 1697 dissolutione
1618 1663 1657 1697 et
1680 1660 1897 1705 sterilitate,

165 1730 288 1765 quum
308 1717 481 1766 primum
503 1717 550 1753 ab
572 1717 743 1754 Ecclesia
765 1717 965 1757 deficiunt,

285 1786 328 1827 5.
352 1788 638 1825 Testimonium
670 1788 803 1825 ferunt
835 1787 877 1824 in
900 1788 1055 1825 homine
1088 1788 1420 1833 intellectus,
1450 1790 1693 1826 voluntas
1725 1791 1764 1826 et
1798 1802 1897 1826 cor:

165 1847 390 1884 intellectus
421 1847 697 1890 illustratione,
731 1860 808 1895 qua
838 1847 982 1884 mirum
1014 1847 1054 1883 in
1086 1847 1215 1896 ipsum
1246 1847 1470 1885 refunditur
1499 1849 1644 1893 lumen,
1679 1860 1755 1896 quo
1788 1848 1898 1885 dissi-

165 1907 311 1954 pantur
341 1907 401 1943 tot
429 1906 612 1943 tenebrae
646 1905 746 1943 circa
768 1906 1015 1954 quaestiones
1039 1907 1182 1943 summi
1204 1906 1393 1944 momenti
1414 1919 1484 1955 pro
1506 1907 1589 1944 vita
1610 1907 1789 1952 humana,
1823 1908 1899 1944 sol-

164 1966 315 2002 vuntur
335 1966 395 2002 tot
418 1964 536 2002 dubia
558 1965 722 2014 ingrata,
746 1966 1000 2014 promovetur
1021 1965 1120 2002 acies
1142 1965 1390 2010 intellectus;
1425 1966 1668 2003 voluntas
1691 1966 1898 2003 sanctitate

165 2024 260 2061 alias
282 2036 360 2061 non
381 2024 477 2069 visa,
500 2024 640 2061 robore
662 2024 808 2061 invicto
832 2024 1016 2061 adversus
1039 2026 1099 2062 tot
1121 2025 1370 2072 tentationes,
1404 2025 1552 2062 virtute
1574 2024 1758 2071 mirabili,
1783 2038 1899 2073 quam

164 2083 301 2132 religio
333 2082 395 2119 illi
425 2083 615 2131 inspirat,
648 2095 730 2120 cor
760 2083 934 2132 puritate
967 2083 1161 2132 angelicae
1185 2084 1347 2129 aemula,
1381 2096 1508 2121 amore
1532 2084 1694 2128 heroico,
1727 2085 1806 2121 zelo
1829 2096 1899 2132 pro

164 2142 266 2179 bono
286 2142 463 2191 proximi,
498 2155 615 2190 quem
638 2142 705 2179 illa
727 2142 939 2187 succendit,
973 2154 1065 2191 pace
1087 2143 1234 2180 mundo
1266 2142 1475 2192 incognita,
1509 2156 1626 2191 quam
1649 2143 1689 2179 in
1712 2143 1795 2191 ipsa
1817 2143 1898 2179 cul-

164 2203 269 2238 tores
290 2201 410 2250 hujus
432 2201 635 2250 religionis
655 2201 871 2249 reperiunt.

282 2269 326 2311 6.
351 2271 635 2309 Testimonium
666 2272 798 2309 ferunt
830 2284 962 2309 omnes
986 2272 1140 2321 generis
1163 2271 1324 2309 humani
1347 2272 1699 2317 conditiones,
1732 2285 1896 2320 quarum

163 2329 303 2380 religio
327 2330 537 2368 christiana
559 2331 662 2368 sicut
683 2331 793 2368 nulla
814 2331 890 2368 alia
911 2343 1043 2368 curam
1057 2331 1179 2380 gerit:
1202 2343 1402 2379 pauperes,
1427 2331 1570 2378 quibus
1584 2333 1758 2368 materna
1773 2331 1897 2367 chari-

163 2390 245 2426 tate
267 2389 465 2438 providet3
489 2390 625 2427 afflicti
647 2392 686 2427 et
708 2389 850 2435 miseri,
875 2389 1019 2438 quibus
1040 2390 1270 2438 patientiam
1285 2389 1476 2438 inspirat3
1500 2390 1707 2438 operarios,
1731 2401 1897 2438 quorum

163 2448 317 2485 labores
350 2448 534 2486 nobilitat
564 2449 763 2498 proposito
799 2449 974 2496 exemplo
1006 2448 1129 2497 ipsius
1161 2448 1233 2484 filii
1255 2448 1325 2485 Dei
1356 2449 1397 2485 in
1428 2449 1625 2486 laboribus
1658 2448 1895 2492 desudantis,

164 2506 305 2544 divites
337 2509 376 2544 et
405 2509 596 2557 potentes,
629 2520 725 2556 quos
746 2508 870 2545 Deum
901 2508 1039 2544 timere
1071 2520 1118 2544 ne
1143 2507 1381 2544 insolescant
1403 2507 1532 2552 docet3
1567 2520 1697 2545 omnes
1728 2509 1896 2544 status

163 2565 355 2603 humanae
377 2569 551 2611 naturae,
575 2567 719 2614 quibus
741 2566 942 2614 providet3
966 2566 1148 2611 infantes,
1172 2577 1270 2614 quos
1293 2566 1381 2603 sinu
1395 2578 1464 2603 suo
1478 2579 1565 2603 mox
1584 2568 1695 2603 natos
1712 2565 1893 2614 suscipit:

163 2624 438 2671 adolescentes,
472 2638 567 2674 quos
588 2625 630 2662 in
651 2626 791 2662 timore
814 2625 895 2669 Dei,
928 2625 1127 2669 modestia,
1162 2625 1339 2662 castitate
1362 2625 1561 2667 instituit;
1595 2625 1778 2673 conjuges
1800 2634 1895 2672 quos

163 2683 368 2721 nobilitat:
401 2697 510 2722 senes
542 2697 639 2732 quos
669 2697 735 2732 spe
756 2684 914 2733 praemii
938 2683 1116 2721 coelestis
1138 2684 1309 2728 solatur3
1342 2684 1577 2728 moribundi,
1611 2695 1708 2731 quos
1731 2695 1806 2719 non
1829 2683 1893 2718 de-

164 2742 277 2779 serit:
300 2742 406 2780 unde
427 2743 600 2780 mirabili
621 2743 918 2781 universalitate
940 2744 979 2779 et
1001 2742 1244 2787 elasticitate‚
1270 2755 1368 2791 quae
1385 2755 1423 2779 se
1439 2742 1620 2779 omnibus
1635 2741 1894 2778 accommodat

162 2801 404 2850 indigentiis,
427 2814 466 2839 se
488 2803 733 2839 commendat
754 2802 891 2851 religio
918 2802 1139 2839 christiana.

284 2869 326 2912 7.
350 2872 637 2910 Testimonium
658 2873 734 2910 fert
755 2873 817 2910 vel
838 2872 922 2921 ipse
945 2872 1140 2914 cultus;
1163 2884 1254 2909 vera
1276 2871 1380 2908 enim
1404 2872 1559 2908 cultura
1581 2871 1732 2907 fructus
1755 2871 1811 2905 est
1834 2881 1891 2904 re-

163 2928 320 2979 ligionis
342 2930 592 2968 christianae:
625 2932 729 2968 unde
764 2944 840 2978 quo
864 2931 1070 2980 perfectior
1092 2931 1181 2978 quis
1203 2933 1263 2967 est
1286 2930 1518 2967 christianus
1542 2942 1584 2965 eo
1607 2927 1811 2977 perfecti&
1834 2932 1890 2962 est

162 2989 289 3034 homo,
323 2989 489 3027 historia
519 2991 559 3027 et
579 2990 820 3038 experientia
851 2991 964 3027 teste.
1007 2990 1103 3026 Prae
1135 2989 1260 3026 oculis
1284 2989 1501 3026 habeantur
1524 2987 1656 3024 sancti.
1699 2987 1786 3033 Ipsa
1812 2985 1889 3021 sin·

162 3047 292 3097 gulari
314 3048 464 3085 ratione
485 3048 652 3096 inspirat
674 3050 788 3086 artes.
