2175 3382
158 155 240 192 25³*
535 143 653 178 'rx-:u-t.
677 134 734 175 lfl.
755 141 800 174 de
823 141 989 175 Ecclesia.
1013 139 1265 175 lnt'allibilitas
1285 140 1500 184 magisterii.

158 265 296 304 ··ulum
323 261 556 303 excluditur
579 273 603 301 a
626 260 869 312 magisterio
893 259 1128 301 Ecclesiae:
1161 259 1349 312 alioquin
1371 259 1483 300 Deus
1506 272 1585 301 nos
1608 259 1815 312 obligaret
1837 260 1891 302 ad

159 332 437 386 profitendum
463 332 589 372 etiam
615 342 816 379 errorem,
839 331 872 371 si
897 342 1020 383 quem
1045 330 1232 372 Ecclesia
1255 335 1523 383 proponeret.

275 418 315 459 5.
339 414 554 467 Colligitur
586 413 858 454 infallibilitas
890 413 1168 454 ecclesiastici
1191 413 1421 466 magisterii
1454 425 1505 454 ex
1538 413 1629 466 ejus
1660 413 1788 461 fine,
1821 414 1890 467 qui

157 494 231 534 est,
262 493 307 528 ut
337 486 531 527 homines
564 489 654 525 tuto
686 485 709 525 i.
743 496 775 527 e.
809 495 988 525 assensu
1021 496 1148 525 omne
1175 483 1348 525 dubium
1373 484 1623 525 excludente
1647 483 1821 525 credere
1851 488 1893 525 et

157 558 368 610 dissipatis
393 556 590 597 omnibus
614 555 751 596 dubiis
766 555 1097 608 compositisque
1112 555 1354 596 authentice
1372 555 1570 596 omnibus
1593 555 1893 596 controversiis

156 631 199 670 in
221 629 427 670 unitatem
452 626 546 667 fidei
570 626 816 678 conspirare
837 625 1014 678 possint.
1058 626 1184 678 Atqui
1210 631 1364 678 negata
1387 626 1578 679 ejusdem
1600 625 1893 668 infallibilitate

153 701 242 753 jam
266 710 344 740 nec
367 703 485 739 tuto
509 709 587 738 nec
618 697 949 737 inconcusse
979 695 1123 737 fideles
1146 708 1306 745 omnes,
1329 697 1442 738 docti
1465 702 1506 738 et
1529 697 1698 746 indocti,
1722 697 1894 739 credere

157 783 235 812 nec
271 773 312 811 in
346 771 550 811 unitatem
583 766 678 808 fidei
709 767 932 808 immotam
965 769 1211 820 conspirare
1244 772 1442 820 possunt3
1479 779 1648 820 semper
1682 768 1793 809 enim
1829 767 1895 809 vel

158 841 308 883 saltem
332 852 459 893 saepe
492 840 592 881 oriri
625 844 770 892 posset
792 838 978 886 dubium,
1011 851 1064 879 ne
1098 838 1203 880 forte
1226 838 1414 880 Ecclesia
1447 839 1589 892 aliquo
1623 840 1666 880 in
1697 839 1894 891 dogmate

158 911 396 953 definiendo
413 911 628 958 erraverit,
653 910 903 963 praesertim
926 911 961 951 si
984 922 1134 962 graves
1157 910 1199 950 in
1223 911 1485 951 contrarium
1508 915 1804 952 succurrerent
1828 922 1896 951 ra-

158 983 310 1031 tiones,
344 982 410 1023 vel
447 982 561 1022 haud
599 981 914 1022 contemnenda
951 981 1139 1022 virorum
1173 981 1397 1022 doctorum
1431 981 1622 1022 obstaret
1652 982 1895 1023 auctoritas.

158 1053 265 1106 Ergo
300 1059 345 1094 ut
379 1053 471 1094 finis
507 1053 574 1094 ille
609 1052 863 1098 obtineatur,
899 1053 1174 1094 ecclesiastici
1207 1053 1437 1104 magisterii
1468 1051 1702 1093 auctoritas
1733 1064 1896 1105 supra

159 1137 312 1166 omne
335 1124 555 1165 dubium
578 1124 717 1177 posita
740 1136 834 1165 esse
858 1124 995 1166 debet.
1039 1122 1177 1176 Supra
1201 1135 1327 1164 omne
1351 1123 1524 1164 dubium
1549 1128 1692 1164 autem
1714 1136 1801 1164 non
1823 1128 1898 1173 est,

160 1197 239 1237 nisi
261 1196 314 1237 sit
335 1195 571 1239 infallibilis,
615 1194 736 1246 Quod
760 1195 814 1236 ad
837 1195 1093 1236 evidentiam
1116 1206 1250 1247 usque

277 1280 321 1321 6.
346 1278 622 1319 confirmatur
644 1283 770 1332 atque
793 1278 1027 1321 illustratur
1059 1277 1299 1318 historia
1331 1278 1521 1318 omnium
1543 1282 1770 1326 sectarum,
1801 1289 1897 1330 pro-

159 1350 405 1391 testantium
441 1350 705 1402 praesertim,
740 1350 810 1403 qui
845 1349 1075 1401 magisterii
1110 1347 1386 1390 ecclesiastici
1416 1347 1710 1389 infallibilitate
1741 1348 1898 1401 reiecta

159 1433 246 1462 non
268 1420 441 1470 habent,
473 1432 555 1473 quo
589 1421 836 1469 consistant,
869 1424 1075 1472 perpetuo
1109 1418 1234 1460 fidem
1258 1423 1426 1459 mutant
1447 1423 1575 1471 atque
1597 1419 1640 1459 in
1662 1419 1899 1472 fragmenta

160 1493 382 1532 innumera
406 1491 664 1544 dissipantur
685 1493 716 1547 1)
734 1491 857 1544 juxta
878 1491 913 1531 A
927 1504 954 1531 u
967 1490 1175 1543 gustini
1197 1490 1329 1531 verba
1351 1502 1476 1533 serm.
1498 1494 1527 1534 4
1551 1503 1588 1531 n.
1611 1494 1689 1535 34:
1728 1489 1830 1541 „Qui
1853 1502 1899 1532 se

161 1563 215 1603 ab
246 1563 407 1603 unitate
431 1562 739 1615 praeciderunt,
771 1563 813 1602 in
845 1566 948 1615 quot
978 1562 1111 1603 frusta
1142 1562 1323 1614 praecisi
1357 1563 1497 1602 suntl“
1546 1560 1694 1615 Neque
1729 1562 1895 1611 mirum,

162 1646 271 1683 cum,
294 1645 345 1674 ea
369 1633 546 1686 abJ'ecta,
569 1633 706 1685 logica
728 1633 982 1674 necessitate
1004 1632 1241 1673 incidamus
1264 1631 1329 1673 vel
1352 1632 1393 1672 in
1415 1633 1755 1674 rationalismum
1778 1632 1899 1674 effre-

161 1717 263 1746 num
284 1704 351 1744 vel
372 1704 415 1744 in
438 1705 679 1756 pietismum
703 1715 892 1745 coecum.

282 1788 322 1829 7.
347 1785 531 1828 Necesse
554 1799 641 1828 non
674 1791 738 1827 est
763 1787 988 1828 veritatem
1021 1786 1131 1827 hanc
1163 1797 1214 1826 ex
1246 1785 1454 1827 sentiendi
1487 1787 1651 1827 ratione
1673 1787 1802 1827 totius
1824 1799 1900 1827 an-

161 1858 365 1910 tiquitatis
388 1858 623 1899 theoretica
650 1863 692 1899 et
713 1858 903 1910 practica
926 1857 1220 1910 comprobare.
1265 1855 1443 1909 Semper
1466 1857 1578 1898 enim
1601 1858 1776 1910 quaevis
1798 1857 1900 1898 doc-

160 1930 282 1971 trina.
316 1929 510 1982 quamvis
542 1929 745 1981 speciosis
768 1928 1005 1969 rationibus
1027 1929 1243 1976 niteretur,
1277 1940 1328 1969 eo
1360 1928 1452 1980 ipso
1484 1926 1592 1969 falsa
1617 1928 1901 1980 judicabatur,

163 2000 276 2052 quod
299 2000 471 2041 dissona
495 2005 607 2041 esset
629 2012 653 2040 a
676 1999 996 2052 praedicatione
1019 1999 1252 2051 magisterii
1274 1999 1550 2040 ecclesiastici
1573 2000 1628 2055 (n.
1654 2000 1769 2056 121).
1801 1998 1901 2041 Cre-

165 2071 344 2112 debatur
366 2083 465 2123 ergo
489 2071 596 2112 haec
620 2083 748 2123 supra
771 2082 898 2111 omne
913 2070 1088 2111 dubium
1111 2076 1152 2111 et
1174 2082 1355 2111 examen
1376 2071 1527 2123 posita,
1550 2070 1664 2123 quod
1684 2071 1901 2123 proprium

164 2147 329 2183 tantum
354 2147 416 2183 est
440 2142 707 2212 apcioritatis
729 2140 968 2183 infallibilis.
1006 2141 1112 2182 Hinc
1135 2141 1205 2182 illa
1227 2141 1389 2182 Hiero
1403 2142 1545 2184 nvmi
1567 2140 1699 2182 verba
1722 2141 1815 2184 adv.
1839 2141 1902 2182 lu-

165 2213 274 2256 cifer.
310 2227 347 2256 n.
384 2215 459 2257 28:
511 2212 733 2263 „Poteram
770 2224 919 2253 omnes
943 2212 1293 2273 ,propositionum
1330 2211 1709 2268 (adversariorum)
1744 2212 1901 2253 rivulos

163 2297 266 2324 uno
289 2284 578 2325 Ecclesiae
610 2283 725 2324 sole
757 2284 964 2332 siccare;“
1004 2288 1046 2324 et
1077 2283 1129 2323 ad
1160 2295 1251 2324 rem
1274 2282 1470 2323 hortatur
1492 2282 1831 2335 AuQus
1857 2284 1901 2324 in

163 2354 229 2395 Ps.
254 2359 309 2400 30
336 2368 374 2398 n.
401 2359 444 2399 S:
487 2355 817 2405 „Contradicunt
846 2355 1014 2407 linguae
1047 2354 1225 2403 multae;
1260 2354 1453 2395 diversae
1485 2355 1698 2403 haereseS,
1732 2353 1899 2395 diversa

164 2426 396 2466 schismata
405 2427 871 2499 wffilinguae
903 2425 1062 2466 multae
1085 2424 1378 2466 contradicunt
1411 2425 1554 2465 veraci
1585 2424 1824 2465 doctrinae:
1846 2401 1903 2465 ‘iu

165 2509 287 2537 curre
311 2496 366 2537 ad
388 2497 714 2538 tabernaculum
729 2497 815 2546 Dei,
838 2496 1071 2537 Ecclesiam
1086 2496 1341 2537 catholicam
1364 2501 1475 2545 tene,
1498 2507 1524 2536 a
1545 2494 1736 2547 regula
1756 2495 1902 2536 veri-

208 2664 226 2674 ‘x

312 2672 336 2715 ¹)
356 2670 472 2712 Quare
489 2671 582 2704 bene
600 2673 847 2715 protestantes
875 2671 929 2705 ita
953 2674 1060 2715 urget
1079 2670 1109 2703 B
1121 2681 1139 2704 e
1151 2680 1167 2702 c
1181 2681 1272 2704 anu
1284 2681 1299 2703 s
1327 2680 1491 2703 summae
1518 2670 1630 2704 theol.
1649 2671 1676 2703 t.
1704 2670 1838 2713 poster.
1857 2671 1901 2702 tr.

167 2728 197 2758 1.
217 2735 245 2758 e.
265 2729 284 2758 5
304 2723 418 2757 concl.
440 2727 459 2756 5
479 2736 512 2757 n.
534 2726 596 2758 63:
617 2723 705 2762 ,Vel
724 2727 928 2768 sequuntur
946 2724 1144 2758 Ecclesiam
1164 2734 1266 2756 suam
1287 2722 1343 2756 vel
1362 2723 1409 2756 ab
1428 2732 1471 2756 ea
1489 2722 1724 2756 dissentiunt.
1744 2721 1782 2755 Si
1798 2721 1903 2756 illam
1940 2740 1943 2742 -

165 2780 378 2820 sequuntur,
398 2776 493 2810 nihil
511 2778 599 2810 certi
618 2777 768 2818 habent,
788 2778 817 2811 si
832 2778 913 2822 ipsa
933 2787 1054 2812 errare
1071 2779 1206 2821 potest.
1242 2775 1280 2810 Si
1299 2777 1345 2809 ab
1365 2786 1408 2810 ea
1425 2775 1662 2816 dissentiunt,
1680 2775 1800 2819 magis
1824 2785 1905 2819 per-

163 2830 262 2874 plexi
281 2832 376 2871 sunt,
396 2829 484 2873 quia
502 2829 532 2863 si
549 2831 633 2863 tota
650 2830 813 2873 ipsorum
828 2830 990 2864 Ecclesia
1005 2841 1126 2864 eri-are
1140 2830 1274 2874 potest,
1298 2829 1415 2862 multo
1438 2829 1556 2872 magis
1579 2827 1717 2874 singuli
1739 2828 1903 2872 ipsorum

165 2883 349 2928 possunt.‘
388 2882 492 2916 Unde
512 2882 767 2926 desperatione
786 2883 862 2916 acti
878 2884 1002 2927 plures
1032 2893 1050 2916 e
1079 2882 1373 2927 protestantibus
1401 2891 1534 2915 novam
1552 2882 1767 2925 exspectant
1784 2880 1904 2914 Eccle-

167 2937 259 2970 siam
277 2936 336 2970 vel
354 2936 603 2970 oeconomiam
623 2936 974 2982 (Zukunftskirche):
1005 2936 1062 2971 vel
1088 2947 1222 2971 novum
1251 2936 1525 2980 praestolantur
1541 2934 1699 2979 Spiritus
1718 2946 1744 2968 s.
1771 2935 1905 2968 adven-

164 2993 245 3024 tum
265 2994 301 3023 et
321 2989 548 3029 effusionem,
567 2988 744 3032 illamque
762 2990 930 3033 precibus
949 2991 1045 3024 hunc
1071 2991 1110 3024 in
1137 2990 1248 3024 finem
1274 2989 1365 3023 fusis
1394 2989 1597 3023 accelerare
1615 2989 1795 3022 nituntur.
1829 2987 1904 3021 Alii

166 3043 268 3077 omni
286 3053 349 3087 spe
367 3042 540 3076 destituti
558 3045 601 3076 ut
618 3042 766 3075 unicum
785 3041 959 3077 solatium
979 3055 1135 3089 regnum
1163 3042 1410 3078 chiliasticum
1439 3041 1691 3086 opperiuntur.
1727 3041 1778 3075 Cf.
1796 3051 1905 3086 supra

167 3107 202 3130 n.
225 3097 302 3129 147.
323 3097 402 3130 196.
437 3094 488 3129 Cf.
508 3094 539 3128 D
552 3099 572 3129 ὂ
585 3095 773 3140 llinger
791 3095 922 3129 Kirehe
940 3097 1016 3130 und
1035 3096 1193 3130 Kirehen
1211 3106 1294 3140 pag.
1314 3097 1383 3131 476
1402 3106 1446 3129 ss.
