2175 3382
762 133 924 168 Ecelesia
941 133 1084 167 dicatur
1102 143 1232 178 corpus
1251 133 1395 168 Christi.
1859 140 1944 181 229

212 254 350 302 debet,
372 255 457 294 imo
481 254 595 295 omni
619 253 853 294 attentione
876 256 940 292 est
961 251 1098 302 digna.
1142 250 1305 303 Corpus
1328 257 1470 293 autem
1494 251 1646 294 Christi
1669 254 1822 294 dicitur
1843 266 1943 307 pro-

213 325 321 367 fecto
354 325 524 373 idcirco,
554 328 600 364 ut
631 323 897 375 significetur,
930 334 1027 362 eum
1059 322 1262 362 exsistere
1294 321 1484 363 habitum
1518 324 1626 364 inter
1658 322 1869 365 Christum
1902 330 1943 366 et

214 395 456 443 Ecclesiam,
479 395 550 448 qui
563 393 742 435 accedat
763 393 817 434 ad
839 392 1045 438 habitum,
1068 404 1150 444 quo
1175 396 1302 444 caput
1324 392 1377 432 ad
1401 404 1554 444 corpus
1577 397 1617 433 et
1641 395 1824 435 vicissim
1847 406 1943 435 cor-

213 479 291 519 pus
314 466 368 507 ad
391 472 518 519 caput
539 465 728 508 refertur.
762 464 894 505 Porro
927 463 1140 515 triplici
1171 463 1317 503 habitu
1350 468 1477 515 caput
1499 463 1552 503 ad
1574 476 1728 515 corpus
1751 465 1941 507 refertur.

335 549 373 593 1.
396 548 558 589 Habitu
580 548 666 589 scil.
681 548 951 602 principatus
983 551 1024 586 et
1056 546 1322 594 eminentiae,
1355 550 1396 586 et
1429 545 1597 598 quidem
1620 546 1943 599 quadrupli-

212 621 313 661 cis:
346 620 439 667 loci,
472 618 753 671 perfectionis,
786 617 961 665 virtutis,
993 616 1248 663 directionis,
1283 628 1365 668 qua
1398 617 1559 656 cunctis
1590 616 1791 657 membris
1823 623 1942 658 ante-

212 690 369 731 cellens
400 690 450 730 iis
480 690 594 730 velut
625 700 677 729 ex
707 700 806 730 arce
834 687 1019 740 quadam
1051 687 1313 739 prospiciens
1337 687 1516 727 consulit
1539 692 1666 739 atque
1688 687 1943 730 moderatur.

331 776 527 813 Christum
551 774 705 812 cunctis
727 774 922 811 Ecclesiae
944 773 1129 810 membris
1151 773 1384 810 antecellere
1406 772 1655 809 manifestum
1681 775 1751 812 est.
1793 772 1838 808 In
1861 772 1943 820 ipso

213 836 318 872 enim
340 837 398 872 est
418 834 624 883 plenitudo
647 834 821 872 omnium
845 833 1059 882 gratiarum
1092 834 1132 869 et
1153 832 1285 880 ipsum
1315 831 1523 869 constituit
1544 832 1661 868 Pater
1690 831 1867 868 coelestis
1899 831 1945 868 ad

214 894 411 931 dexteram
433 906 543 930 suam
564 893 605 929 in
629 892 861 930 coelestibus
884 904 1002 940 supra
1024 903 1179 928 omnem
1199 890 1463 940 principatum
1487 892 1525 927 et
1548 892 1783 938 potestatem
1805 893 1844 926 et
1865 890 1946 927 vir-

212 955 342 990 tutem
364 954 404 990 et
425 952 733 990 dominationem
755 954 794 988 et
816 964 928 988 omne
951 963 1104 992 nomen,
1138 951 1241 998 quod
1272 950 1500 987 nominatur
1531 961 1609 986 non
1644 949 1771 986 solum
1804 949 1845 985 in
1876 949 1945 986 1100

213 1012 354 1057 3001110,
377 1011 444 1049 sed
465 1011 585 1048 etiam
606 1011 646 1048 in
669 1011 825 1055 futuro3
848 1012 888 1047 et
910 1009 1039 1047 omnia
1060 1009 1228 1058 subjecit
1250 1009 1323 1046 sub
1339 1008 1506 1057 pedibus
1521 1009 1617 1057 ejus,
1642 1010 1681 1045 et
1695 1008 1825 1056 ipsum
1840 1007 1945 1044 dedit

213 1074 331 1120 caput
354 1083 473 1119 supra
506 1081 659 1107 omnem
681 1069 904 1112 Ecclesiam,
938 1082 1037 1117 quae
1068 1071 1129 1105 est
1159 1080 1301 1116 corpus
1332 1067 1456 1116 ipsius
1477 1067 1573 1115 Eph.
1603 1075 1635 1111 1,
1665 1075 1713 1107 10
1739 1079 1767 1107 s,
1812 1067 1945 1114 Neque

212 1130 340 1167 ullum
363 1141 506 1167 munus
541 1129 679 1178 capitis
710 1128 914 1177 proprium
937 1127 1117 1165 Servator
1147 1126 1438 1176 praetermittit,
1472 1128 1518 1163 ut
1546 1126 1741 1174 praeclare
1774 1125 1947 1162 ostendit

212 1189 359 1226 Paulus
380 1189 519 1237 Ephes.
545 1195 579 1230 5.
607 1194 658 1228 23
683 1200 731 1225 ss.
775 1187 884 1231 Quod
918 1187 1062 1223 mirum
1094 1186 1221 1223 videri
1251 1199 1331 1223 non
1361 1185 1496 1222 debet:
1529 1185 1631 1222 idem
1663 1185 1766 1222 enim
1798 1184 1944 1221 Paulus

213 1248 352 1285 scribit
379 1255 411 1286 1.
435 1247 532 1284 Tim.
558 1254 593 1292 5,
620 1253 667 1287 S:
691 1247 733 1284 Si
755 1248 840 1296 quis
862 1251 989 1283 autem
1011 1257 1171 1283 suorum
1192 1250 1224 1282 et
1239 1247 1403 1282 maxime
1416 1245 1704 1282 domesticorum
1719 1256 1853 1280 curam
1872 1255 1943 1279 non

213 1308 330 1350 habet,
353 1307 465 1355 fidem
487 1307 632 1356 neqavit
653 1311 685 1342 et
707 1311 759 1343 est
781 1303 925 1352 infideli
947 1306 1120 1342 deterior.
1163 1304 1264 1348 Quid
1299 1309 1430 1341 autem
1452 1303 1708 1340 domesticum
1733 1306 1791 1340 est
1821 1302 1946 1351 magis

214 1378 257 1403 ac
277 1366 482 1415 proprium
503 1365 621 1414 capiti
644 1378 763 1413 quam
785 1376 926 1413 corpus
950 1376 1067 1401 suum
1077 1366 1094 1400 ⁴?
1128 1364 1183 1400 De
1205 1364 1275 1400 hac
1295 1363 1422 1412 prima
1445 1362 1586 1399 Christi
1618 1362 1758 1410 capitis
1789 1373 1945 1410 praero-

213 1425 346 1475 gativa
367 1426 406 1462 et
427 1425 669 1473 proprietate
691 1424 887 1472 praeclare
910 1423 1111 1460 disserunt
1140 1425 1281 1472 patres.
1326 1421 1553 1466 „Quomodo
1588 1433 1680 1470 ergo
1713 1419 1853 1465 anima,
1886 1420 1945 1456 in-

213 1484 303 1533 quit
324 1483 655 1533 Augustinus
678 1483 725 1520 de
748 1495 869 1532 agone
892 1482 1023 1520 Christ
1044 1494 1074 1520 0.
1100 1489 1165 1526 20,
1199 1484 1330 1518 10111111
1352 1493 1490 1529 corpus
1521 1485 1700 1516 nostrum
1730 1479 1877 1516 animat
1908 1481 1948 1515 et

213 1543 397 1587 vivificat,
421 1543 487 1580 sed
509 1542 552 1579 111
573 1542 701 1590 capite
724 1545 764 1579 et
784 1542 952 1579 videndo
975 1541 1097 1578 sentit
1120 1544 1158 1578 et
1181 1540 1372 1577 audiendo
1395 1543 1434 1576 et
1455 1539 1650 1588 gustando
1678 1541 1718 1575 et
1738 1537 1945 1587 tangendo,

213 1603 255 1639 in
277 1602 416 1639 ceteris
437 1605 567 1639 autem
602 1601 788 1638 membris
820 1600 1018 1650 tangendo
1049 1602 1226 1644 tantum3
1264 1602 1303 1636 et
1333 1599 1419 1636 ideo
1451 1597 1569 1646 capiti
1602 1600 1742 1635 cuncta
1773 1597 1948 1645 subjecta

215 1663 310 1699 sunt
330 1661 379 1698 ad
400 1660 654 1709 operandum,
690 1660 791 1697 illud
813 1662 944 1697 autem
968 1671 1085 1708 supra
1107 1659 1338 1696 collocatum
1371 1659 1432 1695 est
1454 1657 1501 1694 ad
1524 1656 1820 1700 consulendum,
1855 1655 1949 1703 quia

213 1719 524 1769 ipsiusanimae,
559 1732 657 1767 quae
680 1719 851 1756 consulit
883 1719 1043 1766 corpori,
1077 1717 1360 1766 quodammodo
1390 1729 1590 1765 personam
1621 1714 1790 1752 sustinet
1820 1717 1947 1762 caput,

214 1779 271 1816 ibi
292 1779 394 1817 enim
419 1791 553 1816 omnes
576 1790 712 1815 sensus
735 1780 943 1826 apparent:
968 1778 1023 1814 sic
1044 1777 1229 1814 universo
1250 1776 1396 1825 populo
1419 1779 1642 1812 sanctorum
1663 1780 1864 1822 tamquam
1879 1773 1947 1810 uni

215 1838 367 1887 corpori
389 1839 508 1886 caput
529 1839 590 1874 est
620 1837 815 1874 mediator
836 1837 905 1873 Dei
937 1838 976 1873 et
1006 1836 1211 1873 hominum
1242 1835 1355 1872 homo
1388 1834 1566 1871 Christus
1598 1833 1754 1870 JesuS.<‘
1797 1832 1949 1876 Quanta

215 1900 348 1934 autem
371 1896 638 1934 sollicitudine
661 1896 924 1933 membrorum
946 1907 1080 1932 curam
1103 1897 1192 1944 agat
1213 1894 1316 1931 idem
1349 1906 1378 1931 s.
1401 1893 1536 1931 doctor
1557 1892 1716 1941 exponit
1746 1892 1787 1928 111
1809 1892 1869 1928 Ρ3.
1895 1896 1945 1931 85

215 1969 252 1994 n.
278 1963 326 1996 5:
363 1956 516 2004 „caput
537 1957 668 1992 autem
689 1957 868 1992 nostrum
890 1955 938 1991 ad
969 1954 1166 1991 dexteram
1189 1953 1316 1990 Patris
1347 1952 1574 2001 interpellat
1605 1963 1675 1999 pro
1707 1950 1840 1995 nobis;
1874 1950 1951 1986 alia

215 2015 390 2052 membra
404 2014 554 2063 recipit,
578 2014 654 2051 alia
667 2014 849 2063 flagellat,
873 2014 948 2050 alia
962 2013 1138 2057 mundat,
1163 2013 1240 2049 alia
1253 2012 1485 2055 consolatur,
1509 2011 1584 2048 alia
1599 2012 1714 2055 creat,
1738 2010 1813 2046 alia
1827 2011 1949 2053 vocat,

217 2074 293 2111 alia
313 2076 481 2119 revocat,
504 2073 580 2110 alia
602 2073 776 2122 corrigit,
804 2072 879 2109 alia
901 2072 1183 2121 redintegrat«

335 2154 433 2198 208.
464 2154 508 2196 2.
541 2151 737 2194 Refertur
769 2157 896 2204 caput
927 2151 981 2192 ad
1013 2164 1168 2204 corpus
1190 2151 1330 2192 habitu
1354 2151 1536 2203 vivificae
1561 2149 1737 2201 virtutis)
1769 2158 1877 2199 quae
1909 2147 1951 2186 in

217 2224 355 2276 capite
385 2236 473 2264 non
503 2235 627 2265 secus
658 2228 785 2276 atque
817 2224 860 2264 in
893 2223 1007 2264 fonte
1039 2222 1280 2275 plenissime
1312 2221 1503 2262 residens
1537 2232 1588 2261 ex
1610 2221 1702 2272 ipso
1725 2219 1769 2259 in
1790 2218 1951 2270 reliqua

220 2294 407 2335 obnoxia
428 2294 622 2336 membra
644 2300 865 2347 totumque
888 2294 1125 2335 cohaerens
1147 2305 1301 2346 corpus
1324 2297 1440 2333 certa
1462 2292 1553 2343 lege
1576 2290 1777 2330 dimanat.

336 2380 393 2417 De
415 2392 492 2429 quo
515 2381 677 2430 analogo
698 2393 802 2418 nexu
824 2380 1018 2417 Christum
1039 2381 1143 2416 inter
1174 2380 1213 2415 et
1233 2377 1443 2415 Ecclesiam
1474 2376 1571 2413 certi
1593 2375 1794 2412 reddimur
1825 2386 1870 2411 ex
1892 2372 1952 2409 Jo.

226 2447 258 2485 1,
287 2446 335 2479 16
352 2452 360 2476 :
384 2439 435 2476 Et
456 2440 500 2476 de
516 2440 753 2487 plenitudine
767 2439 846 2487 ejus
859 2451 926 2476 nos
940 2450 1066 2475 omnes
1080 2439 1303 2486 accepimus,
1328 2441 1361 2473 et
1372 2437 1543 2485 qratiam
1550 2447 1626 2483 pro
1641 2435 1769 2483 qratia
1780 2447 1798 2479 ,·
1822 2439 1857 2475 6,
1879 2438 1950 2472 58;

220 2499 326 2535 Sicut
350 2500 452 2535 misit
473 2511 530 2535 me
551 2500 673 2535 vivens
694 2499 812 2535 Pater
833 2503 866 2534 et
887 2509 951 2547 eqo
976 2499 1052 2534 vivo
1068 2501 1230 2545 propter
1251 2495 1416 2539 Patrem,
1453 2499 1485 2531 et
1506 2496 1571 2543 qai
1593 2492 1801 2530 manducat
1822 2504 1892 2539 me7
1917 2495 1949 2526 et

221 2559 299 2606 ipse
320 2559 414 2594 vivet
427 2562 591 2606 propter
613 2570 681 2594 me.
727 2556 850 2601 Quem
871 2557 1062 2593 influxum
1087 2555 1264 2592 Christus
1285 2555 1369 2603 ipse
1390 2553 1574 2602 pluribus
1609 2553 1785 2589 illustrat
1807 2551 1857 2587 ib.
1888 2556 1950 2594 15,

226 2625 240 2656 1
269 2628 318 2654 ss,
342 2616 601 2654 similitudine
622 2616 728 2661 vitis,
752 2629 773 2653 a
795 2628 873 2664 qua
893 2615 1075 2664 palmites
1097 2626 1251 2651 omnem
1266 2613 1455 2650 virtutem
1469 2611 1827 2658 fecunditatemque
1843 2621 1951 2646 suam

221 2678 478 2719 mutuantur3
509 2680 549 2712 et
570 2676 717 2712 Paulus
745 2675 855 2712 velut
886 2674 934 2712 ob
958 2673 1090 2711 oculos
1113 2673 1225 2721 ponit
1245 2672 1341 2721 Eph.
1366 2678 1402 2717 4,
1436 2677 1479 2711 15
1506 2683 1555 2708 3.;
1599 2670 1797 2707 Veritatem
1829 2672 1953 2704 autem

222 2735 402 2782 facientes
422 2732 465 2772 in
486 2736 656 2779 caritate,
680 2746 896 2772 crescamus
919 2734 958 2770 in
980 2733 1042 2769 illo
1066 2729 1119 2777 εἰς
1140 2728 1266 2777 αὐτόν,
1289 2731 1337 2768 ad
1358 2731 1501 2779 ipsum,
1524 2729 1594 2778 qui
1617 2731 1675 2766 est
1698 2727 1892 2774 exemplar
1914 2727 1951 2761 et

221 2806 357 2830 norma
377 2796 526 2837 nostra,
549 2793 760 2841 aspirando
783 2796 823 2830 et
843 2791 1064 2829 imitatione
1079 2795 1302 2840 satagentes
1316 2789 1460 2838 ipsum,
1484 2791 1676 2837 quantum
1698 2787 1788 2823 licet
1800 2784 1953 2831 assequi

217 2864 293 2900 per
313 2854 453 2901 omnia,
479 2853 545 2900 qui
566 2857 618 2889 est
639 2856 754 2900 caput
777 2851 961 2895 Christus,
985 2862 1030 2887 ex
1051 2862 1135 2900 quo,
1160 2850 1271 2898 cujus
1285 2849 1433 2886 virtute
1447 2850 1487 2884 et
1499 2847 1663 2893 influxu,
1687 2850 1803 2882 totam
1817 2854 1953 2890 corpus

223 2916 455 2959 compactum
478 2915 514 2949 et
533 2923 742 2948 connexum
756 2922 834 2958 per
854 2922 998 2947 omnem
1007 2909 1228 2956 juncturam
1241 2907 1604 2945 subministrationis
1626 2905 1649 2941 i.
1664 2917 1695 2941 e.
1710 2915 1779 2952 per
1794 2900 1953 2938 vincula

224 2969 325 3014 fidei,
350 2969 525 3007 caritatis
547 2972 586 3006 01
609 2971 828 3007 ceterarum
851 2969 1060 3013 virtutum,
1084 2967 1229 3016 quibus
1251 2966 1426 3003 membra
1446 2968 1585 3002 mutuo
1599 2964 1813 3000 nectuntur
1827 2962 1865 2996 01
1879 2958 1952 2995 sibi

225 3030 405 3065 mutuam
427 3039 584 3077 operam
615 3030 820 3077 praestant
850 3030 967 3076 atque
1000 3026 1193 3064 auxilium
1215 3023 1279 3078 (cf.
1307 3032 1340 3064 l.
1364 3025 1445 3064 Cor.
1473 3029 1535 3067 12,
1561 3029 1607 3061 21
1636 3019 1716 3071 33),
1752 3018 1951 3055 secundum

226 3088 481 3135 operationem
493 3087 632 3135 capitis
647 3087 791 3124 Christi
805 3088 846 3124 in
857 3097 1088 3134 mensuram,
1111 3097 1182 3134 pro
1205 3096 1398 3129 mensura,
1422 3081 1535 3119 modo
1551 3086 1589 3118 et
1604 3077 1795 3127 exigentia
1820 3077 1950 3112 unius-
