2175 3382
779 136 830 169 De
851 137 1085 170 revelationis
1100 137 1327 171 necessitate.
1865 143 1918 184 19

182 258 278 296 tatis
301 258 526 295 immediata
546 258 610 295 vel
630 258 800 295 mediata
821 270 889 295 seu
922 270 1000 295 non
1032 259 1178 307 absque
1209 260 1354 297 motivo
1384 260 1606 297 rationabili
1638 261 1684 297 ad
1717 273 1917 299 assensum

183 317 331 355 moveri
353 317 496 365 possit:
531 329 612 354 eam
636 317 805 354 libenter
835 317 1090 362 admittimus,
1123 317 1269 366 quippe
1300 330 1398 365 quae
1431 319 1658 356 nullatenus
1690 319 1918 358 adversetur

181 376 461 425 mysteriorum
484 376 736 421 revelationi;
768 388 896 424 neque
928 376 1033 413 enim
1064 376 1159 413 fides
1189 377 1231 413 in
1262 377 1361 414 hanc
1392 377 1563 426 exigitur
1593 379 1736 426 absque
1769 380 1916 417 suffi-

184 436 354 473 ciente
385 435 552 479 motivo;
584 435 747 483 ipsaque
778 435 1030 472 revelationis
1061 435 1294 473 christianae
1328 436 1505 484 apologia
1536 437 1815 475 demonstratio
1845 441 1916 484 est,

183 507 300 543 quam
321 494 526 531 rationalis
548 493 599 531 sit
619 493 716 531 fides
748 493 960 531 christiana
978 494 1020 543 1).
1061 494 1115 531 Eo
1147 498 1279 531 autem
1311 507 1429 531 sensu
1459 495 1622 532 rationis
1654 498 1917 534 autonomiam

183 554 298 602 plane
319 553 554 602 respuimus,
589 565 666 601 quo
688 553 789 590 ratio
813 553 1004 590 statuitur
1025 565 1186 602 prorsus
1218 554 1326 590 exlex
1359 555 1398 591 in
1429 553 1672 591 admittenda
1703 555 1916 602 dijudican-

183 612 309 660 daque
330 613 508 656 veritate,
532 611 721 649 immunis
744 626 765 648 a
786 611 924 660 quavis
947 612 1077 648 altiori
1112 624 1249 649 norma
1280 615 1319 649 et
1340 612 1583 651 auctoritate.
1625 613 1724 650 Nam
1750 611 1788 653 l.
1813 615 1916 659 ejus-

181 670 288 708 modi
322 670 593 720 praerogativa
626 670 854 708 adversatur
887 670 1109 708 inductioni
1142 671 1377 708 universali:
1423 684 1554 709 omnes
1598 672 1701 708 enim
1744 673 1918 710 universi

181 732 325 779 partes,
349 730 446 778 quin
467 730 546 767 imo
567 729 775 767 facultates
798 730 967 766 hominis
990 742 1122 767 omnes
1143 730 1222 767 suis
1235 732 1430 779 reguntur
1444 730 1611 779 legibus.
1652 731 1803 768 Censeri
1826 744 1917 781 ergo

182 788 323 837 nequit
344 789 426 826 sola
446 788 546 825 ratio
569 789 740 826 humana
762 789 881 825 exlex.
923 789 1059 837 Neque
1081 788 1225 826 mirum
1249 788 1291 829 2.
1316 802 1405 826 cum
1427 790 1599 837 exlegem
1613 791 1651 826 et
1665 791 1918 827 antonomum

183 860 266 885 esse
288 847 350 884 illi
372 847 444 885 soli
467 850 670 896 competat,
705 847 776 896 qui
799 850 857 884 est
881 861 902 884 a
924 859 976 891 se,
1008 848 1123 896 plane
1154 848 1434 896 independens,
1468 848 1540 885 sibi
1561 849 1601 885 in
1624 849 1804 885 omnibus
1837 849 1917 886 suf-

182 907 325 952 ficiens,
360 906 446 943 fons
468 907 594 943 omnis
615 907 699 944 veri
729 909 847 955 atque
880 907 967 955 ipsa
997 906 1278 944 indefectibilis
1308 907 1522 944 rectitudo:
1555 907 1659 956 quod
1689 908 1917 945 nullatenus

181 967 243 1003 est
272 965 437 1003 rationis
470 965 674 1007 humanae,
707 977 809 1014 quae
841 965 1104 1013 undequaque
1140 965 1342 1014 dependet.
1384 966 1434 1002 Et
1466 978 1555 1003 sane
1578 964 1618 1006 3.
1640 966 1784 1014 pendet
1819 966 1918 1003 ratio

182 1025 342 1073 quaevis
363 1026 491 1062 creata
513 1037 535 1061 a
557 1037 628 1062 suo
651 1025 813 1073 objecto,
838 1038 859 1061 a
880 1025 1035 1073 legibus
1059 1025 1296 1070 dialecticae,
1320 1037 1415 1072 quas
1431 1025 1505 1062 sibi
1519 1037 1597 1061 non
1611 1025 1693 1073 ipsa
1708 1025 1916 1073 imposuit:

181 1097 204 1121 a
224 1084 377 1121 ratione
397 1083 581 1127 increata,
615 1084 726 1132 cujus
757 1086 817 1121 est
838 1086 995 1121 tantum
1017 1085 1180 1132 ectypus
1212 1086 1253 1120 et
1274 1084 1519 1120 adumbratio
1541 1084 1691 1128 tenuis;
1722 1084 1867 1132 pendet
1899 1098 1920 1121 a

182 1143 291 1181 fonte
313 1143 439 1179 omnis
463 1143 810 1191 veritatis-neque
842 1143 945 1179 enim
977 1143 1063 1191 ipsa
1094 1142 1274 1180 veritatis
1305 1145 1365 1180 est
1395 1143 1492 1188 fons,
1526 1143 1592 1180 sed
1623 1143 1732 1180 illius
1763 1144 1919 1180 tantum

182 1202 385 1250 speculum
407 1203 467 1239 sat
487 1201 732 1251 languidum.
776 1201 901 1245 Quare
936 1201 1177 1250 explodenda
1207 1206 1265 1239 est
1296 1214 1413 1249 quam
1444 1201 1638 1239 increduli
1668 1202 1791 1238 nescii
1823 1202 1919 1250 quid

182 1262 314 1299 dicant
329 1261 478 1309 jactare
499 1261 626 1298 solent
656 1261 819 1298 rationis
853 1260 1089 1306 autonomia,
1124 1273 1223 1309 quae
1258 1261 1384 1298 omnis
1419 1260 1683 1298 institutionis
1718 1262 1918 1308 omnisque

182 1320 272 1357 fidei
293 1320 368 1369 ipsi
389 1320 569 1357 veritatis
590 1319 691 1357 fonti
714 1319 912 1357 exhibitae
946 1321 998 1356 sit
1028 1320 1248 1368 impatiens.
1291 1320 1388 1357 Jure
1420 1332 1510 1369 ergo
1542 1320 1684 1357 statuit
1713 1320 1919 1357 concilium

181 1379 477 1417 vaticanum
500 1391 589 1418 sess,
615 1385 637 1419 3
662 1379 709 1416 de
732 1379 805 1416 tide
828 1391 909 1416 can.
938 1387 952 1418 1
972 1393 979 1415 :
1019 1378 1087 1422 „Si
1111 1379 1199 1427 quis
1232 1378 1386 1424 dixerit,
1418 1379 1610 1416 rationem
1631 1379 1841 1415 humanam
1864 1380 1918 1416 ita

181 1438 511 1487 independentem
532 1450 628 1483 esse,
664 1441 710 1475 ut
739 1438 836 1475 fides
859 1438 893 1475 ei
916 1451 937 1474 a
961 1439 1037 1475 Deo
1059 1438 1246 1486 imperari
1276 1450 1356 1475 non
1388 1438 1525 1486 possit,
1549 1439 1592 1478 A,
1616 1438 1680 1474 S.«
1705 1440 1743 1475 et
1766 1450 1845 1485 cap.
1871 1444 1917 1478 3:

184 1498 307 1542 ‚Cum
338 1498 452 1534 homo
484 1510 506 1534 a
527 1497 606 1534 Deo
627 1499 830 1545 tamquam
860 1510 882 1534 a
903 1497 1080 1534 Creatore
1112 1501 1151 1534 et
1183 1496 1347 1534 Domino
1380 1509 1449 1534 suo
1480 1498 1589 1534 totus
1621 1497 1846 1545 dependeat,
1879 1504 1919 1533 et-

181 1557 280 1594 ratio
303 1559 429 1594 creata
449 1556 644 1593 increatae
666 1556 832 1594 Veritati
861 1556 1020 1604 penitus
1053 1556 1229 1604 subjecta
1251 1556 1316 1600 sit,
1347 1556 1506 1604 plenum
1537 1555 1728 1593 revelanti
1749 1556 1827 1592 Deo
1858 1555 1918 1592 in-

181 1616 363 1653 tellectus
385 1617 425 1652 et
446 1615 665 1652 voluntatis
688 1615 920 1664 obsequium
941 1615 1016 1652 fide
1038 1618 1239 1663 praestare
1261 1617 1451 1652 tenemur.
1465 1620 1481 1637 «

933 1742 1171 1796 eaputlt

625 1825 694 1865 De
727 1824 1098 1865 revelationis
1130 1825 1483 1865 necessitate.

305 1912 369 1952 10.
404 1907 727 1948 Revelationem
765 1908 803 1951 1.
841 1908 1139 1960 mysteriorum
1172 1919 1265 1948 esse
1295 1907 1582 1948 necessariam
1613 1907 1655 1946 in
1685 1907 1918 1960 hypothesi,

184 1978 297 2031 quod
320 1990 371 2019 ea
393 1979 485 2030 ipsa
508 1978 711 2031 mysteria
734 1978 816 2018 sint
841 1978 1153 2029 cognoscenda,
1174 1982 1292 2030 patet
1314 1989 1364 2018 ex
1386 1978 1560 2018 notione
1580 1977 1767 2030 mysterii
1789 1977 1844 2033 (n.
1863 1977 1918 2032 3),

185 2049 298 2102 quod
320 2054 385 2090 est
405 2049 576 2099 veritas,
609 2049 728 2102 cujus
760 2061 813 2090 ne
843 2049 1111 2090 existentiam
1135 2049 1304 2102 quidem
1328 2048 1418 2089 sola
1440 2048 1616 2088 rationis
1639 2048 1729 2088 acie
1752 2048 1920 2100 assequi

182 2132 420 2172 possumus,

300 2189 553 2231 Necessaria
583 2191 627 2233 ⁸2.
664 2196 728 2230 est
763 2190 908 2243 aliqua
930 2190 1132 2231 revelatio
1165 2190 1208 2230 in
1239 2189 1463 2243 hypothesi
1485 2200 1652 2241 quoque
1675 2188 1919 2229 elevationis

181 2261 367 2302 hominis
400 2261 455 2302 ad
488 2260 614 2301 finem
648 2261 1131 2314 supernaturalem
1154 2261 1177 2301 i.
1202 2273 1235 2303 e.
1262 2261 1315 2301 ad
1338 2260 1477 2309 finem,
1509 2260 1579 2312 qui
1610 2259 1700 2311 ejus
1722 2263 1918 2299 naturam

185 2332 364 2373 excedat
385 2332 508 2385 eique
531 2332 657 2384 plane
690 2334 743 2373 sit
773 2332 998 2374 indebitus.
1041 2331 1131 2372 Hac
1163 2332 1275 2372 enim
1306 2331 1349 2371 in
1380 2330 1603 2383 hypothesi
1634 2330 1762 2370 homo
1794 2328 1918 2369 debet

183 2402 335 2443 saltem
357 2414 484 2443 nosse
507 2417 547 2448 a.
572 2416 670 2444 eum
692 2403 856 2459 finem
870 2435 879 2452 ,
901 2409 947 2444 ut
966 2403 1094 2444 modo
1110 2408 1288 2444 naturae
1303 2414 1405 2443 suae
1419 2401 1616 2442 rationali
1631 2405 1916 2442 consentaneo

183 2473 208 2514 i.
244 2485 278 2517 e.
313 2485 389 2526 per
424 2478 544 2515 actus
578 2475 820 2516 meritorios
852 2474 904 2515 ad
939 2479 1106 2517 tantum
1128 2474 1255 2514 finem
1279 2472 1596 2525 adipiscendum
1619 2472 1842 2523 disponere
1873 2482 1917 2510 se

183 2544 338 2595 possit3
370 2546 416 2589 b.
450 2545 800 2586 voluntatem
823 2545 898 2586 Dei
929 2545 1066 2597 ipsum
1097 2545 1140 2584 in
1170 2544 1285 2584 illum
1309 2543 1568 2591 destinantis,
1600 2542 1786 2594 alioquin
1808 2541 1916 2581 serio

185 2626 283 2655 eum
305 2619 506 2667 appetere
527 2616 694 2669 nequit:
728 2628 825 2656 cum
861 2627 912 2656 eo
939 2616 1030 2668 ipso
1054 2615 1167 2668 quod
1189 2614 1519 2667 supernaturalis
1542 2617 1616 2661 est,
1649 2623 1816 2653 omnem
1839 2612 1916 2651 ho-

184 2685 309 2726 minis
332 2685 587 2738 exigentiam
612 2687 814 2734 excedat;
850 2700 891 2730 (⁰.
928 2686 1104 2727 media
1139 2690 1179 2727 et
1213 2685 1477 2726 conditiones
1508 2684 1622 2724 illum
1653 2681 1916 2733 assequendi.

184 2755 311 2808 Atqui
332 2757 451 2805 haec,
483 2769 580 2798 cum
612 2758 827 2810 pendeant
859 2769 886 2797 a
915 2756 1049 2797 libera
1073 2756 1147 2797 Dei
1170 2757 1398 2805 voluntate,
1429 2755 1542 2795 nullo
1573 2754 1700 2794 modo
1733 2765 1759 2793 a
1789 2752 1916 2804 priori

182 2827 387 2878 cognosci
411 2833 600 2879 possunt,
633 2828 708 2869 sed
739 2828 907 2870 nonnisi
930 2840 1006 2880 per
1029 2827 1353 2873 revelationem3
1385 2827 1419 2866 si
1451 2826 1560 2866 enim
1582 2824 1714 2865 libera
1735 2822 1914 2863 hominis

332 2997 356 3040 ¹)
375 2995 426 3030 Cf.
445 2996 472 3030 L
483 3008 505 3031 a
516 3009 533 3031 c
543 2999 560 3031 t
571 3009 592 3032 a
602 3011 625 3032 n
639 2999 676 3032 ti
688 3010 712 3032 u
724 3010 739 3032 s
757 2998 870 3033 divin.
889 2998 1008 3034 instit.
1020 2998 1043 3034 1.
1058 3003 1077 3032 5
1091 3008 1119 3031 c.
1136 3000 1188 3031 10.
1206 2997 1319 3030 Plura
1332 2996 1399 3029 hac
1418 2995 1461 3029 de
1475 3006 1512 3029 re
1524 2994 1684 3027 dicemus
1697 2991 1910 3023 disserentes

186 3048 230 3082 dc
259 3048 344 3082 fidei
370 3050 498 3093 genesi
515 3052 559 3084 tr.
589 3052 647 3085 IV.
667 3054 753 3086 sect.
769 3057 791 3095 vl
813 3060 846 3085 et
867 3055 889 3086 4
907 3050 1122 3095 praesertim
1139 3050 1193 3084 th.
1211 3052 1254 3083 85
1285 3050 1327 3085 cf.
1357 3049 1406 3083 St
1419 3059 1438 3082 o
1450 3060 1467 3081 r
1479 3059 1495 3081 c
1507 3049 1529 3081 h
1542 3058 1559 3081 e
1571 3059 1593 3079 n
1606 3057 1624 3078 a
1637 3058 1659 3078 u
1679 3042 1912 3086 Philosophie

184 3100 247 3134 des
268 3100 562 3138 Christenthums
579 3105 605 3139 t.
625 3109 647 3138 4
665 3106 751 3138 sect.
774 3109 803 3139 1.
823 3107 856 3138 2.
874 3107 907 3138 3.

1657 3159 1693 3177 ἢ.

1845 3207 1863 3220 „ae
