2175 3382
797 153 851 185 est
870 149 1155 184 infallibilitatis
1175 148 1394 193 subjectum.
1872 151 1958 193 295

222 273 334 316 Sane
356 273 421 314 vel
443 284 661 325 nunquam
683 270 871 311 Ecclesia
894 273 958 310 est
979 267 1216 315 infallibilis,
1250 267 1317 307 vel
1339 271 1453 307 certe
1477 271 1576 306 tunc
1599 271 1673 315 est,
1706 278 1803 307 cum
1826 278 1954 319 quam

224 343 533 386 solemnissime
556 342 689 382 docet.
733 340 860 392 Atqui
891 340 973 380 hoc
1006 337 1209 390 contingit
1241 338 1282 377 in
1315 336 1494 377 concilio
1519 337 1806 381 oecumenico.
1848 336 1958 389 Ergo

222 421 322 456 tunc
337 414 521 455 maxime
536 411 839 453 infallibilitatis
853 409 1152 462 praerogativa
1174 408 1218 448 in
1240 407 1433 448 docendo
1449 407 1604 458 gaudet
1618 407 1817 448 Ecclesia.
1841 407 1960 458 Quae

221 486 351 527 illatio
375 484 650 526 confirmatur
671 481 948 535 persuasione
981 479 1218 520 theoretica
1249 483 1291 519 et
1321 478 1511 530 practica
1543 478 1819 530 antiquitatis,
1851 489 1960 530 quae

224 561 429 609 perpetuo
452 554 616 595 censuit
638 552 914 594 conciliorum
938 550 1312 592 oecumenicorum
1336 547 1602 589 definitiones
1626 559 1719 589 esse
1741 548 1889 588 ultima
1920 553 1963 589 et

222 626 509 679 peremptoria
542 624 756 664 Ecclesiae
787 622 960 675 Judicia,
993 632 1191 662 normam
1226 619 1507 660 orthodoxiae
1542 618 1608 659 vel
1643 619 1962 667 heterodoxiae,

222 709 431 750 responsa
450 696 603 744 divina,
626 695 784 735 idcirco
799 691 1136 741 irreformabilia,
1158 703 1236 744 pro
1260 702 1441 743 quorum
1465 689 1710 730 defensione
1733 689 1847 730 mala
1869 701 1963 730 om-

223 769 305 817 nia,
336 780 452 809 mors
474 767 576 819 ipsa,
608 766 692 806 sint
718 764 953 812 toleranda,
986 774 1180 816 quaeque
1204 762 1294 802 sine
1316 761 1507 802 haeresis
1531 760 1708 801 crimine
1731 760 1964 812 salutisque

223 839 410 892 periculo
433 849 589 890 negare
625 836 690 877 vel
722 836 763 876 in
795 834 970 876 dubium
998 844 1154 874 vocare
1178 820 1264 873 non
1286 832 1421 873 liceat.
1465 831 1580 872 Haec
1612 843 1714 872 vero
1747 831 1963 872 conciliari

223 915 439 964 nequeunt
460 922 557 950 cum
575 908 734 961 judicio
759 908 893 948 errori
917 907 1114 947 obnoxio.

341 996 466 1041 Quare
489 1008 517 1032 s.
538 995 631 1032 Leo
655 994 797 1032 statuit
819 1006 876 1042 ep.
906 999 982 1033 162
1008 1006 1045 1030 n.
1072 998 1106 1031 2.
1132 998 1153 1032 3
1179 992 1227 1029 ad
1249 992 1416 1039 Leonem
1442 993 1551 1040 Aug„
1588 1003 1666 1027 non
1689 1001 1772 1026 esse
1805 987 1963 1025 omnino

222 1057 326 1093 inter
347 1054 560 1092 catholicos
584 1053 876 1102 computandos,
913 1052 983 1100 qui
1004 1051 1252 1089 definitiones
1276 1037 1508 1088 {enerabilis
1532 1048 1672 1099 synodi
1695 1048 1878 1085 nicaenae
1900 1046 1963 1083 vel

222 1115 346 1152 sancti
368 1113 683 1151 chalcedonensis
707 1112 858 1150 concilii
880 1111 1037 1161 regulas
1059 1123 1137 1148 non
1160 1111 1393 1158 sequuntur.
1406 1114 1422 1132 «
1466 1109 1517 1146 Et
1538 1109 1702 1146 iterum:
1738 1087 1820 1151 ssDe
1842 1105 1962 1143 rebus

223 1177 261 1212 et
284 1173 387 1222 apud
409 1172 591 1210 Nicaeam
627 1174 667 1209 et
698 1172 801 1220 apud
834 1170 1124 1212 Chalcedonem,
1162 1169 1266 1206 sicut
1298 1169 1376 1206 Deo
1408 1169 1568 1217 placuit,
1602 1166 1775 1204 definitis
1807 1165 1964 1202 nullum

223 1233 412 1271 audemus
434 1232 534 1269 inire
556 1232 780 1275 tractatum,
804 1232 1006 1278 tamquam
1029 1229 1147 1266 dubia
1168 1229 1232 1265 vel
1255 1228 1409 1265 infirma
1431 1229 1509 1265 sint
1532 1238 1631 1275 quae
1653 1227 1764 1263 tanta
1785 1237 1854 1274 per
1876 1224 1962 1272 Spi-

223 1291 348 1329 ritum
379 1293 558 1328 sanctum
588 1290 673 1327 fixit
704 1275 954 1327 auctoritas}
998 1288 1059 1325 Ita
1090 1290 1129 1324 et
1152 1287 1331 1339 SiQi
1327 1299 1362 1334 ,c
1374 1287 1398 1334 1Α
1398 1299 1453 1324 us
1487 1286 1533 1323 de
1568 1285 1731 1323 concilio
1764 1283 1963 1322 chalcedo-

223 1350 338 1388 nensi
359 1363 416 1399 ep.
441 1357 465 1389 4
488 1362 525 1386 n.
555 1357 567 1388 l
598 1346 673 1401 (ed.
698 1344 883 1400 Thiel):
909 1374 925 1391 „
938 1347 1047 1391 Quod
1070 1346 1250 1395 quisquis
1274 1346 1470 1383 desiderat
1492 1344 1709 1389 retractari,
1737 1344 1779 1380 in
1801 1354 1964 1380 numero

2045 1245 2175 1338 .μρ

1980 1321 2175 1414 W&

224 1410 400 1447 fidelium
433 1421 472 1446 se
503 1408 738 1456 pronunciat
769 1420 847 1445 non
879 1406 1024 1444 haberi.
1037 1411 1053 1429 «
1098 1406 1149 1443 Cf.
1173 1418 1230 1454 ep.
1258 1412 1276 1444 7
1312 1418 1349 1442 n.
1376 1412 1411 1445 5.
1454 1405 1558 1441 Nota
1589 1405 1684 1441 sunt
1716 1401 1893 1451 Gregorii
1914 1401 1978 1437 M:
2049 1383 2175 1459 ys

225 1469 344 1507 verba
365 1469 383 1505 I
405 1481 463 1517 ep.
489 1474 539 1507 25
565 1466 613 1504 ad
635 1467 660 1504 J
662 1479 827 1505 oannem
850 1466 939 1503 CR:
976 1465 1115 1509 „Sicut
1137 1477 1164 1503 s.
1187 1464 1392 1514 Evangelii
1414 1465 1585 1512 quatuor
1615 1463 1748 1506 libros,
1783 1461 1837 1498 sic
1868 1473 1964 1509 qua·
1984 1458 2046 1505 Ab*

225 1530 316 1565 tuor
338 1527 497 1564 concilia
519 1526 713 1575 suscipere
736 1528 775 1563 et
796 1525 974 1562 venerari
1005 1537 1066 1561 me
1097 1524 1242 1561 fateor:
1273 1524 1480 1561 nicaenum
1512 1522 1593 1559 scil.
1617 1551 1624 1558 .
1649 1554 1656 1560 .
1680 1552 1687 1558 .
1711 1520 1965 1570 cpohtanum,

226 1587 457 1636 ephesinum
492 1585 608 1623 etiam
643 1585 814 1633 primum
838 1614 845 1621 .
870 1614 877 1621 .
901 1614 907 1621 .
932 1584 1234 1621 chalcedonense
1259 1614 1265 1619 .
1291 1613 1297 1619 .
1322 1613 1328 1619 .
1361 1585 1444 1619 tota
1479 1581 1684 1619 devotione
1716 1580 1961 1627 complector,

224 1645 478 1695 integerrima
498 1644 781 1693 approbatione
805 1643 1001 1688 custodi0;
1034 1643 1126 1691 quia
1148 1643 1189 1679 in
1211 1642 1272 1679 his
1295 1642 1406 1679 velut
1427 1641 1469 1678 in
1492 1640 1682 1689 quadrato
1712 1638 1841 1687 lapide
1873 1650 1962 1675 san-

226 1707 309 1742 ctae
332 1704 422 1741 fidei
445 1706 646 1741 structura
667 1702 883 1752 consurgit,
908 1705 946 1739 et
969 1701 1184 1749 cujuslibet
1207 1701 1312 1738 vitae
1335 1702 1451 1749 atque
1475 1700 1638 1737 actionis
1661 1698 1834 1743 exsistat,
1858 1697 1964 1745 quis-

226 1765 315 1812 quis
338 1775 473 1800 eorum
496 1762 733 1800 soliditatem
765 1774 844 1798 non
875 1763 996 1807 tenet,
1033 1761 1185 1798 etiamsi
1219 1761 1319 1809 lapis
1353 1772 1437 1797 esse
1471 1759 1656 1803 cernitur,
1692 1760 1825 1794 tamen
1859 1757 1967 1793 extra

227 1822 449 1860 aedificium
465 1822 580 1870 jacet.
617 1820 809 1865 Quintum
824 1833 979 1869 quoque
1002 1820 1208 1857 concilium
1232 1819 1381 1868 pariter
1395 1831 1559 1855 veneror
1582 1847 1589 1854 .
1615 1847 1621 1854 .
1650 1846 1656 1853 .
1681 1818 1845 1854 Cunctas
1860 1826 1965 1859 vere,

226 1894 323 1930 quas
346 1880 518 1929 praefata
539 1880 701 1918 concilia
722 1892 909 1928 personas
922 1882 1128 1928 respuunt,
1152 1891 1317 1928 respuo3
1341 1890 1438 1927 quas
1453 1879 1704 1921 venerantur,
1729 1875 1964 1924 amplector,

227 1941 319 1989 quia
334 1940 428 1977 dum
441 1939 656 1977 universali
679 1941 773 1976 sunt
796 1950 987 1976 consensu
1009 1938 1238 1984 constituta,
1263 1950 1302 1974 se
1325 1940 1363 1974 et
1385 1949 1463 1974 non
1486 1936 1555 1973 illa
1577 1935 1759 1979 destruit,
1783 1933 1965 1983 quisquis

226 1999 437 2048 praesumit
458 2001 527 2036 aut
549 1999 698 2036 solvere
721 2010 818 2047 quos
842 1998 1022 2046 religant,
1054 2000 1122 2034 aut
1153 1997 1274 2046 ligare
1307 2007 1404 2044 quos
1437 1996 1609 2033 solvunt.
1652 1993 1841 2042 Quisquis
1873 2004 1965 2041 ergo

228 2058 337 2096 aliud
359 2058 470 2107 sapit,
492 2059 537 2095 A.
562 2057 625 2094 ΕΛΚ
669 2057 729 2094 Ita
751 2057 871 2094 etiam
892 2056 1074 2105 pluribus
1098 2057 1219 2093 Ferr
1233 2056 1406 2100 andus,
1431 2055 1499 2103 qui
1522 2055 1626 2091 inter
1648 2053 1722 2090 alia
1745 2052 1883 2090 scribit
1906 2064 1965 2100 ep.

231 2125 252 2158 6
277 2131 314 2155 n.
341 2125 384 2157 7:
418 2116 688 2162 ,Universalia
717 2116 891 2161 concilia,
922 2116 1130 2164 praecipue
1161 2115 1239 2160 illa,
1272 2114 1416 2163 quibus
1439 2114 1632 2151 Ecclesiae
1662 2123 1844 2150 romanae
1877 2123 1965 2147 con-

229 2189 364 2214 sensus
397 2176 576 2221 accessit,
622 2175 814 2213 secundae
850 2174 1095 2212 auctoritatis
1136 2175 1267 2212 locum
1300 2176 1391 2223 post
1425 2173 1628 2210 canonicos
1663 2172 1784 2208 libros
1816 2171 1965 2207 tenent.

229 2235 336 2273 Sicut
356 2235 584 2285 legentibus
607 2234 848 2283 Scripturam
872 2233 1065 2271 divinitus
1087 2234 1320 2282 inspiratam
1352 2245 1429 2270 non
1451 2232 1543 2269 licet
1574 2230 1725 2278 aliquid
1755 2229 1964 2278 reprehen-

227 2294 328 2340 dere,
365 2294 543 2343 quamvis
564 2293 726 2330 minime
760 2294 918 2330 valeant
950 2293 1202 2330 altitudinem
1236 2291 1414 2330 coelestis
1449 2290 1596 2328 oraculi
1629 2288 1966 2338 comprehendere,

228 2353 296 2391 sed
315 2353 403 2402 pius
424 2353 547 2390 lector
569 2356 608 2390 et
629 2352 735 2400 quod
756 2365 835 2390 non
857 2352 1047 2402 intelligit
1070 2352 1206 2397 credit,
1242 2353 1288 2388 ut
1309 2351 1413 2399 quod
1437 2349 1560 2387 credit
1591 2351 1787 2394 mereatur
1817 2347 1966 2384 intelli-

229 2425 338 2462 gere:
372 2412 425 2450 sic
446 2412 604 2449 omnino
626 2423 697 2448 nec
721 2411 836 2448 aliter
857 2411 1033 2456 concilia,
1059 2423 1157 2458 quae
1179 2412 1358 2448 vetustas
1381 2409 1552 2446 firmavit
1583 2409 1622 2445 et
1653 2406 1869 2445 custodivit
1900 2405 1966 2443 de-

229 2474 322 2509 vota
341 2471 559 2520 posteritas,
593 2469 861 2507 obedientiam
884 2470 930 2506 de
952 2470 1065 2507 nobis
1088 2470 1253 2519 exigunt
1274 2469 1426 2506 nullam
1457 2467 1726 2515 relinquentes
1757 2464 1967 2503 dubitandi

229 2530 501 2568 necessitatem
523 2531 644 2574 etc.;«
669 2529 834 2566 iterum:
862 2555 878 2572 »
891 2528 994 2572 Quae
1017 2531 1149 2566 autem
1171 2528 1366 2565 finiuntur
1382 2527 1652 2576 judicantibus
1675 2524 1866 2574 episcopis
1880 2537 1966 2561 san-

230 2589 301 2626 ctis
322 2591 362 2626 et
383 2589 431 2626 ad
452 2589 558 2626 beati
580 2588 734 2639 (supple
756 2585 878 2640 Petri)
901 2588 1131 2625 memoriam
1152 2587 1340 2635 perducta
1362 2586 1592 2636 diligentius
1614 2585 1887 2622 examinantur
1908 2586 1967 2620 at-

231 2661 307 2696 que
328 2648 546 2692 firmantur,
570 2647 769 2695 sequenda
790 2649 894 2692 sunt,
919 2646 1190 2694 amplectenda
1213 2648 1318 2691 sunt,
1341 2646 1383 2682 in
1403 2644 1681 2682 retractatione
1705 2644 1777 2681 sub
1792 2642 1968 2692 qualibet

230 2706 392 2755 pietatis
415 2706 611 2744 occasione
633 2705 762 2743 teneri
783 2717 863 2743 non
886 2705 1029 2743 debent
1061 2707 1132 2742 etc.
1143 2711 1160 2728 «
1203 2705 1254 2742 Et
1274 2717 1311 2741 n.
1337 2712 1358 2744 6
1394 2705 1439 2742 de
1472 2703 1620 2753 synodo
1652 2701 1966 2740 chalcedonensi:

232 2765 485 2814 „Apostolica
507 2765 596 2802 sede
618 2765 898 2809 consentiente,
932 2764 1126 2813 quidquid
1157 2764 1226 2801 illa
1258 2763 1434 2801 definivit
1467 2763 1639 2812 synodus
1671 2761 1818 2810 accepit
1847 2761 1968 2798 robur

231 2824 464 2863 invictum.“
507 2824 608 2861 Hinc
638 2824 779 2861 merito
810 2824 1014 2861 damnatae
1045 2824 1151 2860 fuere
1183 2836 1205 2860 a
1225 2823 1385 2860 Leone
1407 2823 1451 2859 X.
1482 2834 1590 2870 prop.
1617 2828 1680 2861 29.
1708 2828 1758 2861 :30
1792 2819 1965 2859 Lutheri.

233 2895 399 2931 quarum
420 2882 529 2931 prior
550 2883 605 2920 ita
628 2885 760 2920 sonat:
787 2909 803 2926 »
814 2882 885 2920 Via
906 2882 1019 2919 nobis
1040 2882 1144 2919 facta
1166 2884 1226 2920 est
1249 2881 1460 2919 enervandi
1484 2880 1758 2917 auctoritatem
1782 2878 1965 2917 concilio-

232 2955 321 2978 rum
343 2943 382 2978 et
402 2941 523 2978 libere
545 2941 834 2979 contradicendi
854 2954 988 2979 eorum
1010 2941 1144 2990 gestis,
1177 2943 1217 2978 et
1232 2940 1436 2989 judicandi
1460 2952 1595 2977 eorum
1617 2939 1782 2984 decreta,
1816 2940 1853 2974 et
1876 2949 1965 2974 con-

232 3000 399 3037 fidenter
420 3000 630 3038 confitendi
663 3000 856 3049 quidquid
877 3013 1015 3038 verum
1037 3000 1204 3046 videtur,
1241 2999 1324 3037 sive
1347 2999 1555 3048 probatum
1576 2997 1698 3035 fuerit
1732 2998 1811 3034 sive
1834 3008 1965 3044 repro-

233 3060 370 3096 batum
392 3072 413 3095 a
435 3071 668 3108 quocunque
691 3059 852 3097 concilio
879 3065 895 3083 ¹
