2175 3382
227 156 283 194 (Lm
553 148 671 181 Trnct.
693 147 717 183 Ι.
739 147 919 191 Apologia
938 147 1042 189 relig.
1064 147 1190 181 christ.
1211 146 1341 181 'rhesis
1362 146 1472 182 XVII.
1494 146 1636 191 Rapida

226 273 322 309 forte
345 270 420 307 dici
445 272 634 318 nequeat,
670 270 893 308 relative
926 272 1056 306 tamen
1080 270 1265 318 spectatis
1289 269 1486 317 adjunctis
1515 269 1757 318 rapidissima
1780 273 1840 308 est.
1857 271 1963 319 judi-

225 330 357 368 canda.

342 410 382 452 2.
416 408 748 450 Considerentur
770 408 1087 461 propagationis
1111 413 1197 448 tam
1222 407 1369 448 celeris
1403 408 1488 460 adj
1504 412 1686 453 uncta,
1720 413 1761 448 et
1792 408 1960 461 quidem

343 495 382 524 a.
415 479 828 535 impedimenta,
861 491 970 531 quae
1001 479 1214 531 religionis
1247 479 1504 520 christianae
1537 478 1748 519 diffusioni
1775 479 1958 532 undique

224 551 455 592 obstabant
477 563 611 603 eaque
636 556 722 591 tam
746 551 913 591 interna
935 562 1063 603 quam
1079 554 1265 593 externa.
1301 549 1350 590 Et
1372 550 1484 591 inte
1499 561 1595 590 rna
1618 549 1800 602 quidem,
1823 551 1961 603 cujus‘

225 622 340 663 modi
363 627 485 664 erant
507 621 993 674 incomprehensibilitas
1016 620 1246 669 doctrinae,
1279 625 1605 673 praeceptorum
1629 622 1832 662 sanctitas
1858 622 1937 662 suh

224 693 463 746 limitasque
487 694 701 741 virtutum,
737 680 915 745 qiffirum
939 704 992 732 ne
1015 692 1190 733 nomina
1214 691 1397 744 quidem,
1430 691 1586 733 nedum
1610 705 1734 732 usum
1757 698 1966 734 noverant

224 763 410 816 gentiles,
435 764 494 804 uti
517 768 615 804 sunt
637 763 864 811 humilitas,
891 762 1131 813 abnegatio,
1155 762 1323 803 dilectio
1348 762 1630 812 inimicorum,
1652 763 1814 815 puritas
1836 764 1964 805 inter-

224 835 369 876 dicens
394 847 573 887 pravum
606 834 803 875 affectum
836 833 901 874 vel
934 839 1165 886 aspectum.
1210 833 1273 873 Ad
1308 833 1612 886 impedimenta
1641 821 1810 875 interna
1841 846 1964 875 revo-

224 907 311 947 cari
334 911 558 958 praeterea
580 910 759 958 possunt
781 905 908 945 etiam
933 904 1120 945 defectus
1144 905 1282 945 omnis
1314 904 1416 945 lucri
1450 906 1699 957 praesentis,
1730 906 1816 946 imo
1849 910 1965 947 certa

224 977 485 1029 exspectatio
522 980 809 1028 contemptus,
854 975 1178 1028 persecutionis,
1221 975 1495 1025 damnorum,
1539 977 1707 1024 mortis3
1751 976 1964 1021 humilitas

224 1048 422 1096 auctoris,
445 1048 515 1100 qui
538 1047 580 1088 in
603 1048 740 1087 crucis
762 1046 950 1099 patibulo
976 1046 1028 1087 ab
1053 1045 1250 1087 omnibus
1274 1051 1498 1087 exsecrato
1523 1047 1653 1087 vitam
1674 1046 1839 1096 finierit,
1861 1047 1963 1087 sim-

223 1119 387 1171 plicitas
403 1118 538 1159 cultus
555 1118 716 1171 absque
732 1118 847 1158 omni
871 1130 1029 1170 pompa
1052 1122 1227 1158 externa
1251 1122 1293 1158 et
1314 1117 1569 1169 templorum
1584 1117 1820 1170 splendore.
1854 1116 1962 1159 Gra-

223 1191 396 1230 vissima
418 1201 587 1242 quoque
610 1194 731 1230 erant
758 1188 1061 1242 impedimenta
1095 1192 1348 1238 externa,
1381 1188 1523 1241 qualia
1555 1194 1678 1229 erant
1708 1188 1964 1230 incredibilis

223 1273 390 1302 morum
406 1261 633 1312 corruptio,
658 1272 755 1300 cum
778 1259 843 1300 vel
865 1259 1029 1300 scelera
1044 1259 1285 1300 colerentur
1301 1259 1521 1312 cultusque
1537 1258 1758 1311 religiosus
1772 1259 1961 1311 impuros

223 1332 578 1384 complecteretur
600 1333 704 1372 ritus
727 1330 793 1386 (cf.
817 1331 1086 1372 Minucius
1108 1330 1224 1371 Felix
1246 1331 1288 1371 in
1311 1329 1487 1372 Octavio
1511 1343 1654 1382 opusc.
1677 1329 1765 1379 XV,
1789 1331 1843 1373 21
1868 1331 1960 1386 ss.);

223 1403 538 1455 superstitionis
561 1414 680 1443 error
702 1403 962 1443 inveteratus
985 1406 1112 1455 atque
1136 1414 1233 1442 cum
1255 1402 1365 1442 lacte
1388 1406 1583 1442 materno
1607 1401 1796 1451 haustus,
1827 1401 1963 1453 philo-

223 1474 457 1526 sophorum
480 1474 617 1514 irrisio
641 1478 768 1526 atque
791 1478 943 1521 tumor,
966 1473 1228 1525 praejudicia
1243 1473 1409 1524 penitus
1432 1472 1559 1512 intixa
1583 1476 1710 1525 atque
1724 1471 1962 1513 calumniae

223 1544 432 1585 nefandae
456 1545 661 1586 adversus
675 1545 922 1596 religionem
939 1544 1217 1584 christianam
1232 1543 1371 1585 studio
1387 1543 1632 1597 divulgatae·
1643 1542 1708 1597 (cf.
1724 1543 1776 1584 ib.
1792 1556 1830 1583 n.
1847 1546 1872 1587 9
1887 1543 1958 1599 s.):

222 1615 353 1656 verbo
376 1616 547 1668 spiritus
569 1616 678 1656 illius
702 1616 795 1656 aevi
817 1615 1010 1666 religioni
1032 1619 1120 1655 tam
1143 1615 1488 1667 superhumanae
1513 1615 1636 1666 plane
1659 1614 1858 1663 infensus,
1893 1614 1964 1667 qui

223 1698 394 1727 omnem
418 1687 610 1727 ordinem
634 1687 852 1727 invaserat
874 1690 915 1726 et
936 1684 1152 1732 infecerat,
1187 1685 1253 1726 cui
1274 1685 1420 1737 religio
1444 1684 1599 1726 Christi
1621 1684 1737 1725 nulla
1759 1685 1802 1725 in
1823 1696 1870 1725 re
1892 1696 1961 1725 ce-

222 1757 360 1799 debat.
394 1770 576 1810 quocum
600 1757 761 1798 nullum
784 1756 916 1798 inibat
949 1761 1141 1809 pactum3
1175 1756 1230 1797 ad
1261 1756 1368 1797 haec
1399 1756 1745 1808 persecutionum
1776 1767 1852 1808 per
1882 1756 1963 1796 tria

222 1829 366 1869 secula
387 1828 503 1869 furor
526 1829 735 1871 immanis

339 1902 385 1944 1).
411 1900 745 1942 Considerentur
777 1900 973 1948 media,
1006 1899 1157 1952 quibus
1180 1900 1324 1951 religio
1349 1899 1581 1940 christiana
1604 1898 1680 1940 suit
1701 1903 1959 1952 propagata3

221 1983 349 2024 quam
371 1971 680 2020 insufficientia,
705 1983 832 2024 quam
856 1971 1050 2023 imparia,
1073 1971 1158 2011 imo
1183 1982 1313 2023 quam
1335 1970 1461 2019 nulla,
1495 1971 1530 2010 si
1562 1971 1620 2010 ita
1644 1970 1761 2023 loqui
1788 1968 1852 2011 fas
1883 1973 1958 2018 est,

221 2042 275 2082 ad
306 2047 471 2083 tantum
507 2042 700 2083 effectum
734 2041 1068 2094 producendum.
1112 2041 1243 2082 Pauci
1266 2042 1379 2082 enim
1402 2041 1556 2082 Christi
1579 2039 1770 2093 discipuli
1792 2045 1958 2081 tantum

221 2125 327 2165 opus
350 2114 537 2166 aggressi
560 2119 658 2154 sunt
679 2114 790 2166 iique
815 2113 1014 2154 omnibus
1041 2113 1089 2153 iis
1123 2112 1321 2157 destituti,
1353 2112 1503 2165 quibus
1529 2112 1655 2153 modo
1680 2111 1961 2160 abundamus,

221 2184 370 2225 mediis
383 2184 559 2237 rapidae
572 2185 904 2237 propagationis,
928 2188 969 2224 et
991 2183 1172 2229 dotibus,
1195 2195 1304 2236 quae
1325 2183 1407 2224 vim
1430 2183 1618 2236 aliquam
1642 2183 1696 2224 ad
1719 2182 1962 2224 auditorum

221 2257 388 2296 animos
402 2255 682 2296 inflectendos
696 2255 857 2296 habere
872 2259 1063 2307 possunt,
1087 2254 1147 2295 uti
1169 2259 1268 2295 sunt
1290 2255 1480 2303 scientia,
1503 2254 1758 2306 eloquentia,
1781 2254 1962 2303 divitiae,

221 2326 365 2378 gloria,
388 2326 599 2375 nobilitas,
623 2339 841 2367 armorum
864 2328 926 2366 vis
950 2331 1041 2375 etc.,
1067 2326 1222 2378 quique
1246 2325 1419 2366 minime
1440 2325 1671 2366 utebantur
1693 2324 1962 2373 seductione;

222 2398 469 2449 passionum
492 2398 712 2446 illecebris,
736 2397 1061 2438 commodorum
1085 2390 1385 2450 temporalium
1407 2396 1649 2449 promissis,
1684 2396 1754 2449 qui
1785 2396 1870 2436 imo
1902 2396 1961 2436 ita

221 2469 360 2521 potius
383 2470 620 2522 comparati
643 2474 778 2517 erant,
800 2474 846 2510 ut
869 2469 1085 2510 auditores
1108 2468 1270 2510 facilius
1293 2480 1319 2509 a
1340 2480 1386 2509 se
1410 2473 1615 2517 avertere,
1643 2480 1770 2520 quam
1794 2465 1960 2508 Christo

220 2539 376 2580 lucrari
398 2540 623 2591 potuerint,
646 2540 785 2589 rudes,
807 2539 1003 2588 illiterati,
1021 2539 1169 2592 judaei
1192 2539 1389 2580 omnibus
1410 2539 1544 2579 invisi.
1577 2537 1688 2579 Vere
1709 2552 1813 2593 quae
1833 2537 1960 2579 stulta

221 2614 317 2651 sunt
339 2610 453 2665 elegnsst
478 2611 602 2664 Deus,
634 2616 678 2651 ut
711 2612 943 2666 confundat
974 2612 1203 2665 sapientes,·
1236 2615 1271 2652 et
1304 2610 1472 2664 infirma
1495 2609 1611 2663 eleyit
1632 2609 1762 2661 Deus,
1794 2613 1838 2650 ut
1861 2623 1956 2650 con-

221 2681 374 2736 fundat
393 2681 551 2733 fortiaj
574 2686 608 2723 et
633 2682 829 2734 iqnobz'lia
853 2682 999 2723 mnndi
1021 2685 1057 2722 et
1079 2680 1398 2735 contemptibilia
1423 2681 1536 2735 eleyit
1561 2680 1688 2732 Deus,
1711 2686 1746 2721 et
1767 2694 1830 2732 ear.
1851 2694 1957 2735 qaae

223 2765 302 2791 non.
325 2756 434 2805 sunt,
466 2758 508 2792 ut
541 2767 601 2805 ea,
633 2767 735 2805 qnae
756 2758 864 2806 sient,
896 2753 1120 2793 destrueret
1157 2757 1175 2796 1
1201 2750 1294 2795 Cor.
1323 2755 1357 2800 1,
1385 2755 1439 2795 27
1463 2764 1494 2794 s.
1545 2750 1750 2801 „Adverte
1774 2750 1957 2791 coeleste

222 2823 456 2872 consilium,
487 2824 622 2876 inquit
652 2824 706 2864 ad
737 2836 828 2865 rem
850 2823 939 2864 Am
953 2823 1174 2864 brosius
1196 2823 1240 2863 in
1261 2822 1357 2867 Luc.
1379 2822 1403 2864 l.
1428 2825 1454 2867 ἴ)
1475 2835 1514 2863 n.
1537 2826 1606 2871 44,
1636 2834 1724 2862 non
1745 2821 1959 2873 sapientes

222 2895 400 2947 aliquos,
424 2906 512 2935 non
534 2894 695 2942 divites,
717 2907 804 2936 non
826 2895 1002 2942 nobiles,
1025 2895 1099 2935 sed
1122 2895 1359 2947 piscatores
1381 2897 1422 2934 et
1444 2884 1706 2946 publicanos,
1730 2904 1837 2945 quos
1860 2892 1961 2932 diri-

222 2970 349 3018 geret,
373 2965 496 3018 elegit
519 2964 757 3021 (Christus),
779 2977 833 3006 ne
855 2965 1093 3006 traduxisse
1116 2964 1353 3017 prudentia,
1379 2976 1433 3005 ne
1455 2963 1687 3004 redemisse
1710 2962 1875 3012 divitiis,
1905 2974 1959 3004 ne

223 3035 438 3088 potentiae
460 3034 776 3088 nobilitatisque
799 3036 1052 3076 auctoritate
1075 3036 1255 3076 traxisse
1278 3034 1442 3087 aliquos
1474 3034 1528 3075 ad
1551 3046 1673 3074 suam
1695 3035 1875 3085 gratiam
1897 3035 1958 3075 vi-

223 3107 404 3155 deretur,
428 3110 474 3147 ut
495 3106 685 3147 veritatis
708 3106 831 3155 ratio,
854 3118 940 3147 non
963 3106 1260 3158 disputationis
1283 3106 1419 3157 gratia
1441 3105 1740 3157 praevaleret.“
