2175 3382
192 121 271 160 114
346 115 465 148 'l'ract.
484 113 526 148 11.
550 113 597 147 De
616 126 642 146 s.
663 113 862 157 Scriptura.
883 113 1064 158 Analogia
1076 113 1174 147 verbi
1188 114 1406 158 seiipticuin
1423 114 1755 150 Vei-tioincaruato.

187 234 413 285 negligens,
441 233 522 273 stili
547 233 745 281 caudore,
777 232 1045 285 simplicitate
1077 238 1118 274 et
1150 233 1340 274 idearum
1364 234 1487 285 copia
1510 234 1724 286 quandam
1749 247 1851 288 prae
1873 249 1920 278 se
1969 248 1974 256 ·

186 307 261 344 t'ert
288 303 557 355 majestatem
572 304 612 358 ¹),
635 315 761 357 quain
787 304 975 344 humana
998 303 1240 357 eloquentia
1263 305 1432 357 assequi
1455 305 1608 357 nequit.

304 376 345 418 2.
380 372 423 415 Si
455 388 486 417 s.
509 373 727 427 Scriptura
760 374 994 425 theologice
1017 379 1243 427 spectatur,
1277 380 1392 427 patet
1425 375 1516 427 ojus
1538 375 1839 427 praecellentia
1871 389 1923 419 ex

188 446 294 485 mira
317 445 515 498 analogia
538 446 646 486 inter
661 444 848 486 Verbum
864 445 937 485 Dei
962 446 1227 486 incarnatum
1252 451 1293 487 et
1316 446 1396 487 hoc
1421 446 1597 487 verbum
1612 445 1686 487 Dei
1705 447 1920 500 scriptum.

305 532 412 569 Sicut
437 531 607 570 Verbum
643 533 710 569 Dei
742 543 783 572 a.
817 544 929 569 carue
963 532 1147 570 indutum
1179 545 1298 581 opera
1332 533 1455 569 sancti
1489 532 1661 582 Spiritus
1696 533 1844 583 prodiit
1876 546 1923 572 ex

186 590 306 628 Maria
330 590 383 634 V.‚
419 591 475 628 ita
507 591 658 640 Spiritu
694 593 826 628 sancto
863 591 1045 639 inspirati
1081 592 1201 629 locuti
1235 595 1327 629 sunt
1363 592 1485 629 sancti
1520 591 1590 629 Dei
1625 593 1800 630 homines
1817 591 1850 644 2)
1883 595 1923 630 01,

181 652 422 698 pepererunt
443 651 604 688 verbum
631 651 698 688 Dei
721 650 921 698 seriptum.
978 650 1087 687 Sicut
1121 648 1165 691 b.
1200 651 1241 687 in
1277 651 1344 688 illo
1379 651 1618 688 elementum
1689 652 1700 688 i
1730 651 1840 689 ‘num
1882 655 1923 690 et

187 710 412 746 humanum.
438 722 514 757 quo
537 709 717 746 (livinum
740 709 957 749 velabatur.
983 709 1132 746 secerni
1155 709 1290 746 debet:
1326 710 1382 747 ita
1413 710 1474 746 hic
1507 710 1580 747 sub
1611 723 1676 748 cor
1785 710 1922 748 literae

187 768 312 805 latent
336 780 447 805 sensa
469 768 601 805 divina
617 767 673 819 ³):
709 772 746 805 et
770 768 871 805 sicut
893 768 940 805 ad
963 768 1063 805 illud
1086 768 1395 818 cognoscendum
1430 781 1508 807 non
1531 769 1749 807 sufficiebat
1770 781 1859 808 caro
1882 773 1922 807 et

187 828 358 876 sanguis.
395 827 462 865 sed
484 828 758 875 requirebatur
780 827 968 864 revelatio
990 830 1154 876 paterna
1177 827 1313 865 Matth.
1343 835 1404 872 16,
1436 835 1506 872 17ς
1539 828 1595 866 ita
1617 829 1663 866 ad
1688 829 1779 866 haec
1801 841 1920 878 pene-

184 886 325 923 tranda
356 886 575 923 necessaria
608 890 668 924 est
699 886 912 924 illustratio
942 886 1078 926 1.Cor.
1104 892 1139 931 2,
1170 894 1239 930 143
1278 892 1313 925 2.
1336 886 1438 923 Petr.
1468 895 1500 932 1,
1527 894 1577 927 20
1603 900 1631 925 8.
1675 888 1786 926 Sicut
1807 897 1849 928 c.
1882 888 1923 925 in

186 945 434 983 humanitate
457 948 658 994 assumpta
681 945 923 983 inhabitabat
956 945 1163 994 plenitudo
1194 945 1413 983 divinitatis
1435 946 1577 984 Coloss.
1603 953 1638 991 2,
1665 954 1700 993 9,
1733 948 1922 996 erantque

182 1016 318 1041 omnes
341 1004 516 1042 thesauri
539 1005 751 1053 sapientiae
774 1006 813 1042 et
835 1005 1020 1042 scientiae
1043 1004 1261 1042 absconditi
1283 1004 1334 1041 ib.
1361 1010 1396 1049 2,
1415 1011 1459 1050 :33
1482 1005 1538 1042 ita
1559 1007 1599 1043 et
1613 1005 1821 1055 Scriptura
1834 1017 1919 1044 coe-

185 1064 277 1100 lesti
300 1063 470 1101 abundat
495 1063 709 1113 sapientia:
733 1064 945 1113 multiplici
967 1064 1071 1101 enim
1095 1064 1230 1113 lingua
1251 1063 1439 1112 loquitur,
1464 1064 1594 1102 verbis
1617 1067 1657 1102 et,
1677 1065 1808 1110 rebus,
1832 1064 1917 1102 fon·

184 1123 317 1170 tisque
338 1123 464 1160 instar
498 1123 623 1171 replet
656 1123 860 1160 hominum
890 1126 1051 1165 mentes,
1086 1123 1312 1160 innumeros
1342 1123 1464 1160 libros
1494 1123 1746 1172 integrasque
1776 1123 1918 1162 biblio-

185 1181 315 1219 thecas
329 1178 376 1233 4).
420 1181 529 1219 Sicut
552 1180 597 1222 d.
623 1182 798 1219 Christus
815 1182 970 1230 judaeis
991 1182 1067 1219 fuit
1091 1182 1327 1227 scandalum,
1359 1181 1545 1231 gentibus
1577 1183 1753 1221 stultitia
1780 1190 1812 1223 1.
1835 1183 1919 1221 cor.

193 1249 224 1280 1.
253 1246 317 1285 225,
341 1241 478 1278 multis
501 1241 600 1290 lapis
623 1241 846 1278 offensionis
870 1244 909 1279 et
931 1244 1039 1290 petra
1061 1241 1233 1279 scandali
1265 1248 1292 1280 l.
1317 1242 1419 1279 Petr.
1440 1247 1475 1286 2,
1494 1247 1529 1284 8,
1555 1242 1806 1280 credentibus
1828 1254 1920 1280 vero

186 1299 255 1336 Dei
278 1300 405 1337 virtus
429 1302 468 1337 et-
491 1300 683 1349 sapientia
713 1308 742 1340 1.
766 1300 848 1338 Cor.
877 1309 909 1345 1,
937 1306 1007 1340 24:
1031 1300 1086 1338 ita
1108 1313 1186 1338 non
1207 1300 1340 1338 minus
1362 1300 1453 1338 haec
1476 1301 1522 1338 de
1546 1301 1663 1339 verbo
1678 1301 1746 1339 Dei
1763 1301 1921 1350 scripto,

184 1358 232 1394 de
256 1370 283 1397 s.
308 1358 511 1406 Scriptura
532 1360 623 1396 licet
660 1359 865 1397 affirmare.
909 1359 1245 1404 Quemadmodum
1267 1370 1307 1401 e.
1342 1371 1419 1396 non
1441 1360 1620 1398 obstante
1652 1361 1823 1398 humana
1851 1372 1921 1397 na-

185 1422 273 1454 tura
296 1418 337 1454 in
360 1418 510 1455 Christo
532 1419 799 1456 translucebat
823 1419 1044 1456 divinitatis
1066 1419 1261 1468 splendor,
1296 1419 1354 1456 ita
1376 1419 1494 1456 etiam
1517 1419 1696 1458 coelestis
1726 1419 1923 1468 sapientia

184 1477 403 1514 translucet
425 1477 499 1514 sub
521 1477 663 1515 cortice
685 1478 852 1516 litterae.
896 1478 1009 1515 Sicut
1030 1475 1066 1518 f.
1090 1478 1265 1527 patiente
1292 1478 1434 1515 Christi
1465 1479 1710 1516 humanitate
1740 1478 1921 1527 impassi-

187 1535 276 1572 bilis
297 1536 441 1573 mansit
463 1536 664 1582 divinitas,
690 1537 745 1574 ita
767 1537 835 1585 qui
859 1549 887 1575 s.
912 1537 1133 1586 Scripturae
1148 1537 1310 1587 paginas
1326 1537 1523 1583 dilacerat,
1546 1550 1625 1575 non
1639 1538 1759 1575 laedit
1772 1537 1925 1575 doctri-

185 1607 274 1631 nam
296 1595 344 1631 iis
369 1595 607 1644 inscriptam.
643 1595 770 1640 Quare
784 1606 828 1646 g.
846 1597 989 1633 mirum
1003 1598 1166 1641 nonest,
1190 1596 1294 1645 quod
1318 1597 1421 1633 sicut
1435 1596 1612 1634 Christus
1625 1597 1730 1635 inter
1743 1597 1920 1634 homines

182 1653 334 1691 eminet
354 1656 559 1703 tamquam
580 1655 706 1692 Filius
728 1656 890 1692 hominis
921 1668 990 1704 per
1011 1655 1292 1701 excellentiam,
1324 1655 1379 1692 ita
1411 1655 1474 1692 hic
1504 1655 1606 1693 liber
1636 1656 1829 1694 divinitus
1861 1655 1922 1692 in-

187 1713 357 1761 spiratus
382 1713 527 1750 eminet·
548 1715 654 1751 inter
677 1714 822 1763 scripta
856 1714 987 1751 omnia
1018 1716 1218 1763 tamquam
1243 1715 1460 1763 Scriptura,
1485 1714 1685 1764 Scriptura
1715 1727 1823 1753 sacra
1852 1726 1923 1764 per

329 1858 356 1902 Γ)
376 1857 426 1891 De
444 1858 512 1891 hac
531 1857 759 1901 ineloquenti
780 1869 805 1891 s.
825 1858 1037 1902 Scripturae
1057 1859 1271 1902 eloquentia
1291 1858 1334 1894 cf.
1355 1861 1380 1892 A
1398 1870 1491 1903 ugu
1504 1859 1605 1892 stin
1617 1870 1667 1893 us
1695 1859 1739 1892 de
1757 1857 1925 1892 doctrina.

181 1911 258 1944 chr.
283 1911 339 1946 [V.
359 1913 390 1945 6.
411 1914 450 1947 7;
472 1911 516 1945 (10
535 1912 704 1946 catechiz.
724 1911 880 1945 rudibus
899 1922 927 1945 c.
946 1914 978 1945 8.
999 1915 1019 1947 9
1039 1913 1177 1958 (opusc.
1196 1912 1296 1950 Vltl.
1318 1915 1382 1948 116
1400 1913 1470 1946 ss).

330 1968 353 2004 ²)
374 1968 405 1998 ’2.
428 1964 521 1998 Petr.
543 1967 570 1998 l.
592 1968 644 1998 21.
676 1964 727 1999 Cf.
748 1965 811 1998 Ru
824 1966 993 2010 pertus
1012 1967 1098 2000 tuit.
1117 1966 1156 1999 in
1176 1965 1218 1999 ls.
1239 1966 1261 2002 1,
1282 1968 1302 1999 2
1322 1976 1351 1999 c.
1369 1968 1425 2000 31.

330 2017 357 2062 3)
376 2016 547 2051 Rabanus
565 2017 601 2051 M
614 2029 633 2051 a
645 2029 669 2050 u
680 2029 696 2050 r
707 2030 731 2051 u
744 2030 759 2051 s
777 2018 816 2052 in
830 2018 985 2063 prologo
1004 2018 1274 2062 expositionum
1290 2019 1329 2052 in
1342 2018 1563 2053 Leviticum:
1585 2044 1597 2057 ,
1608 2018 1710 2053 Sicut
1722 2018 1761 2052 in
1774 2018 1926 2052 novissi-

184 2069 252 2103 mis
271 2070 398 2104 (liebus
416 2070 578 2104 Verbum
596 2070 662 2104 Dei
681 2081 723 2104 ex
742 2071 859 2105 Maria
880 2071 916 2105 V.
937 2081 1044 2105 carne
1062 2072 1239 2105 vestitum
1266 2072 1446 2116 processit
1475 2071 1513 2104 in
1540 2071 1638 2106 hunc
1665 2071 1855 2112 mundum,
1886 2072 1925 2105 et

184 2123 287 2156 alind
318 2123 467 2167 quidem
499 2127 577 2158 erat
607 2124 705 2168 quod
735 2125 932 2160 videbatur
961 2125 999 2158 111
1027 2135 1082 2166 eo,
1113 2125 1215 2159 aliud
1247 2125 1344 2169 quod
1374 2124 1583 2169 tegebatur,
1614 2125 1735 2159 carnis
1764 2135 1924 2168 namque

184 2178 354 2220 aspectus
372 2188 411 2209 111
429 2186 469 2210 eo
487 2178 644 2221 parebat·
661 2177 842 2217 omnibus,
871 2178 1000 2222 paucis
1028 2188 1112 2212 vero
1139 2180 1176 2212 et
1194 2178 1320 2212 electis
1348 2177 1506 2211 dabatur
1533 2178 1742 2212 divinitatis
1760 2177 1923 2223 agnitio:

183 2229 238 2263 ita
255 2231 290 2263 et
309 2240 391 2263 cum
410 2241 474 2274 per
493 2231 692 2274 prophetas
714 2231 769 2264 vel
786 2242 852 2276 per
869 2231 1124 2276 legislatorem
1140 2232 1292 2265 verbum
1311 2231 1378 2264 Dei
1395 2231 1579 2276 profertur
1597 2231 1641 2265 ad
1656 2231 1836 2273 homines,
1849 2242 1923 2266 non

183 2282 322 2326 absque
342 2283 637 2327 competentibus
655 2284 842 2328 profertur
860 2284 1099 2318 indumentis.
1117 2284 1213 2318 Nam
1234 2284 1328 2318 sicut
1346 2284 1401 2318 ibi
1420 2285 1551 2324 carnis,
1572 2285 1624 2318 ita
1641 2284 1703 2318 1110
1719 2285 1848 2319 literae
1865 2295 1924 2320 ve-

183 2335 320 2369 lamine
337 2336 490 2380 tegitur.
509 2339 551 2370 ut
571 2337 678 2370 litera
697 2337 846 2380 quidem
879 2337 1081 2382 aspiciatur
1108 2339 1300 2381 tamquam
1328 2348 1421 2377 earo.v
1449 2338 1568 2371 latens
1595 2348 1679 2372 vero
1707 2338 1927 2373 intrinsecus

181 2389 361 2432 spiritalis
381 2400 506 2423 sensus
524 2392 715 2433 tamquam
733 2391 908 2424 divinitas
928 2391 1144 2425 sentiatui·.‘
1178 2390 1225 2424 Et
1251 2402 1277 2425 s.
1305 2390 1334 2423 B
1347 2401 1435 2425 ona
1449 2391 1655 2425 ventura
1681 2390 1816 2426 Brevil.
1842 2402 1926 2436 pro-

182 2441 296 2475 oemii
315 2443 331 2480 ξ
351 2447 390 2477 5:
412 2441 600 2481 ,Christus
620 2444 732 2477 etiam
752 2444 890 2485 doctor,
910 2444 1000 2478 licet
1017 2444 1113 2477 esset
1129 2443 1281 2477 humilis
1307 2444 1346 2477 in
1374 2454 1492 2485 carne,
1522 2443 1620 2477 altus
1646 2445 1772 2478 tamen
1790 2445 1871 2478 erat
1885 2444 1926 2478 in

187 2495 343 2529 deitate:
363 2496 446 2530 ideo
465 2496 619 2530 decebat
636 2496 756 2541 ipsum
776 2499 817 2531 et
835 2498 911 2542 ejus
929 2497 1136 2531 doctrinam
1161 2497 1297 2531 habere
1313 2496 1564 2531 humilitatem
1594 2498 1633 2531 in
1659 2508 1824 2533 sermone
1842 2509 1925 2532 cum

189 2548 442 2592 profunditate
461 2550 678 2590 sententiae,
709 2552 750 2584 ut
769 2551 864 2585 sicut
891 2550 964 2584 fuit
983 2550 1149 2585 Christus
1174 2551 1385 2595 panniculis
1414 2550 1605 2585 involutus
1624 2551 1720 2591 (Luc.
1740 2553 1772 2591 2,
1789 2552 1844 2592 7):
1871 2551 1927 2585 ita

183 2602 365 2645 sapientia
383 2601 450 2636 Dei
468 2603 506 2636 in
524 2602 711 2647 Scriptura
728 2603 854 2649 figuris
872 2604 1094 2648 quibusdam
1114 2603 1315 2638 humilibus
1333 2604 1614 2639 involveretur.‘

327 2658 354 2695 ⁴)
375 2654 495 2699 Chry
509 2666 524 2688 s
537 2666 556 2689 0
569 2658 754 2690 stomus
771 2657 868 2708 hogu.
889 2660 931 2691 21
952 2657 991 2690 in
1009 2655 1181 2690 Genesim
1198 2668 1232 2690 n.
1258 2661 1268 2691 1
1288 2669 1294 2689 ε
1329 2656 1428 2701 ,Ego
1454 2667 1518 2691 vos
1546 2667 1672 2690 omnes
1697 2657 1861 2699 obsecro,
1881 2667 1926 2691 ne

184 2707 404 2753 simpliciter
432 2719 484 2747 ea,
513 2720 606 2753 quae
634 2710 671 2743 in
690 2710 890 2754 Scripturis
918 2710 1029 2744 sacris
1057 2711 1234 2744 contenta
1260 2711 1356 2749 sunt,
1383 2709 1592 2746 transeatis,
1627 2708 1735 2743 Nihil
1751 2709 1848 2744 enim
1867 2709 1929 2745 1110

184 2761 363 2806 scriptum
378 2762 442 2802 est,
457 2763 555 2805 quod
566 2772 639 2797 non
654 2763 790 2797 multas
804 2774 975 2798 sensuum
990 2763 1129 2797 habeat
1138 2762 1286 2797 divitias
1299 2777 1306 2796 :
1326 2762 1629 2807 quandoquidem
1644 2762 1770 2797 divino
1781 2762 1926 2807 Spiritu

184 2815 302 2850 afflati
319 2815 523 2860 prophetae
541 2815 659 2850 locuti
677 2819 772 2857 sunt,
792 2817 875 2851 ideo
893 2818 1024 2861 utpote
1043 2827 1064 2850 a
1081 2817 1221 2861 Spiritu
1239 2817 1376 2861 scripta
1392 2817 1585 2862 ingentem
1609 2817 1648 2850 in
1674 2827 1713 2851 se
1736 2817 1927 2852 continent

183 2868 400 2903 thesaurum
416 2895 422 2903 .
439 2895 446 2902 .
464 2897 470 2902 .
490 2868 619 2913 Neque
634 2869 731 2903 enim
746 2869 804 2903 vel
817 2870 963 2914 syllaba
976 2869 1034 2904 vel
1052 2870 1218 2914 apiculus
1236 2871 1292 2904 est
1308 2870 1348 2903 in
1366 2870 1479 2903 sacris
1507 2869 1636 2906 literis,
1663 2869 1702 2903 in
1721 2869 1826 2914 cujus
1844 2881 1925 2914 pro-

182 2921 297 2955 fundo
317 2932 393 2955 non
410 2921 461 2956 sit
477 2921 628 2966 glandis
646 2922 832 2966 quispiam
850 2922 1075 2956 thesaurus‘
1115 2922 1148 2956 S.
1167 2923 1199 2956 A
1213 2934 1306 2967 ugu
1318 2922 1453 2956 stinu
1465 2933 1481 2955 s
1500 2932 1556 2966 ep.
1577 2924 1643 2958 137
1661 2934 1696 2956 n.
1715 2924 1737 2956 3
1749 2934 1758 2952 ι
1786 2922 1926 2961 ‚Tanta

183 2977 242 3009 est
259 2975 542 3009 christianarum
555 2975 790 3019 profunditas
809 2974 1011 3020 literarum,
1029 2977 1073 3010 ut
1090 2977 1129 3010 in
1143 2977 1195 3010 eis
1214 2975 1381 3019 quotidie
1398 2974 1621 3019 proficerem,
1640 2975 1672 3009 si
1685 2985 1746 3009 eas
1761 2974 1858 3010 solas
1871 2976 1919 3009 ab

184 3029 337 3063 ineunte
353 3027 515 3073 pueritia
532 3038 649 3072 usque
667 3028 714 3062 ad
729 3028 953 3072 decrepitam
971 3031 1200 3063 senectutem
1228 3028 1388 3063 maximo
1416 3030 1503 3070 otio,
1530 3039 1673 3063 summo
1698 3029 1835 3070 studio,
1853 3039 1926 3062 me-

184 3082 276 3116 liore
295 3081 446 3126 ingenio
465 3091 616 3115 conarer
633 3081 827 3117 addiscere.
839 3090 850 3103 ⁴
