<?xml version="1.0" encoding="UTF-8"?>
<!DOCTYPE html PUBLIC "-//W3C//DTD XHTML 1.0 Transitional//EN"
    "http://www.w3.org/TR/xhtml1/DTD/xhtml1-transitional.dtd">
<html xmlns="http://www.w3.org/1999/xhtml" xml:lang="en" lang="en">
 <head>
  <title>
</title>
<meta http-equiv="Content-Type" content="text/html;charset=utf-8" />
  <meta name='ocr-system' content='tesseract 3.04.00' />
  <meta name='ocr-capabilities' content='ocr_page ocr_carea ocr_par ocr_line ocrx_word'/>
</head>
<body>
  <div class='ocr_page' id='page_1' title='image "./theologiaedogmat01hurt/theologiaedogmat01hurt_0279.png"; bbox 0 0 2175 3382; ppageno 0'>
   <div class='ocr_carea' id='block_1_1' title="bbox 833 139 2046 184">
    <p class='ocr_par' dir='ltr' id='par_1_1' title="bbox 833 139 2046 184">
     <span class='ocr_line' id='line_1_1' title="bbox 833 139 2046 184; baseline -0.003 -10"><span class='ocrx_word' id='word_1_1' title='bbox 833 140 866 173; x_wconf 80' lang='lat' dir='ltr'>S.</span> <span class='ocrx_word' id='word_1_2' title='bbox 885 140 1087 184; x_wconf 71' lang='lat' dir='ltr'>Augustini</span> <span class='ocrx_word' id='word_1_3' title='bbox 1107 139 1273 173; x_wconf 86' lang='lat' dir='ltr'>doctrina</span> <span class='ocrx_word' id='word_1_4' title='bbox 1291 140 1512 173; x_wconf 74' lang='lat' dir='ltr'>vindicatur.</span> <span class='ocrx_word' id='word_1_5' title='bbox 1960 143 2046 184; x_wconf 65' lang='lat'>269</span> 
     </span>
    </p>
   </div>
   <div class='ocr_carea' id='block_1_2' title="bbox 298 261 2046 1255">
    <p class='ocr_par' dir='ltr' id='par_1_2' title="bbox 305 261 2046 545">
     <span class='ocr_line' id='line_1_2' title="bbox 306 261 2045 313; baseline -0.001 -13"><span class='ocrx_word' id='word_1_6' title='bbox 306 262 529 313; x_wconf 79' lang='lat' dir='ltr'>organicam</span> <span class='ocrx_word' id='word_1_7' title='bbox 550 262 863 310; x_wconf 86' lang='lat' dir='ltr'>conjunctionem</span> <span class='ocrx_word' id='word_1_8' title='bbox 885 262 1054 299; x_wconf 88' lang='lat' dir='ltr'>includit</span> <span class='ocrx_word' id='word_1_9' title='bbox 1074 262 1231 311; x_wconf 85' lang='lat' dir='ltr'><strong>plenam</strong></span> <span class='ocrx_word' id='word_1_10' title='bbox 1252 261 1354 299; x_wconf 87' lang='lat' dir='ltr'>vitae</span> <span class='ocrx_word' id='word_1_11' title='bbox 1376 261 1616 310; x_wconf 79' lang='lat' dir='ltr'>virtutisque</span> <span class='ocrx_word' id='word_1_12' title='bbox 1641 262 1945 310; x_wconf 86' lang='lat' dir='ltr'>possessionem:</span> <span class='ocrx_word' id='word_1_13' title='bbox 1971 273 2045 298; x_wconf 83' lang='lat' dir='ltr'>seu</span> 
     </span>
     <span class='ocr_line' id='line_1_3' title="bbox 308 320 2046 371; baseline -0.001 -12"><span class='ocrx_word' id='word_1_14' title='bbox 308 322 340 360; x_wconf 90' lang='lat' dir='ltr'>si</span> <span class='ocrx_word' id='word_1_15' title='bbox 371 323 591 371; x_wconf 77' lang='lat' dir='ltr'>peccatores</span> <span class='ocrx_word' id='word_1_16' title='bbox 621 321 1019 369; x_wconf 84' lang='lat' dir='ltr'>reduplicative,</span> <span class='ocrx_word' id='word_1_17' title='bbox 1053 320 1273 358; x_wconf 81' lang='lat' dir='ltr'>formaliter</span> <span class='ocrx_word' id='word_1_18' title='bbox 1302 333 1381 369; x_wconf 85' lang='lat' dir='ltr'>qua</span> <span class='ocrx_word' id='word_1_19' title='bbox 1411 322 1631 369; x_wconf 74' lang='lat' dir='ltr'>peccatores</span> <span class='ocrx_word' id='word_1_20' title='bbox 1668 322 1906 369; x_wconf 72' lang='lat' dir='ltr'>spectantur.</span> <span class='ocrx_word' id='word_1_21' title='bbox 1964 320 2046 357; x_wconf 88' lang='lat' dir='ltr'>Hac</span> 
     </span>
     <span class='ocr_line' id='line_1_4' title="bbox 305 378 2042 428; baseline -0.001 -10"><span class='ocrx_word' id='word_1_22' title='bbox 305 382 458 418; x_wconf 87' lang='lat' dir='ltr'>ratione</span> <span class='ocrx_word' id='word_1_23' title='bbox 481 389 520 420; x_wconf 76' lang='lat' dir='ltr'>e.</span> <span class='ocrx_word' id='word_1_24' title='bbox 561 382 782 428; x_wconf 82' lang='lat' dir='ltr'>peccatores</span> <span class='ocrx_word' id='word_1_25' title='bbox 817 379 896 417; x_wconf 87' lang='lat' dir='ltr'>dici</span> <span class='ocrx_word' id='word_1_26' title='bbox 916 382 1084 428; x_wconf 82' lang='lat' dir='ltr'>possunt</span> <span class='ocrx_word' id='word_1_27' title='bbox 1112 391 1191 417; x_wconf 88' lang='lat' dir='ltr'>non</span> <span class='ocrx_word' id='word_1_28' title='bbox 1222 392 1304 416; x_wconf 91' lang='lat' dir='ltr'>esse</span> <span class='ocrx_word' id='word_1_29' title='bbox 1335 379 1382 416; x_wconf 90' lang='lat' dir='ltr'>de</span> <span class='ocrx_word' id='word_1_30' title='bbox 1404 378 1590 421; x_wconf 83' lang='lat' dir='ltr'>Ecclesia,</span> <span class='ocrx_word' id='word_1_31' title='bbox 1624 379 1671 416; x_wconf 88' lang='lat' dir='ltr'>de</span> <span class='ocrx_word' id='word_1_32' title='bbox 1702 391 1861 427; x_wconf 88' lang='lat' dir='ltr'>corpore</span> <span class='ocrx_word' id='word_1_33' title='bbox 1884 378 2042 416; x_wconf 80' lang='lat' dir='ltr'>Christi.</span> 
     </span>
     <span class='ocr_line' id='line_1_5' title="bbox 306 437 2044 488; baseline -0.002 -12"><span class='ocrx_word' id='word_1_34' title='bbox 306 453 396 477; x_wconf 87' lang='lat' dir='ltr'>nam</span> <span class='ocrx_word' id='word_1_35' title='bbox 418 441 464 476; x_wconf 89' lang='lat' dir='ltr'>ut</span> <span class='ocrx_word' id='word_1_36' title='bbox 484 442 704 488; x_wconf 77' lang='lat' dir='ltr'>peccatores</span> <span class='ocrx_word' id='word_1_37' title='bbox 727 451 766 476; x_wconf 90' lang='lat' dir='ltr'>se</span> <span class='ocrx_word' id='word_1_38' title='bbox 787 438 919 487; x_wconf 91' lang='lat' dir='ltr'>potius</span> <span class='ocrx_word' id='word_1_39' title='bbox 951 438 1058 476; x_wconf 91' lang='lat' dir='ltr'>illius</span> <span class='ocrx_word' id='word_1_40' title='bbox 1091 438 1333 476; x_wconf 88' lang='lat' dir='ltr'>subtrahunt</span> <span class='ocrx_word' id='word_1_41' title='bbox 1364 437 1541 482; x_wconf 82' lang='lat' dir='ltr'>infiuxui,</span> <span class='ocrx_word' id='word_1_42' title='bbox 1575 437 1739 486; x_wconf 88' lang='lat' dir='ltr'>ideoque</span> <span class='ocrx_word' id='word_1_43' title='bbox 1771 450 1850 475; x_wconf 87' lang='lat' dir='ltr'>non</span> <span class='ocrx_word' id='word_1_44' title='bbox 1882 450 1966 475; x_wconf 78' lang='lat' dir='ltr'>esse</span> <span class='ocrx_word' id='word_1_45' title='bbox 2003 438 2044 474; x_wconf 84' lang='lat' dir='ltr'>iu</span> 
     </span>
     <span class='ocr_line' id='line_1_6' title="bbox 305 496 1915 545; baseline -0.002 -9"><span class='ocrx_word' id='word_1_46' title='bbox 305 499 383 543; x_wconf 89' lang='lat' dir='ltr'>illa,</span> <span class='ocrx_word' id='word_1_47' title='bbox 407 498 485 535; x_wconf 91' lang='lat' dir='ltr'>nisi</span> <span class='ocrx_word' id='word_1_48' title='bbox 506 500 552 535; x_wconf 91' lang='lat' dir='ltr'>ut</span> <span class='ocrx_word' id='word_1_49' title='bbox 573 500 666 535; x_wconf 89' lang='lat' dir='ltr'>sunt</span> <span class='ocrx_word' id='word_1_50' title='bbox 687 498 861 534; x_wconf 87' lang='lat' dir='ltr'>membra</span> <span class='ocrx_word' id='word_1_51' title='bbox 883 499 1051 541; x_wconf 87' lang='lat' dir='ltr'>mortua,</span> <span class='ocrx_word' id='word_1_52' title='bbox 1075 500 1145 534; x_wconf 87' lang='lat' dir='ltr'>aut</span> <span class='ocrx_word' id='word_1_53' title='bbox 1165 497 1260 534; x_wconf 88' lang='lat' dir='ltr'>mali</span> <span class='ocrx_word' id='word_1_54' title='bbox 1283 497 1466 534; x_wconf 88' lang='lat' dir='ltr'>humores</span> <span class='ocrx_word' id='word_1_55' title='bbox 1489 497 1530 533; x_wconf 91' lang='lat' dir='ltr'>in</span> <span class='ocrx_word' id='word_1_56' title='bbox 1553 509 1712 545; x_wconf 86' lang='lat' dir='ltr'>corpore</span> <span class='ocrx_word' id='word_1_57' title='bbox 1734 496 1915 534; x_wconf 89' lang='lat' dir='ltr'>humano.</span> 
     </span>
    </p>

    <p class='ocr_par' dir='ltr' id='par_1_3' title="bbox 298 554 2043 1255">
     <span class='ocr_line' id='line_1_7' title="bbox 424 554 2042 606; baseline -0.001 -12"><span class='ocrx_word' id='word_1_58' title='bbox 424 554 465 598; x_wconf 79' lang='lat'>3.</span> <span class='ocrx_word' id='word_1_59' title='bbox 486 557 668 606; x_wconf 85' lang='lat' dir='ltr'>Augetur</span> <span class='ocrx_word' id='word_1_60' title='bbox 689 556 782 593; x_wconf 87' lang='lat' dir='ltr'>haec</span> <span class='ocrx_word' id='word_1_61' title='bbox 803 556 990 605; x_wconf 91' lang='lat' dir='ltr'>loquendi</span> <span class='ocrx_word' id='word_1_62' title='bbox 1011 556 1196 597; x_wconf 84' lang='lat' dir='ltr'>varietas.</span> <span class='ocrx_word' id='word_1_63' title='bbox 1221 556 1324 604; x_wconf 86' lang='lat' dir='ltr'>quod</span> <span class='ocrx_word' id='word_1_64' title='bbox 1348 555 1465 593; x_wconf 89' lang='lat' dir='ltr'>etiam</span> <span class='ocrx_word' id='word_1_65' title='bbox 1487 555 1572 604; x_wconf 85' lang='lat' dir='ltr'>ipsa</span> <span class='ocrx_word' id='word_1_66' title='bbox 1594 555 1763 592; x_wconf 79' lang='lat' dir='ltr'>Ecclesia</span> <span class='ocrx_word' id='word_1_67' title='bbox 1785 555 1899 592; x_wconf 87' lang='lat' dir='ltr'>aliter</span> <span class='ocrx_word' id='word_1_68' title='bbox 1922 558 2042 604; x_wconf 87' lang='lat' dir='ltr'>atque</span> 
     </span>
     <span class='ocr_line' id='line_1_8' title="bbox 306 614 2041 665; baseline -0.002 -11"><span class='ocrx_word' id='word_1_69' title='bbox 306 616 422 654; x_wconf 84' lang='lat' dir='ltr'>aliter</span> <span class='ocrx_word' id='word_1_70' title='bbox 441 615 564 665; x_wconf 77' lang='lat' dir='ltr'>possit</span> <span class='ocrx_word' id='word_1_71' title='bbox 586 615 834 653; x_wconf 86' lang='lat' dir='ltr'>considerari.</span> <span class='ocrx_word' id='word_1_72' title='bbox 877 616 951 652; x_wconf 90' lang='lat' dir='ltr'>Pro</span> <span class='ocrx_word' id='word_1_73' title='bbox 974 615 1044 652; x_wconf 88' lang='lat' dir='ltr'>hac</span> <span class='ocrx_word' id='word_1_74' title='bbox 1066 615 1174 652; x_wconf 84' lang='lat' dir='ltr'>varia</span> <span class='ocrx_word' id='word_1_75' title='bbox 1195 615 1388 652; x_wconf 86' lang='lat' dir='ltr'>Ecclesiae</span> <span class='ocrx_word' id='word_1_76' title='bbox 1412 614 1722 652; x_wconf 78' lang='lat' dir='ltr'>consideratione</span> <span class='ocrx_word' id='word_1_77' title='bbox 1745 614 1812 650; x_wconf 84' lang='lat' dir='ltr'>alii</span> <span class='ocrx_word' id='word_1_78' title='bbox 1834 616 1952 662; x_wconf 88' lang='lat' dir='ltr'>atque</span> <span class='ocrx_word' id='word_1_79' title='bbox 1977 614 2041 651; x_wconf 85' lang='lat' dir='ltr'>alii</span> 
     </span>
     <span class='ocr_line' id='line_1_9' title="bbox 304 673 2043 724; baseline -0.001 -12"><span class='ocrx_word' id='word_1_80' title='bbox 304 677 409 712; x_wconf 88' lang='lat' dir='ltr'>inter</span> <span class='ocrx_word' id='word_1_81' title='bbox 430 676 515 724; x_wconf 86' lang='lat' dir='ltr'>ejus</span> <span class='ocrx_word' id='word_1_82' title='bbox 537 674 711 711; x_wconf 90' lang='lat' dir='ltr'>membra</span> <span class='ocrx_word' id='word_1_83' title='bbox 731 674 869 711; x_wconf 86' lang='lat' dir='ltr'>referri</span> <span class='ocrx_word' id='word_1_84' title='bbox 890 676 1058 722; x_wconf 87' lang='lat' dir='ltr'>possunt</span> <span class='ocrx_word' id='word_1_85' title='bbox 1072 676 1190 722; x_wconf 86' lang='lat' dir='ltr'>atque</span> <span class='ocrx_word' id='word_1_86' title='bbox 1205 673 1369 711; x_wconf 89' lang='lat' dir='ltr'>debent:</span> <span class='ocrx_word' id='word_1_87' title='bbox 1392 673 1506 711; x_wconf 88' lang='lat' dir='ltr'>modo</span> <span class='ocrx_word' id='word_1_88' title='bbox 1523 673 1592 710; x_wconf 90' lang='lat' dir='ltr'>soli</span> <span class='ocrx_word' id='word_1_89' title='bbox 1610 673 1903 721; x_wconf 85' lang='lat' dir='ltr'>praedestinati,</span> <span class='ocrx_word' id='word_1_90' title='bbox 1928 674 2043 710; x_wconf 84' lang='lat' dir='ltr'>modo</span> 
     </span>
     <span class='ocr_line' id='line_1_10' title="bbox 303 732 2041 782; baseline -0.002 -11"><span class='ocrx_word' id='word_1_91' title='bbox 303 734 438 771; x_wconf 87' lang='lat' dir='ltr'>fideles</span> <span class='ocrx_word' id='word_1_92' title='bbox 460 745 594 771; x_wconf 89' lang='lat' dir='ltr'>omnes</span> <span class='ocrx_word' id='word_1_93' title='bbox 604 733 713 782; x_wconf 84' lang='lat' dir='ltr'>justi,</span> <span class='ocrx_word' id='word_1_94' title='bbox 737 733 851 771; x_wconf 88' lang='lat' dir='ltr'>modo</span> <span class='ocrx_word' id='word_1_95' title='bbox 867 733 985 770; x_wconf 87' lang='lat' dir='ltr'>etiam</span> <span class='ocrx_word' id='word_1_96' title='bbox 998 733 1147 782; x_wconf 85' lang='lat' dir='ltr'>injusti.</span> <span class='ocrx_word' id='word_1_97' title='bbox 1183 733 1282 770; x_wconf 87' lang='lat' dir='ltr'>Sane</span> <span class='ocrx_word' id='word_1_98' title='bbox 1296 732 1467 770; x_wconf 83' lang='lat' dir='ltr'>Ecclesia</span> <span class='ocrx_word' id='word_1_99' title='bbox 1482 732 1717 770; x_wconf 82' lang='lat' dir='ltr'>considerari</span> <span class='ocrx_word' id='word_1_100' title='bbox 1733 734 1863 780; x_wconf 88' lang='lat' dir='ltr'>potest</span> <span class='ocrx_word' id='word_1_101' title='bbox 1887 741 1927 772; x_wconf 82' lang='lat' dir='ltr'>a.</span> <span class='ocrx_word' id='word_1_102' title='bbox 1948 737 1964 768; x_wconf 87' lang='lat' dir='ltr'>t</span> <span class='ocrx_word' id='word_1_103' title='bbox 1978 733 2041 769; x_wconf 82' lang='lat' dir='ltr'>ri-</span> 
     </span>
     <span class='ocr_line' id='line_1_11' title="bbox 303 789 2041 841; baseline -0.002 -10"><span class='ocrx_word' id='word_1_104' title='bbox 303 793 563 841; x_wconf 79' lang='lat' dir='ltr'>umphans‚</span> <span class='ocrx_word' id='word_1_105' title='bbox 596 792 642 829; x_wconf 85' lang='lat' dir='ltr'>ad</span> <span class='ocrx_word' id='word_1_106' title='bbox 666 805 785 841; x_wconf 89' lang='lat' dir='ltr'>quam</span> <span class='ocrx_word' id='word_1_107' title='bbox 805 792 1007 841; x_wconf 89' lang='lat' dir='ltr'>pertinent</span> <span class='ocrx_word' id='word_1_108' title='bbox 1037 792 1109 829; x_wconf 92' lang='lat' dir='ltr'>soli</span> <span class='ocrx_word' id='word_1_109' title='bbox 1138 791 1441 840; x_wconf 82' lang='lat' dir='ltr'>praedestinati3</span> <span class='ocrx_word' id='word_1_110' title='bbox 1476 789 1520 832; x_wconf 85' lang='lat' dir='ltr'>b.</span> <span class='ocrx_word' id='word_1_111' title='bbox 1543 791 1780 828; x_wconf 86' lang='lat' dir='ltr'>militans</span> <span class='ocrx_word' id='word_1_112' title='bbox 1813 792 1851 827; x_wconf 88' lang='lat' dir='ltr'>et</span> <span class='ocrx_word' id='word_1_113' title='bbox 1882 790 2041 838; x_wconf 87' lang='lat' dir='ltr'>quidem</span> 
     </span>
     <span class='ocr_line' id='line_1_12' title="bbox 303 850 2039 900; baseline -0.002 -11"><span class='ocrx_word' id='word_1_114' title='bbox 303 852 558 900; x_wconf 85' lang='lat' dir='ltr'>inadaequate</span> <span class='ocrx_word' id='word_1_115' title='bbox 580 851 794 889; x_wconf 89' lang='lat' dir='ltr'>secundum</span> <span class='ocrx_word' id='word_1_116' title='bbox 817 851 921 900; x_wconf 89' lang='lat' dir='ltr'>quod</span> <span class='ocrx_word' id='word_1_117' title='bbox 943 853 1004 888; x_wconf 83' lang='lat' dir='ltr'>est</span> <span class='ocrx_word' id='word_1_118' title='bbox 1025 851 1188 888; x_wconf 86' lang='lat' dir='ltr'>societas</span> <span class='ocrx_word' id='word_1_119' title='bbox 1210 850 1387 896; x_wconf 85' lang='lat' dir='ltr'>visibilis,</span> <span class='ocrx_word' id='word_1_120' title='bbox 1421 851 1636 888; x_wconf 83' lang='lat' dir='ltr'>secundum</span> <span class='ocrx_word' id='word_1_121' title='bbox 1659 861 1812 898; x_wconf 89' lang='lat' dir='ltr'>corpus,</span> <span class='ocrx_word' id='word_1_122' title='bbox 1846 851 1885 886; x_wconf 91' lang='lat' dir='ltr'>et</span> <span class='ocrx_word' id='word_1_123' title='bbox 1906 850 1960 886; x_wconf 86' lang='lat' dir='ltr'>ita</span> <span class='ocrx_word' id='word_1_124' title='bbox 1994 850 2039 886; x_wconf 76' lang='lat' dir='ltr'>ad</span> 
     </span>
     <span class='ocr_line' id='line_1_13' title="bbox 303 908 2039 959; baseline -0.002 -10"><span class='ocrx_word' id='word_1_125' title='bbox 303 924 387 949; x_wconf 89' lang='lat' dir='ltr'>eam</span> <span class='ocrx_word' id='word_1_126' title='bbox 408 911 608 959; x_wconf 81' lang='lat' dir='ltr'>pertinent</span> <span class='ocrx_word' id='word_1_127' title='bbox 629 910 761 947; x_wconf 89' lang='lat' dir='ltr'>fideles</span> <span class='ocrx_word' id='word_1_128' title='bbox 779 910 880 958; x_wconf 79' lang='lat' dir='ltr'>justi</span> <span class='ocrx_word' id='word_1_129' title='bbox 905 912 944 947; x_wconf 89' lang='lat' dir='ltr'>et</span> <span class='ocrx_word' id='word_1_130' title='bbox 957 910 1116 959; x_wconf 84' lang='lat' dir='ltr'>injusti;</span> <span class='ocrx_word' id='word_1_131' title='bbox 1141 919 1182 950; x_wconf 69' lang='grc' dir='ltr'>(ὲ.</span> <span class='ocrx_word' id='word_1_132' title='bbox 1207 909 1423 947; x_wconf 89' lang='lat' dir='ltr'>secundum</span> <span class='ocrx_word' id='word_1_133' title='bbox 1436 911 1589 958; x_wconf 88' lang='lat' dir='ltr'>partem</span> <span class='ocrx_word' id='word_1_134' title='bbox 1604 921 1715 946; x_wconf 87' lang='lat' dir='ltr'>suam</span> <span class='ocrx_word' id='word_1_135' title='bbox 1736 908 2039 952; x_wconf 77' lang='lat' dir='ltr'>nobiliorem,</span> 
     </span>
     <span class='ocr_line' id='line_1_14' title="bbox 303 967 2043 1018; baseline -0.002 -11"><span class='ocrx_word' id='word_1_136' title='bbox 303 972 344 1008; x_wconf 88' lang='lat' dir='ltr'>et</span> <span class='ocrx_word' id='word_1_137' title='bbox 364 969 422 1007; x_wconf 88' lang='lat' dir='ltr'>ita</span> <span class='ocrx_word' id='word_1_138' title='bbox 443 969 491 1007; x_wconf 84' lang='lat' dir='ltr'>ad</span> <span class='ocrx_word' id='word_1_139' title='bbox 512 982 599 1007; x_wconf 82' lang='lat' dir='ltr'>eam</span> <span class='ocrx_word' id='word_1_140' title='bbox 619 969 820 1018; x_wconf 83' lang='lat' dir='ltr'>pertinent</span> <span class='ocrx_word' id='word_1_141' title='bbox 841 982 975 1007; x_wconf 89' lang='lat' dir='ltr'>omnes</span> <span class='ocrx_word' id='word_1_142' title='bbox 998 971 1038 1006; x_wconf 91' lang='lat' dir='ltr'>et</span> <span class='ocrx_word' id='word_1_143' title='bbox 1060 969 1133 1007; x_wconf 90' lang='lat' dir='ltr'>soli</span> <span class='ocrx_word' id='word_1_144' title='bbox 1151 969 1271 1018; x_wconf 83' lang='lat' dir='ltr'>justi3</span> <span class='ocrx_word' id='word_1_145' title='bbox 1305 967 1350 1008; x_wconf 78' lang='lat' dir='ltr'>d.</span> <span class='ocrx_word' id='word_1_146' title='bbox 1374 970 1421 1006; x_wconf 90' lang='lat' dir='ltr'>ut</span> <span class='ocrx_word' id='word_1_147' title='bbox 1442 970 1503 1006; x_wconf 90' lang='lat' dir='ltr'>est</span> <span class='ocrx_word' id='word_1_148' title='bbox 1525 981 1663 1016; x_wconf 89' lang='lat' dir='ltr'>corpus</span> <span class='ocrx_word' id='word_1_149' title='bbox 1694 968 1879 1012; x_wconf 85' lang='lat' dir='ltr'>vivum,</span> <span class='ocrx_word' id='word_1_150' title='bbox 1912 970 1950 1005; x_wconf 84' lang='lat' dir='ltr'>et</span> <span class='ocrx_word' id='word_1_151' title='bbox 1985 967 2043 1004; x_wconf 85' lang='lat' dir='ltr'>sic</span> 
     </span>
     <span class='ocr_line' id='line_1_15' title="bbox 298 1026 2041 1078; baseline -0.002 -12"><span class='ocrx_word' id='word_1_152' title='bbox 298 1029 400 1078; x_wconf 84' lang='lat' dir='ltr'>justi</span> <span class='ocrx_word' id='word_1_153' title='bbox 429 1030 584 1066; x_wconf 84' lang='lat' dir='ltr'>tantum</span> <span class='ocrx_word' id='word_1_154' title='bbox 615 1028 784 1076; x_wconf 85' lang='lat' dir='ltr'>perfecte</span> <span class='ocrx_word' id='word_1_155' title='bbox 818 1028 866 1065; x_wconf 89' lang='lat' dir='ltr'>ad</span> <span class='ocrx_word' id='word_1_156' title='bbox 897 1041 980 1066; x_wconf 87' lang='lat' dir='ltr'>eam</span> <span class='ocrx_word' id='word_1_157' title='bbox 1013 1030 1209 1077; x_wconf 74' lang='lat' dir='ltr'>spectant,</span> <span class='ocrx_word' id='word_1_158' title='bbox 1253 1038 1294 1068; x_wconf 79' lang='grc' dir='ltr'>θ.</span> <span class='ocrx_word' id='word_1_159' title='bbox 1327 1028 1581 1072; x_wconf 81' lang='lat' dir='ltr'>finaliter,</span> <span class='ocrx_word' id='word_1_160' title='bbox 1618 1029 1813 1076; x_wconf 90' lang='lat' dir='ltr'>quatenus</span> <span class='ocrx_word' id='word_1_161' title='bbox 1846 1026 2041 1075; x_wconf 83' lang='lat' dir='ltr'>pertingit</span> 
     </span>
     <span class='ocr_line' id='line_1_16' title="bbox 302 1086 2041 1137; baseline -0.002 -12"><span class='ocrx_word' id='word_1_162' title='bbox 302 1089 446 1126; x_wconf 82' lang='lat' dir='ltr'>metam</span> <span class='ocrx_word' id='word_1_163' title='bbox 467 1088 651 1136; x_wconf 89' lang='lat' dir='ltr'>omnique</span> <span class='ocrx_word' id='word_1_164' title='bbox 673 1089 778 1125; x_wconf 84' lang='lat' dir='ltr'>caret</span> <span class='ocrx_word' id='word_1_165' title='bbox 798 1100 898 1137; x_wconf 82' lang='lat' dir='ltr'>ruga</span> <span class='ocrx_word' id='word_1_166' title='bbox 921 1090 1039 1137; x_wconf 88' lang='lat' dir='ltr'>atque</span> <span class='ocrx_word' id='word_1_167' title='bbox 1061 1088 1223 1134; x_wconf 85' lang='lat' dir='ltr'>macula,</span> <span class='ocrx_word' id='word_1_168' title='bbox 1247 1089 1287 1124; x_wconf 91' lang='lat' dir='ltr'>et</span> <span class='ocrx_word' id='word_1_169' title='bbox 1308 1087 1363 1123; x_wconf 88' lang='lat' dir='ltr'>ita</span> <span class='ocrx_word' id='word_1_170' title='bbox 1384 1087 1430 1124; x_wconf 88' lang='lat' dir='ltr'>ad</span> <span class='ocrx_word' id='word_1_171' title='bbox 1454 1099 1539 1124; x_wconf 86' lang='lat' dir='ltr'>eam</span> <span class='ocrx_word' id='word_1_172' title='bbox 1561 1086 1763 1135; x_wconf 79' lang='lat' dir='ltr'>pertinent</span> <span class='ocrx_word' id='word_1_173' title='bbox 1779 1098 1911 1123; x_wconf 92' lang='lat' dir='ltr'>omnes</span> <span class='ocrx_word' id='word_1_174' title='bbox 1927 1098 2041 1134; x_wconf 84' lang='lat' dir='ltr'>prae-</span> 
     </span>
     <span class='ocr_line' id='line_1_17' title="bbox 302 1143 2039 1195; baseline -0.003 -10"><span class='ocrx_word' id='word_1_175' title='bbox 302 1147 510 1191; x_wconf 86' lang='lat' dir='ltr'>destinati;</span> <span class='ocrx_word' id='word_1_176' title='bbox 534 1147 702 1195; x_wconf 88' lang='lat' dir='ltr'>denique</span> <span class='ocrx_word' id='word_1_177' title='bbox 725 1143 761 1186; x_wconf 82' lang='lat' dir='ltr'>f.</span> <span class='ocrx_word' id='word_1_178' title='bbox 784 1148 914 1195; x_wconf 89' lang='lat' dir='ltr'>potest</span> <span class='ocrx_word' id='word_1_179' title='bbox 935 1147 1105 1184; x_wconf 85' lang='lat' dir='ltr'>Ecclesia</span> <span class='ocrx_word' id='word_1_180' title='bbox 1126 1146 1366 1184; x_wconf 89' lang='lat' dir='ltr'>considerari</span> <span class='ocrx_word' id='word_1_181' title='bbox 1387 1159 1455 1194; x_wconf 87' lang='lat' dir='ltr'>pro</span> <span class='ocrx_word' id='word_1_182' title='bbox 1478 1148 1699 1194; x_wconf 86' lang='lat' dir='ltr'>utroque</span> <span class='ocrx_word' id='word_1_183' title='bbox 1724 1145 1850 1182; x_wconf 86' lang='lat' dir='ltr'>stadio</span> <span class='ocrx_word' id='word_1_184' title='bbox 1871 1144 2039 1181; x_wconf 76' lang='lat' dir='ltr'>militiae</span> 
     </span>
     <span class='ocr_line' id='line_1_18' title="bbox 302 1205 1646 1255; baseline -0.001 -12"><span class='ocrx_word' id='word_1_185' title='bbox 302 1208 342 1244; x_wconf 91' lang='lat' dir='ltr'>et</span> <span class='ocrx_word' id='word_1_186' title='bbox 361 1206 566 1255; x_wconf 87' lang='lat' dir='ltr'>triumphi,</span> <span class='ocrx_word' id='word_1_187' title='bbox 589 1208 629 1243; x_wconf 90' lang='lat' dir='ltr'>et</span> <span class='ocrx_word' id='word_1_188' title='bbox 650 1206 705 1243; x_wconf 86' lang='lat' dir='ltr'>ita</span> <span class='ocrx_word' id='word_1_189' title='bbox 726 1218 882 1254; x_wconf 89' lang='lat' dir='ltr'>quoque</span> <span class='ocrx_word' id='word_1_190' title='bbox 905 1206 1006 1243; x_wconf 88' lang='lat' dir='ltr'>solos</span> <span class='ocrx_word' id='word_1_191' title='bbox 1027 1205 1337 1254; x_wconf 84' lang='lat' dir='ltr'>praedestinatos</span> <span class='ocrx_word' id='word_1_192' title='bbox 1361 1205 1646 1253; x_wconf 82' lang='lat' dir='ltr'>complectitur.</span> 
     </span>
    </p>
   </div>
   <div class='ocr_carea' id='block_1_3' title="bbox 297 1287 2040 2872">
    <p class='ocr_par' dir='ltr' id='par_1_4' title="bbox 298 1287 2040 2343">
     <span class='ocr_line' id='line_1_19' title="bbox 425 1287 2038 1338; baseline -0.003 -10"><span class='ocrx_word' id='word_1_193' title='bbox 425 1295 518 1329; x_wconf 85' lang='lat'>244.</span> <span class='ocrx_word' id='word_1_194' title='bbox 540 1289 629 1326; x_wconf 84' lang='lat' dir='ltr'>Non</span> <span class='ocrx_word' id='word_1_195' title='bbox 651 1288 831 1326; x_wconf 86' lang='lat' dir='ltr'>dissimili</span> <span class='ocrx_word' id='word_1_196' title='bbox 862 1289 1012 1326; x_wconf 86' lang='lat' dir='ltr'>ratione</span> <span class='ocrx_word' id='word_1_197' title='bbox 1041 1288 1326 1338; x_wconf 71' lang='lat' dir='ltr'>propositiones</span> <span class='ocrx_word' id='word_1_198' title='bbox 1357 1288 1483 1337; x_wconf 89' lang='lat' dir='ltr'>specie</span> <span class='ocrx_word' id='word_1_199' title='bbox 1515 1288 1588 1325; x_wconf 89' lang='lat' dir='ltr'>sibi</span> <span class='ocrx_word' id='word_1_200' title='bbox 1620 1288 1833 1325; x_wconf 86' lang='lat' dir='ltr'>contrarias</span> <span class='ocrx_word' id='word_1_201' title='bbox 1865 1287 1912 1324; x_wconf 78' lang='lat' dir='ltr'>ad</span> <span class='ocrx_word' id='word_1_202' title='bbox 1947 1300 2038 1324; x_wconf 78' lang='lat' dir='ltr'>con-</span> 
     </span>
     <span class='ocr_line' id='line_1_20' title="bbox 302 1346 2036 1399; baseline -0.002 -14"><span class='ocrx_word' id='word_1_203' title='bbox 302 1349 471 1386; x_wconf 78' lang='lat' dir='ltr'>cordiam</span> <span class='ocrx_word' id='word_1_204' title='bbox 502 1350 658 1385; x_wconf 86' lang='lat' dir='ltr'>revocat</span> <span class='ocrx_word' id='word_1_205' title='bbox 690 1348 898 1397; x_wconf 85' lang='lat' dir='ltr'>theologus</span> <span class='ocrx_word' id='word_1_206' title='bbox 932 1349 1049 1396; x_wconf 89' lang='lat' dir='ltr'>plane</span> <span class='ocrx_word' id='word_1_207' title='bbox 1082 1347 1250 1397; x_wconf 83' lang='lat' dir='ltr'>insignis</span> <span class='ocrx_word' id='word_1_208' title='bbox 1285 1347 1579 1396; x_wconf 80' lang='lat' dir='ltr'>Stapleton‚</span> <span class='ocrx_word' id='word_1_209' title='bbox 1628 1346 1696 1395; x_wconf 90' lang='lat' dir='ltr'>qui</span> <span class='ocrx_word' id='word_1_210' title='bbox 1732 1347 1789 1383; x_wconf 89' lang='lat' dir='ltr'>ita</span> <span class='ocrx_word' id='word_1_211' title='bbox 1824 1346 1961 1383; x_wconf 85' lang='lat' dir='ltr'>scribit</span> <span class='ocrx_word' id='word_1_212' title='bbox 1985 1346 2036 1399; x_wconf 80' lang='grc'>1);</span> 
     </span>
     <span class='ocr_line' id='line_1_21' title="bbox 302 1404 2037 1456; baseline -0.002 -11"><span class='ocrx_word' id='word_1_213' title='bbox 302 1434 320 1452; x_wconf 68' lang='grc'>»</span> <span class='ocrx_word' id='word_1_214' title='bbox 334 1404 373 1447; x_wconf 95' lang='lat' dir='ltr'>l.</span> <span class='ocrx_word' id='word_1_215' title='bbox 395 1407 571 1445; x_wconf 86' lang='lat' dir='ltr'>membra</span> <span class='ocrx_word' id='word_1_216' title='bbox 591 1407 764 1456; x_wconf 87' lang='lat' dir='ltr'>corporis</span> <span class='ocrx_word' id='word_1_217' title='bbox 787 1407 930 1444; x_wconf 88' lang='lat' dir='ltr'>Christi</span> <span class='ocrx_word' id='word_1_218' title='bbox 952 1407 1108 1456; x_wconf 78' lang='lat' dir='ltr'>mystici</span> <span class='ocrx_word' id='word_1_219' title='bbox 1129 1406 1320 1455; x_wconf 86' lang='lat' dir='ltr'>quaedam</span> <span class='ocrx_word' id='word_1_220' title='bbox 1351 1418 1433 1443; x_wconf 85' lang='lat' dir='ltr'>esse</span> <span class='ocrx_word' id='word_1_221' title='bbox 1463 1406 1574 1454; x_wconf 87' lang='lat' dir='ltr'>conj</span> <span class='ocrx_word' id='word_1_222' title='bbox 1588 1408 1742 1443; x_wconf 89' lang='lat' dir='ltr'>uncta</span> <span class='ocrx_word' id='word_1_223' title='bbox 1772 1405 1851 1454; x_wconf 90' lang='lat' dir='ltr'>ipsi</span> <span class='ocrx_word' id='word_1_224' title='bbox 1873 1405 2037 1449; x_wconf 69' lang='lat' dir='ltr'>Christo,</span> 
     </span>
     <span class='ocr_line' id='line_1_22' title="bbox 301 1465 2039 1515; baseline -0.002 -11"><span class='ocrx_word' id='word_1_225' title='bbox 301 1467 490 1515; x_wconf 84' lang='lat' dir='ltr'>quaedam</span> <span class='ocrx_word' id='word_1_226' title='bbox 525 1466 910 1515; x_wconf 84' lang='lat' dir='ltr'>conjunctiora,</span> <span class='ocrx_word' id='word_1_227' title='bbox 959 1466 1149 1515; x_wconf 85' lang='lat' dir='ltr'>quaedam</span> <span class='ocrx_word' id='word_1_228' title='bbox 1189 1465 1638 1514; x_wconf 82' lang='lat' dir='ltr'>conjunctiSsima.</span> <span class='ocrx_word' id='word_1_229' title='bbox 1695 1465 1910 1513; x_wconf 88' lang='lat' dir='ltr'>Conjuncta</span> <span class='ocrx_word' id='word_1_230' title='bbox 1945 1469 2039 1502; x_wconf 87' lang='lat' dir='ltr'>sunt</span> 
     </span>
     <span class='ocr_line' id='line_1_23' title="bbox 301 1523 2037 1574; baseline -0.002 -11"><span class='ocrx_word' id='word_1_231' title='bbox 301 1526 442 1569; x_wconf 88' lang='lat' dir='ltr'>omnia,</span> <span class='ocrx_word' id='word_1_232' title='bbox 466 1538 565 1574; x_wconf 90' lang='lat' dir='ltr'>quae</span> <span class='ocrx_word' id='word_1_233' title='bbox 588 1525 787 1563; x_wconf 88' lang='lat' dir='ltr'>Christum</span> <span class='ocrx_word' id='word_1_234' title='bbox 810 1525 1027 1563; x_wconf 88' lang='lat' dir='ltr'>induerunt</span> <span class='ocrx_word' id='word_1_235' title='bbox 1048 1538 1117 1574; x_wconf 90' lang='lat' dir='ltr'>per</span> <span class='ocrx_word' id='word_1_236' title='bbox 1138 1525 1264 1570; x_wconf 78' lang='lat' dir='ltr'>fidem,</span> <span class='ocrx_word' id='word_1_237' title='bbox 1298 1526 1367 1562; x_wconf 87' lang='lat' dir='ltr'>aut</span> <span class='ocrx_word' id='word_1_238' title='bbox 1388 1536 1458 1572; x_wconf 88' lang='lat' dir='ltr'>per</span> <span class='ocrx_word' id='word_1_239' title='bbox 1478 1523 1721 1572; x_wconf 86' lang='lat' dir='ltr'>baptismum</span> <span class='ocrx_word' id='word_1_240' title='bbox 1753 1526 2037 1561; x_wconf 84' lang='lat' dir='ltr'>sacramentum</span> 
     </span>
     <span class='ocr_line' id='line_1_24' title="bbox 299 1583 2040 1634; baseline -0.002 -12"><span class='ocrx_word' id='word_1_241' title='bbox 299 1584 390 1622; x_wconf 86' lang='lat' dir='ltr'>fidei</span> <span class='ocrx_word' id='word_1_242' title='bbox 410 1586 450 1622; x_wconf 87' lang='lat' dir='ltr'>et</span> <span class='ocrx_word' id='word_1_243' title='bbox 471 1585 709 1634; x_wconf 87' lang='lat' dir='ltr'>applicatum</span> <span class='ocrx_word' id='word_1_244' title='bbox 741 1584 815 1622; x_wconf 88' lang='lat' dir='ltr'>sibi</span> <span class='ocrx_word' id='word_1_245' title='bbox 837 1584 1034 1622; x_wconf 90' lang='lat' dir='ltr'>Christum</span> <span class='ocrx_word' id='word_1_246' title='bbox 1064 1584 1211 1622; x_wconf 89' lang='lat' dir='ltr'>habent</span> <span class='ocrx_word' id='word_1_247' title='bbox 1242 1596 1311 1632; x_wconf 92' lang='lat' dir='ltr'>per</span> <span class='ocrx_word' id='word_1_248' title='bbox 1345 1583 1658 1621; x_wconf 90' lang='lat' dir='ltr'>communionem</span> <span class='ocrx_word' id='word_1_249' title='bbox 1694 1585 2040 1620; x_wconf 80' lang='lat' dir='ltr'>sacramentorum.</span> 
     </span>
     <span class='ocr_line' id='line_1_25' title="bbox 301 1642 2038 1693; baseline -0.002 -12"><span class='ocrx_word' id='word_1_250' title='bbox 301 1674 308 1681; x_wconf 89' lang='lat'>.</span> <span class='ocrx_word' id='word_1_251' title='bbox 332 1674 339 1681; x_wconf 93' lang='lat'>.</span> <span class='ocrx_word' id='word_1_252' title='bbox 364 1673 371 1680; x_wconf 92' lang='lat'>.</span> <span class='ocrx_word' id='word_1_253' title='bbox 395 1644 672 1693; x_wconf 87' lang='lat' dir='ltr'>Conjunctiora</span> <span class='ocrx_word' id='word_1_254' title='bbox 693 1644 867 1681; x_wconf 90' lang='lat' dir='ltr'>membra</span> <span class='ocrx_word' id='word_1_255' title='bbox 888 1646 991 1689; x_wconf 90' lang='lat' dir='ltr'>sunt,</span> <span class='ocrx_word' id='word_1_256' title='bbox 1016 1656 1114 1692; x_wconf 91' lang='lat' dir='ltr'>quae</span> <span class='ocrx_word' id='word_1_257' title='bbox 1136 1656 1217 1681; x_wconf 91' lang='lat' dir='ltr'>non</span> <span class='ocrx_word' id='word_1_258' title='bbox 1238 1643 1364 1681; x_wconf 89' lang='lat' dir='ltr'>solum</span> <span class='ocrx_word' id='word_1_259' title='bbox 1395 1655 1464 1691; x_wconf 91' lang='lat' dir='ltr'>per</span> <span class='ocrx_word' id='word_1_260' title='bbox 1485 1642 1602 1679; x_wconf 89' lang='lat' dir='ltr'>fidem</span> <span class='ocrx_word' id='word_1_261' title='bbox 1633 1644 1671 1679; x_wconf 88' lang='lat' dir='ltr'>et</span> <span class='ocrx_word' id='word_1_262' title='bbox 1703 1643 2038 1679; x_wconf 81' lang='lat' dir='ltr'>sacramentorum</span> 
     </span>
     <span class='ocr_line' id='line_1_26' title="bbox 298 1700 2039 1750; baseline -0.002 -10"><span class='ocrx_word' id='word_1_263' title='bbox 298 1716 425 1749; x_wconf 89' lang='lat' dir='ltr'>usum,</span> <span class='ocrx_word' id='word_1_264' title='bbox 449 1703 518 1740; x_wconf 89' lang='lat' dir='ltr'>sed</span> <span class='ocrx_word' id='word_1_265' title='bbox 539 1702 656 1740; x_wconf 87' lang='lat' dir='ltr'>etiam</span> <span class='ocrx_word' id='word_1_266' title='bbox 675 1715 740 1750; x_wconf 88' lang='lat' dir='ltr'>per</span> <span class='ocrx_word' id='word_1_267' title='bbox 761 1703 964 1740; x_wconf 84' lang='lat' dir='ltr'>caritatem</span> <span class='ocrx_word' id='word_1_268' title='bbox 979 1702 1129 1740; x_wconf 86' lang='lat' dir='ltr'>Christo</span> <span class='ocrx_word' id='word_1_269' title='bbox 1151 1703 1362 1740; x_wconf 84' lang='lat' dir='ltr'>adhaerent</span> <span class='ocrx_word' id='word_1_270' title='bbox 1385 1704 1424 1738; x_wconf 88' lang='lat' dir='ltr'>et</span> <span class='ocrx_word' id='word_1_271' title='bbox 1445 1714 1548 1738; x_wconf 82' lang='lat' dir='ltr'>unus</span> <span class='ocrx_word' id='word_1_272' title='bbox 1573 1713 1660 1738; x_wconf 91' lang='lat' dir='ltr'>cum</span> <span class='ocrx_word' id='word_1_273' title='bbox 1683 1713 1726 1738; x_wconf 92' lang='lat' dir='ltr'>eo</span> <span class='ocrx_word' id='word_1_274' title='bbox 1749 1700 1912 1749; x_wconf 87' lang='lat' dir='ltr'>spiritus</span> <span class='ocrx_word' id='word_1_275' title='bbox 1939 1700 2039 1738; x_wconf 84' lang='lat' dir='ltr'>fiunt</span> 
     </span>
     <span class='ocr_line' id='line_1_27' title="bbox 300 1759 2036 1811; baseline -0.002 -12"><span class='ocrx_word' id='word_1_276' title='bbox 300 1793 307 1800; x_wconf 93' lang='lat'>.</span> <span class='ocrx_word' id='word_1_277' title='bbox 332 1792 339 1799; x_wconf 97' lang='lat'>.</span> <span class='ocrx_word' id='word_1_278' title='bbox 363 1792 371 1800; x_wconf 93' lang='lat'>.</span> <span class='ocrx_word' id='word_1_279' title='bbox 395 1761 724 1811; x_wconf 80' lang='lat' dir='ltr'>Conjunctissima</span> <span class='ocrx_word' id='word_1_280' title='bbox 743 1762 918 1799; x_wconf 87' lang='lat' dir='ltr'>membra</span> <span class='ocrx_word' id='word_1_281' title='bbox 940 1763 1045 1806; x_wconf 87' lang='lat' dir='ltr'>sunt,</span> <span class='ocrx_word' id='word_1_282' title='bbox 1069 1774 1168 1809; x_wconf 89' lang='lat' dir='ltr'>quae</span> <span class='ocrx_word' id='word_1_283' title='bbox 1190 1774 1268 1799; x_wconf 90' lang='lat' dir='ltr'>non</span> <span class='ocrx_word' id='word_1_284' title='bbox 1291 1761 1373 1798; x_wconf 86' lang='lat' dir='ltr'>sola</span> <span class='ocrx_word' id='word_1_285' title='bbox 1396 1760 1468 1797; x_wconf 90' lang='lat' dir='ltr'>fide</span> <span class='ocrx_word' id='word_1_286' title='bbox 1491 1763 1531 1797; x_wconf 91' lang='lat' dir='ltr'>et</span> <span class='ocrx_word' id='word_1_287' title='bbox 1553 1760 1724 1805; x_wconf 85' lang='lat' dir='ltr'>caritate,</span> <span class='ocrx_word' id='word_1_288' title='bbox 1749 1759 1817 1797; x_wconf 89' lang='lat' dir='ltr'>sed</span> <span class='ocrx_word' id='word_1_289' title='bbox 1839 1759 1956 1797; x_wconf 88' lang='lat' dir='ltr'>etiam</span> <span class='ocrx_word' id='word_1_290' title='bbox 1971 1771 2036 1808; x_wconf 82' lang='lat' dir='ltr'>spe</span> 
     </span>
     <span class='ocr_line' id='line_1_28' title="bbox 300 1819 2039 1869; baseline -0.002 -11"><span class='ocrx_word' id='word_1_291' title='bbox 300 1833 379 1859; x_wconf 89' lang='lat' dir='ltr'>non</span> <span class='ocrx_word' id='word_1_292' title='bbox 400 1821 621 1858; x_wconf 84' lang='lat' dir='ltr'>frustrabili</span> <span class='ocrx_word' id='word_1_293' title='bbox 643 1824 681 1858; x_wconf 90' lang='lat' dir='ltr'>et</span> <span class='ocrx_word' id='word_1_294' title='bbox 702 1820 810 1858; x_wconf 87' lang='lat' dir='ltr'>finali</span> <span class='ocrx_word' id='word_1_295' title='bbox 831 1822 1121 1869; x_wconf 85' lang='lat' dir='ltr'>perseverantia</span> <span class='ocrx_word' id='word_1_296' title='bbox 1144 1833 1314 1858; x_wconf 72' lang='lat' dir='ltr'>connexa</span> <span class='ocrx_word' id='word_1_297' title='bbox 1338 1819 1491 1857; x_wconf 83' lang='lat' dir='ltr'>Christo</span> <span class='ocrx_word' id='word_1_298' title='bbox 1514 1820 1833 1868; x_wconf 83' lang='lat' dir='ltr'>conjunguntur.</span> <span class='ocrx_word' id='word_1_299' title='bbox 1851 1847 1857 1854; x_wconf 92' lang='lat'>.</span> <span class='ocrx_word' id='word_1_300' title='bbox 1874 1848 1881 1855; x_wconf 93' lang='lat'>.</span> <span class='ocrx_word' id='word_1_301' title='bbox 1897 1819 2039 1867; x_wconf 73' lang='lat' dir='ltr'>Itaque</span> 
     </span>
     <span class='ocr_line' id='line_1_29' title="bbox 299 1878 2037 1929; baseline -0.002 -12"><span class='ocrx_word' id='word_1_302' title='bbox 299 1880 417 1929; x_wconf 89' lang='lat' dir='ltr'>primi</span> <span class='ocrx_word' id='word_1_303' title='bbox 437 1880 598 1928; x_wconf 91' lang='lat' dir='ltr'>quidem</span> <span class='ocrx_word' id='word_1_304' title='bbox 621 1882 717 1917; x_wconf 89' lang='lat' dir='ltr'>sunt</span> <span class='ocrx_word' id='word_1_305' title='bbox 737 1880 954 1917; x_wconf 88' lang='lat' dir='ltr'>membra</span> <span class='ocrx_word' id='word_1_306' title='bbox 974 1892 1044 1928; x_wconf 85' lang='lat' dir='ltr'>per</span> <span class='ocrx_word' id='word_1_307' title='bbox 1065 1879 1190 1925; x_wconf 89' lang='lat' dir='ltr'>fidem,</span> <span class='ocrx_word' id='word_1_308' title='bbox 1214 1879 1376 1916; x_wconf 85' lang='lat' dir='ltr'>secundi</span> <span class='ocrx_word' id='word_1_309' title='bbox 1399 1891 1513 1916; x_wconf 87' lang='lat' dir='ltr'>cara</span> <span class='ocrx_word' id='word_1_310' title='bbox 1534 1878 1709 1915; x_wconf 85' lang='lat' dir='ltr'>membra</span> <span class='ocrx_word' id='word_1_311' title='bbox 1730 1890 1799 1927; x_wconf 90' lang='lat' dir='ltr'>per</span> <span class='ocrx_word' id='word_1_312' title='bbox 1821 1878 2037 1923; x_wconf 78' lang='lat' dir='ltr'>caritatem,</span> 
     </span>
     <span class='ocr_line' id='line_1_30' title="bbox 299 1936 2037 1987; baseline -0.002 -11"><span class='ocrx_word' id='word_1_313' title='bbox 299 1939 411 1977; x_wconf 89' lang='lat' dir='ltr'>tertii</span> <span class='ocrx_word' id='word_1_314' title='bbox 434 1939 703 1976; x_wconf 86' lang='lat' dir='ltr'>carissima</span> <span class='ocrx_word' id='word_1_315' title='bbox 723 1939 896 1976; x_wconf 87' lang='lat' dir='ltr'>membra</span> <span class='ocrx_word' id='word_1_316' title='bbox 926 1941 1088 1987; x_wconf 86' lang='lat' dir='ltr'>propter</span> <span class='ocrx_word' id='word_1_317' title='bbox 1118 1938 1358 1976; x_wconf 88' lang='lat' dir='ltr'>electionem.</span> <span class='ocrx_word' id='word_1_318' title='bbox 1402 1938 1575 1975; x_wconf 84' lang='lat' dir='ltr'>Rursum</span> <span class='ocrx_word' id='word_1_319' title='bbox 1607 1936 1725 1985; x_wconf 89' lang='lat' dir='ltr'>primi</span> <span class='ocrx_word' id='word_1_320' title='bbox 1756 1938 1802 1974; x_wconf 88' lang='lat' dir='ltr'>ut</span> <span class='ocrx_word' id='word_1_321' title='bbox 1834 1937 2037 1974; x_wconf 84' lang='lat' dir='ltr'>credentes</span> 
     </span>
     <span class='ocr_line' id='line_1_31' title="bbox 301 1996 2037 2046; baseline -0.002 -11"><span class='ocrx_word' id='word_1_322' title='bbox 301 2000 395 2036; x_wconf 87' lang='lat' dir='ltr'>sunt</span> <span class='ocrx_word' id='word_1_323' title='bbox 416 1998 619 2046; x_wconf 85' lang='lat' dir='ltr'>aliquanta</span> <span class='ocrx_word' id='word_1_324' title='bbox 639 1998 832 2042; x_wconf 79' lang='lat' dir='ltr'>membra3</span> <span class='ocrx_word' id='word_1_325' title='bbox 865 1998 1025 2035; x_wconf 86' lang='lat' dir='ltr'>secundi</span> <span class='ocrx_word' id='word_1_326' title='bbox 1055 1999 1101 2035; x_wconf 90' lang='lat' dir='ltr'>ut</span> <span class='ocrx_word' id='word_1_327' title='bbox 1124 1999 1298 2034; x_wconf 87' lang='lat' dir='ltr'>amantes</span> <span class='ocrx_word' id='word_1_328' title='bbox 1328 2010 1490 2046; x_wconf 79' lang='lat' dir='ltr'>magna3</span> <span class='ocrx_word' id='word_1_329' title='bbox 1522 1996 1633 2034; x_wconf 86' lang='lat' dir='ltr'>tertii</span> <span class='ocrx_word' id='word_1_330' title='bbox 1664 1998 1710 2033; x_wconf 90' lang='lat' dir='ltr'>ut</span> <span class='ocrx_word' id='word_1_331' title='bbox 1744 1997 2037 2044; x_wconf 65' lang='lat' dir='ltr'>perseverantes</span> 
     </span>
     <span class='ocr_line' id='line_1_32' title="bbox 298 2054 2033 2107; baseline -0.002 -13"><span class='ocrx_word' id='word_1_332' title='bbox 298 2057 509 2107; x_wconf 85' lang='lat' dir='ltr'>praecipua</span> <span class='ocrx_word' id='word_1_333' title='bbox 530 2087 537 2094; x_wconf 86' lang='lat'>.</span> <span class='ocrx_word' id='word_1_334' title='bbox 561 2086 569 2094; x_wconf 92' lang='lat'>.</span> <span class='ocrx_word' id='word_1_335' title='bbox 593 2086 599 2094; x_wconf 91' lang='lat'>.</span> <span class='ocrx_word' id='word_1_336' title='bbox 622 2054 666 2097; x_wconf 77' lang='lat'>2.</span> <span class='ocrx_word' id='word_1_337' title='bbox 689 2057 912 2094; x_wconf 84' lang='lat' dir='ltr'>notabimus</span> <span class='ocrx_word' id='word_1_338' title='bbox 943 2057 1154 2094; x_wconf 83' lang='lat' dir='ltr'>Ecclesiam</span> <span class='ocrx_word' id='word_1_339' title='bbox 1178 2056 1322 2094; x_wconf 88' lang='lat' dir='ltr'>Christi</span> <span class='ocrx_word' id='word_1_340' title='bbox 1350 2058 1510 2105; x_wconf 91' lang='lat' dir='ltr'>propter</span> <span class='ocrx_word' id='word_1_341' title='bbox 1541 2056 1634 2092; x_wconf 86' lang='lat' dir='ltr'>haec</span> <span class='ocrx_word' id='word_1_342' title='bbox 1663 2055 1741 2092; x_wconf 84' lang='lat' dir='ltr'>tria</span> <span class='ocrx_word' id='word_1_343' title='bbox 1771 2055 2033 2092; x_wconf 85' lang='lat' dir='ltr'>membrorum</span> 
     </span>
     <span class='ocr_line' id='line_1_33' title="bbox 300 2114 2035 2166; baseline -0.002 -13"><span class='ocrx_word' id='word_1_344' title='bbox 300 2129 462 2154; x_wconf 89' lang='lat' dir='ltr'>suorum</span> <span class='ocrx_word' id='word_1_345' title='bbox 483 2128 627 2166; x_wconf 86' lang='lat' dir='ltr'>genera</span> <span class='ocrx_word' id='word_1_346' title='bbox 647 2115 775 2153; x_wconf 82' lang='lat' dir='ltr'>varias</span> <span class='ocrx_word' id='word_1_347' title='bbox 796 2116 838 2153; x_wconf 90' lang='lat' dir='ltr'>in</span> <span class='ocrx_word' id='word_1_348' title='bbox 860 2115 1060 2164; x_wconf 85' lang='lat' dir='ltr'>Scriptura</span> <span class='ocrx_word' id='word_1_349' title='bbox 1093 2117 1407 2164; x_wconf 83' lang='lat' dir='ltr'>nuncupationes</span> <span class='ocrx_word' id='word_1_350' title='bbox 1441 2115 1624 2163; x_wconf 86' lang='lat' dir='ltr'>accipere.</span> <span class='ocrx_word' id='word_1_351' title='bbox 1668 2115 1831 2163; x_wconf 88' lang='lat' dir='ltr'>Propter</span> <span class='ocrx_word' id='word_1_352' title='bbox 1862 2114 2035 2162; x_wconf 86' lang='lat' dir='ltr'>primum</span> 
     </span>
     <span class='ocr_line' id='line_1_34' title="bbox 299 2172 2036 2225; baseline -0.002 -13"><span class='ocrx_word' id='word_1_353' title='bbox 299 2187 424 2225; x_wconf 87' lang='lat' dir='ltr'>genus</span> <span class='ocrx_word' id='word_1_354' title='bbox 445 2177 608 2213; x_wconf 87' lang='lat' dir='ltr'>vocatur</span> <span class='ocrx_word' id='word_1_355' title='bbox 629 2175 804 2212; x_wconf 90' lang='lat' dir='ltr'>domus</span> <span class='ocrx_word' id='word_1_356' title='bbox 826 2188 979 2225; x_wconf 81' lang='lat' dir='ltr'>magna,</span> <span class='ocrx_word' id='word_1_357' title='bbox 1015 2175 1056 2212; x_wconf 89' lang='lat' dir='ltr'>in</span> <span class='ocrx_word' id='word_1_358' title='bbox 1078 2187 1156 2224; x_wconf 89' lang='lat' dir='ltr'>qua</span> <span class='ocrx_word' id='word_1_359' title='bbox 1178 2177 1270 2212; x_wconf 90' lang='lat' dir='ltr'>sunt</span> <span class='ocrx_word' id='word_1_360' title='bbox 1292 2187 1384 2212; x_wconf 84' lang='lat' dir='ltr'>vasa</span> <span class='ocrx_word' id='word_1_361' title='bbox 1406 2174 1447 2211; x_wconf 92' lang='lat' dir='ltr'>in</span> <span class='ocrx_word' id='word_1_362' title='bbox 1470 2174 1655 2211; x_wconf 89' lang='lat' dir='ltr'>honorem</span> <span class='ocrx_word' id='word_1_363' title='bbox 1678 2175 1717 2210; x_wconf 89' lang='lat' dir='ltr'>et</span> <span class='ocrx_word' id='word_1_364' title='bbox 1747 2185 1841 2210; x_wconf 84' lang='lat' dir='ltr'>vasa</span> <span class='ocrx_word' id='word_1_365' title='bbox 1871 2172 1912 2209; x_wconf 91' lang='lat' dir='ltr'>in</span> <span class='ocrx_word' id='word_1_366' title='bbox 1945 2184 2036 2209; x_wconf 93' lang='lat' dir='ltr'>con—</span> 
     </span>
     <span class='ocr_line' id='line_1_35' title="bbox 298 2231 2036 2283; baseline -0.002 -11"><span class='ocrx_word' id='word_1_367' title='bbox 298 2234 503 2272; x_wconf 87' lang='lat' dir='ltr'>tumeliam</span> <span class='ocrx_word' id='word_1_368' title='bbox 528 2240 563 2273; x_wconf 81' lang='grc'>2.</span> <span class='ocrx_word' id='word_1_369' title='bbox 587 2233 685 2273; x_wconf 85' lang='lat' dir='ltr'>Tim.</span> <span class='ocrx_word' id='word_1_370' title='bbox 710 2240 745 2279; x_wconf 85' lang='lat'>2,</span> <span class='ocrx_word' id='word_1_371' title='bbox 772 2240 823 2274; x_wconf 85' lang='lat'>20</span> <span class='ocrx_word' id='word_1_372' title='bbox 848 2236 919 2272; x_wconf 88' lang='lat' dir='ltr'>etc.</span> <span class='ocrx_word' id='word_1_373' title='bbox 962 2235 1129 2282; x_wconf 90' lang='lat' dir='ltr'>Propter</span> <span class='ocrx_word' id='word_1_374' title='bbox 1150 2234 1363 2271; x_wconf 89' lang='lat' dir='ltr'>secundum</span> <span class='ocrx_word' id='word_1_375' title='bbox 1395 2245 1519 2283; x_wconf 83' lang='lat' dir='ltr'>genus</span> <span class='ocrx_word' id='word_1_376' title='bbox 1550 2234 1714 2270; x_wconf 88' lang='lat' dir='ltr'>vocatur</span> <span class='ocrx_word' id='word_1_377' title='bbox 1736 2231 1905 2269; x_wconf 84' lang='lat' dir='ltr'>Ecclesia</span> <span class='ocrx_word' id='word_1_378' title='bbox 1937 2243 2036 2268; x_wconf 85' lang='lat' dir='ltr'>coi·-</span> 
     </span>
     <span class='ocr_line' id='line_1_36' title="bbox 298 2290 2033 2343; baseline -0.002 -13"><span class='ocrx_word' id='word_1_379' title='bbox 298 2306 388 2343; x_wconf 88' lang='lat' dir='ltr'>pus</span> <span class='ocrx_word' id='word_1_380' title='bbox 411 2293 555 2331; x_wconf 89' lang='lat' dir='ltr'>Christi</span> <span class='ocrx_word' id='word_1_381' title='bbox 577 2322 585 2330; x_wconf 99' lang='lat'>.</span> <span class='ocrx_word' id='word_1_382' title='bbox 610 2322 617 2329; x_wconf 92' lang='lat'>.</span> <span class='ocrx_word' id='word_1_383' title='bbox 641 2323 649 2330; x_wconf 94' lang='lat'>.</span> <span class='ocrx_word' id='word_1_384' title='bbox 672 2294 783 2341; x_wconf 89' lang='lat' dir='ltr'>cujus</span> <span class='ocrx_word' id='word_1_385' title='bbox 804 2294 979 2330; x_wconf 89' lang='lat' dir='ltr'>membra</span> <span class='ocrx_word' id='word_1_386' title='bbox 1001 2294 1096 2330; x_wconf 87' lang='lat' dir='ltr'>sunt</span> <span class='ocrx_word' id='word_1_387' title='bbox 1116 2293 1310 2341; x_wconf 88' lang='lat' dir='ltr'>templum</span> <span class='ocrx_word' id='word_1_388' title='bbox 1333 2292 1400 2329; x_wconf 92' lang='lat' dir='ltr'>Dei</span> <span class='ocrx_word' id='word_1_389' title='bbox 1423 2296 1462 2329; x_wconf 90' lang='lat' dir='ltr'>et</span> <span class='ocrx_word' id='word_1_390' title='bbox 1485 2291 1652 2340; x_wconf 86' lang='lat' dir='ltr'>Spiritus</span> <span class='ocrx_word' id='word_1_391' title='bbox 1676 2303 1703 2332; x_wconf 85' lang='grc'>3,</span> <span class='ocrx_word' id='word_1_392' title='bbox 1732 2298 1764 2331; x_wconf 87' lang='grc'>1.</span> <span class='ocrx_word' id='word_1_393' title='bbox 1789 2290 1870 2328; x_wconf 88' lang='lat' dir='ltr'>Cor.</span> <span class='ocrx_word' id='word_1_394' title='bbox 1895 2297 1930 2335; x_wconf 86' lang='lat'>3,</span> <span class='ocrx_word' id='word_1_395' title='bbox 1962 2297 2008 2331; x_wconf 79' lang='grc'>16</span> <span class='ocrx_word' id='word_1_396' title='bbox 2027 2306 2033 2332; x_wconf 84' lang='lat'>;</span> 
     </span>
    </p>

    <p class='ocr_par' dir='ltr' id='par_1_5' title="bbox 297 2349 2037 2872">
     <span class='ocr_line' id='line_1_37' title="bbox 331 2349 2036 2401; baseline -0.002 -11"><span class='ocrx_word' id='word_1_397' title='bbox 331 2383 337 2390; x_wconf 92' lang='lat'>.</span> <span class='ocrx_word' id='word_1_398' title='bbox 361 2381 368 2389; x_wconf 91' lang='lat'>.</span> <span class='ocrx_word' id='word_1_399' title='bbox 392 2364 575 2401; x_wconf 88' lang='lat' dir='ltr'>sponsa</span> <span class='ocrx_word' id='word_1_400' title='bbox 615 2351 756 2389; x_wconf 84' lang='lat' dir='ltr'>Christi</span> <span class='ocrx_word' id='word_1_401' title='bbox 779 2385 786 2392; x_wconf 89' lang='lat'>.</span> <span class='ocrx_word' id='word_1_402' title='bbox 811 2382 818 2389; x_wconf 92' lang='lat'>.</span> <span class='ocrx_word' id='word_1_403' title='bbox 843 2381 850 2389; x_wconf 93' lang='lat'>.</span> <span class='ocrx_word' id='word_1_404' title='bbox 886 2352 1024 2390; x_wconf 89' lang='lat' dir='ltr'>domus</span> <span class='ocrx_word' id='word_1_405' title='bbox 1067 2351 1394 2400; x_wconf 85' lang='lat' dir='ltr'>spiritualis,</span> <span class='ocrx_word' id='word_1_406' title='bbox 1438 2351 1568 2400; x_wconf 85' lang='lat' dir='ltr'>regale</span> <span class='ocrx_word' id='word_1_407' title='bbox 1621 2349 1894 2394; x_wconf 81' lang='lat' dir='ltr'>sacerdotium,</span> <span class='ocrx_word' id='word_1_408' title='bbox 1939 2362 2036 2399; x_wconf 71' lang='lat' dir='ltr'>gens</span> 
     </span>
     <span class='ocr_line' id='line_1_38' title="bbox 300 2409 2037 2460; baseline -0.002 -12"><span class='ocrx_word' id='word_1_409' title='bbox 300 2414 444 2456; x_wconf 85' lang='lat' dir='ltr'>sancta,</span> <span class='ocrx_word' id='word_1_410' title='bbox 467 2411 639 2460; x_wconf 89' lang='lat' dir='ltr'>populus</span> <span class='ocrx_word' id='word_1_411' title='bbox 661 2411 930 2460; x_wconf 87' lang='lat' dir='ltr'>acquisitionis</span> <span class='ocrx_word' id='word_1_412' title='bbox 951 2411 980 2449; x_wconf 92' lang='lat' dir='ltr'>I.</span> <span class='ocrx_word' id='word_1_413' title='bbox 1002 2411 1106 2448; x_wconf 87' lang='lat' dir='ltr'>Petr.</span> <span class='ocrx_word' id='word_1_414' title='bbox 1133 2416 1167 2455; x_wconf 89' lang='lat'>2,</span> <span class='ocrx_word' id='word_1_415' title='bbox 1194 2417 1214 2450; x_wconf 85' lang='lat'>5</span> <span class='ocrx_word' id='word_1_416' title='bbox 1241 2422 1291 2447; x_wconf 89' lang='lat' dir='ltr'>ss.</span> <span class='ocrx_word' id='word_1_417' title='bbox 1308 2439 1314 2446; x_wconf 92' lang='lat'>.</span> <span class='ocrx_word' id='word_1_418' title='bbox 1331 2439 1338 2447; x_wconf 92' lang='lat'>.</span> <span class='ocrx_word' id='word_1_419' title='bbox 1355 2410 1541 2458; x_wconf 75' lang='lat' dir='ltr'>,Propter</span> <span class='ocrx_word' id='word_1_420' title='bbox 1561 2409 1725 2446; x_wconf 88' lang='lat' dir='ltr'>tertium</span> <span class='ocrx_word' id='word_1_421' title='bbox 1739 2421 1862 2458; x_wconf 85' lang='lat' dir='ltr'>genus</span> <span class='ocrx_word' id='word_1_422' title='bbox 1875 2411 2037 2446; x_wconf 78' lang='lat' dir='ltr'>vocatur</span> 
     </span>
     <span class='ocr_line' id='line_1_39' title="bbox 297 2467 2034 2518; baseline -0.002 -11"><span class='ocrx_word' id='word_1_423' title='bbox 297 2470 470 2508; x_wconf 87' lang='lat' dir='ltr'>Ecclesia</span> <span class='ocrx_word' id='word_1_424' title='bbox 490 2470 628 2507; x_wconf 85' lang='lat' dir='ltr'>hortus</span> <span class='ocrx_word' id='word_1_425' title='bbox 661 2470 949 2514; x_wconf 87' lang='lat' dir='ltr'>conclusus,</span> <span class='ocrx_word' id='word_1_426' title='bbox 983 2470 1067 2507; x_wconf 85' lang='lat' dir='ltr'>fons</span> <span class='ocrx_word' id='word_1_427' title='bbox 1101 2469 1312 2518; x_wconf 85' lang='lat' dir='ltr'>signatu</span> <span class='ocrx_word' id='word_1_428' title='bbox 1326 2481 1353 2513; x_wconf 91' lang='lat' dir='ltr'>s,</span> <span class='ocrx_word' id='word_1_429' title='bbox 1386 2469 1502 2506; x_wconf 88' lang='lat' dir='ltr'>unica</span> <span class='ocrx_word' id='word_1_430' title='bbox 1532 2468 1722 2513; x_wconf 88' lang='lat' dir='ltr'>columba,</span> <span class='ocrx_word' id='word_1_431' title='bbox 1755 2481 1834 2505; x_wconf 88' lang='lat' dir='ltr'>una</span> <span class='ocrx_word' id='word_1_432' title='bbox 1863 2467 2034 2516; x_wconf 79' lang='lat' dir='ltr'>perfecta</span> 
     </span>
     <span class='ocr_line' id='line_1_40' title="bbox 297 2526 2032 2577; baseline -0.002 -10"><span class='ocrx_word' id='word_1_433' title='bbox 297 2542 394 2574; x_wconf 86' lang='lat' dir='ltr'>mea,</span> <span class='ocrx_word' id='word_1_434' title='bbox 418 2529 538 2566; x_wconf 84' lang='lat' dir='ltr'>amica</span> <span class='ocrx_word' id='word_1_435' title='bbox 558 2541 644 2566; x_wconf 87' lang='lat' dir='ltr'>mea</span> <span class='ocrx_word' id='word_1_436' title='bbox 663 2530 748 2566; x_wconf 87' lang='lat' dir='ltr'>tota</span> <span class='ocrx_word' id='word_1_437' title='bbox 768 2529 932 2577; x_wconf 87' lang='lat' dir='ltr'>pulchra</span> <span class='ocrx_word' id='word_1_438' title='bbox 954 2528 1059 2565; x_wconf 89' lang='lat' dir='ltr'>Cant.</span> <span class='ocrx_word' id='word_1_439' title='bbox 1085 2534 1120 2567; x_wconf 90' lang='lat'>4.</span> <span class='ocrx_word' id='word_1_440' title='bbox 1144 2558 1151 2564; x_wconf 95' lang='lat'>.</span> <span class='ocrx_word' id='word_1_441' title='bbox 1176 2557 1183 2564; x_wconf 92' lang='lat'>.</span> <span class='ocrx_word' id='word_1_442' title='bbox 1207 2560 1215 2568; x_wconf 93' lang='lat'>.</span> <span class='ocrx_word' id='word_1_443' title='bbox 1238 2526 1281 2568; x_wconf 83' lang='lat'>3.</span> <span class='ocrx_word' id='word_1_444' title='bbox 1305 2528 1529 2565; x_wconf 83' lang='lat' dir='ltr'>notabimus</span> <span class='ocrx_word' id='word_1_445' title='bbox 1560 2527 1752 2576; x_wconf 89' lang='lat' dir='ltr'>quosdam</span> <span class='ocrx_word' id='word_1_446' title='bbox 1783 2539 1866 2564; x_wconf 90' lang='lat' dir='ltr'>esse</span> <span class='ocrx_word' id='word_1_447' title='bbox 1897 2526 1939 2563; x_wconf 88' lang='lat' dir='ltr'>in</span> <span class='ocrx_word' id='word_1_448' title='bbox 1961 2526 2032 2563; x_wconf 90' lang='lat' dir='ltr'>Ec-</span> 
     </span>
     <span class='ocr_line' id='line_1_41' title="bbox 298 2586 2034 2626; baseline -0.002 -1"><span class='ocrx_word' id='word_1_449' title='bbox 298 2588 416 2626; x_wconf 87' lang='lat' dir='ltr'>clesia</span> <span class='ocrx_word' id='word_1_450' title='bbox 435 2600 599 2625; x_wconf 88' lang='lat' dir='ltr'>numero</span> <span class='ocrx_word' id='word_1_451' title='bbox 622 2590 661 2625; x_wconf 92' lang='lat' dir='ltr'>et</span> <span class='ocrx_word' id='word_1_452' title='bbox 685 2588 955 2625; x_wconf 90' lang='lat' dir='ltr'>vocatione</span> <span class='ocrx_word' id='word_1_453' title='bbox 976 2589 1134 2624; x_wconf 88' lang='lat' dir='ltr'>tantum</span> <span class='ocrx_word' id='word_1_454' title='bbox 1157 2617 1165 2625; x_wconf 94' lang='lat'>.</span> <span class='ocrx_word' id='word_1_455' title='bbox 1190 2616 1197 2624; x_wconf 94' lang='lat'>.</span> <span class='ocrx_word' id='word_1_456' title='bbox 1221 2618 1229 2626; x_wconf 91' lang='lat'>.</span> <span class='ocrx_word' id='word_1_457' title='bbox 1252 2587 1318 2623; x_wconf 85' lang='lat' dir='ltr'>alii</span> <span class='ocrx_word' id='word_1_458' title='bbox 1341 2591 1435 2624; x_wconf 89' lang='lat' dir='ltr'>sunt</span> <span class='ocrx_word' id='word_1_459' title='bbox 1464 2587 1506 2623; x_wconf 88' lang='lat' dir='ltr'>in</span> <span class='ocrx_word' id='word_1_460' title='bbox 1530 2586 1699 2623; x_wconf 80' lang='lat' dir='ltr'>Ecclesia</span> <span class='ocrx_word' id='word_1_461' title='bbox 1730 2588 1769 2623; x_wconf 91' lang='lat' dir='ltr'>et</span> <span class='ocrx_word' id='word_1_462' title='bbox 1798 2597 1961 2622; x_wconf 83' lang='lat' dir='ltr'>numero</span> <span class='ocrx_word' id='word_1_463' title='bbox 1994 2588 2034 2622; x_wconf 83' lang='lat' dir='ltr'>et</span> 
     </span>
     <span class='ocr_line' id='line_1_42' title="bbox 297 2645 2030 2695; baseline -0.002 -11"><span class='ocrx_word' id='word_1_464' title='bbox 297 2647 480 2685; x_wconf 84' lang='lat' dir='ltr'>merito</span> <span class='ocrx_word' id='word_1_465' title='bbox 504 2676 511 2683; x_wconf 95' lang='lat'>.</span> <span class='ocrx_word' id='word_1_466' title='bbox 536 2677 543 2685; x_wconf 93' lang='lat'>.</span> <span class='ocrx_word' id='word_1_467' title='bbox 566 2677 575 2684; x_wconf 97' lang='lat'>.</span> <span class='ocrx_word' id='word_1_468' title='bbox 596 2646 664 2684; x_wconf 88' lang='lat' dir='ltr'>alii</span> <span class='ocrx_word' id='word_1_469' title='bbox 685 2647 853 2695; x_wconf 90' lang='lat' dir='ltr'>denique</span> <span class='ocrx_word' id='word_1_470' title='bbox 875 2649 915 2683; x_wconf 88' lang='lat' dir='ltr'>et</span> <span class='ocrx_word' id='word_1_471' title='bbox 936 2658 1099 2683; x_wconf 89' lang='lat' dir='ltr'>numero</span> <span class='ocrx_word' id='word_1_472' title='bbox 1120 2647 1160 2683; x_wconf 90' lang='lat' dir='ltr'>et</span> <span class='ocrx_word' id='word_1_473' title='bbox 1181 2645 1322 2683; x_wconf 88' lang='lat' dir='ltr'>merito</span> <span class='ocrx_word' id='word_1_474' title='bbox 1353 2647 1393 2683; x_wconf 91' lang='lat' dir='ltr'>et</span> <span class='ocrx_word' id='word_1_475' title='bbox 1414 2645 1674 2683; x_wconf 90' lang='lat' dir='ltr'>electione</span> <span class='ocrx_word' id='word_1_476' title='bbox 1706 2646 1866 2693; x_wconf 89' lang='lat' dir='ltr'>propter</span> <span class='ocrx_word' id='word_1_477' title='bbox 1897 2656 2030 2692; x_wconf 88' lang='lat' dir='ltr'>perse-</span> 
     </span>
     <span class='ocr_line' id='line_1_43' title="bbox 297 2703 2031 2753; baseline -0.002 -10"><span class='ocrx_word' id='word_1_478' title='bbox 297 2705 513 2743; x_wconf 86' lang='lat' dir='ltr'>verantiam</span> <span class='ocrx_word' id='word_1_479' title='bbox 531 2705 572 2742; x_wconf 90' lang='lat' dir='ltr'>in</span> <span class='ocrx_word' id='word_1_480' title='bbox 593 2706 695 2744; x_wconf 89' lang='lat' dir='ltr'>bono</span> <span class='ocrx_word' id='word_1_481' title='bbox 718 2736 725 2743; x_wconf 95' lang='lat'>.</span> <span class='ocrx_word' id='word_1_482' title='bbox 750 2736 757 2743; x_wconf 96' lang='lat'>.</span> <span class='ocrx_word' id='word_1_483' title='bbox 781 2735 789 2742; x_wconf 93' lang='lat'>.</span> <span class='ocrx_word' id='word_1_484' title='bbox 811 2703 852 2746; x_wconf 83' lang='lat'>4.</span> <span class='ocrx_word' id='word_1_485' title='bbox 875 2704 1099 2742; x_wconf 84' lang='lat' dir='ltr'>notabimus</span> <span class='ocrx_word' id='word_1_486' title='bbox 1121 2705 1312 2753; x_wconf 87' lang='lat' dir='ltr'>quosdam</span> <span class='ocrx_word' id='word_1_487' title='bbox 1333 2717 1418 2742; x_wconf 90' lang='lat' dir='ltr'>esse</span> <span class='ocrx_word' id='word_1_488' title='bbox 1440 2705 1481 2741; x_wconf 87' lang='lat' dir='ltr'>in</span> <span class='ocrx_word' id='word_1_489' title='bbox 1505 2703 1675 2741; x_wconf 87' lang='lat' dir='ltr'>Ecclesia</span> <span class='ocrx_word' id='word_1_490' title='bbox 1696 2707 1743 2741; x_wconf 89' lang='lat' dir='ltr'>ut</span> <span class='ocrx_word' id='word_1_491' title='bbox 1776 2714 1954 2740; x_wconf 84' lang='lat' dir='ltr'>servos</span> <span class='ocrx_word' id='word_1_492' title='bbox 1991 2703 2031 2738; x_wconf 90' lang='lat' dir='ltr'>in</span> 
     </span>
     <span class='ocr_line' id='line_1_44' title="bbox 298 2761 2029 2809; baseline -0.002 -8"><span class='ocrx_word' id='word_1_493' title='bbox 298 2764 411 2802; x_wconf 89' lang='lat' dir='ltr'>domo</span> <span class='ocrx_word' id='word_1_494' title='bbox 434 2793 441 2801; x_wconf 90' lang='lat'>.</span> <span class='ocrx_word' id='word_1_495' title='bbox 465 2794 473 2802; x_wconf 92' lang='lat'>.</span> <span class='ocrx_word' id='word_1_496' title='bbox 498 2794 506 2801; x_wconf 98' lang='lat'>.</span> <span class='ocrx_word' id='word_1_497' title='bbox 528 2763 598 2801; x_wconf 87' lang='lat' dir='ltr'>alii</span> <span class='ocrx_word' id='word_1_498' title='bbox 620 2767 714 2802; x_wconf 88' lang='lat' dir='ltr'>sunt</span> <span class='ocrx_word' id='word_1_499' title='bbox 735 2765 777 2802; x_wconf 89' lang='lat' dir='ltr'>in</span> <span class='ocrx_word' id='word_1_500' title='bbox 799 2764 912 2802; x_wconf 90' lang='lat' dir='ltr'>domo</span> <span class='ocrx_word' id='word_1_501' title='bbox 936 2763 1007 2801; x_wconf 89' lang='lat' dir='ltr'>Dei</span> <span class='ocrx_word' id='word_1_502' title='bbox 1030 2763 1128 2801; x_wconf 91' lang='lat' dir='ltr'>sicut</span> <span class='ocrx_word' id='word_1_503' title='bbox 1159 2763 1272 2800; x_wconf 90' lang='lat' dir='ltr'>filii</span> <span class='ocrx_word' id='word_1_504' title='bbox 1294 2763 1375 2809; x_wconf 92' lang='lat' dir='ltr'>Dei,</span> <span class='ocrx_word' id='word_1_505' title='bbox 1408 2763 1510 2800; x_wconf 91' lang='lat' dir='ltr'>sicut</span> <span class='ocrx_word' id='word_1_506' title='bbox 1540 2763 1651 2808; x_wconf 82' lang='lat' dir='ltr'>cives,</span> <span class='ocrx_word' id='word_1_507' title='bbox 1683 2762 1796 2799; x_wconf 89' lang='lat' dir='ltr'>amici</span> <span class='ocrx_word' id='word_1_508' title='bbox 1826 2774 1869 2799; x_wconf 90' lang='lat' dir='ltr'>ac</span> <span class='ocrx_word' id='word_1_509' title='bbox 1899 2761 2029 2798; x_wconf 65' lang='lat' dir='ltr'>dome-</span> 
     </span>
     <span class='ocr_line' id='line_1_45' title="bbox 299 2821 2030 2872; baseline -0.002 -12"><span class='ocrx_word' id='word_1_510' title='bbox 299 2823 387 2860; x_wconf 88' lang='lat' dir='ltr'>stici</span> <span class='ocrx_word' id='word_1_511' title='bbox 401 2823 486 2871; x_wconf 83' lang='lat' dir='ltr'>ejus</span> <span class='ocrx_word' id='word_1_512' title='bbox 509 2853 516 2860; x_wconf 95' lang='lat'>.</span> <span class='ocrx_word' id='word_1_513' title='bbox 541 2852 548 2860; x_wconf 91' lang='lat'>.</span> <span class='ocrx_word' id='word_1_514' title='bbox 575 2852 582 2860; x_wconf 88' lang='lat'>.</span> <span class='ocrx_word' id='word_1_515' title='bbox 605 2824 671 2860; x_wconf 88' lang='lat' dir='ltr'>alii</span> <span class='ocrx_word' id='word_1_516' title='bbox 686 2823 855 2872; x_wconf 81' lang='lat' dir='ltr'>denique</span> <span class='ocrx_word' id='word_1_517' title='bbox 877 2852 884 2859; x_wconf 95' lang='lat'>.</span> <span class='ocrx_word' id='word_1_518' title='bbox 909 2853 915 2859; x_wconf 94' lang='lat'>.</span> <span class='ocrx_word' id='word_1_519' title='bbox 941 2855 947 2862; x_wconf 93' lang='lat'>.</span> <span class='ocrx_word' id='word_1_520' title='bbox 970 2824 1014 2860; x_wconf 86' lang='lat' dir='ltr'>ut</span> <span class='ocrx_word' id='word_1_521' title='bbox 1036 2822 1262 2860; x_wconf 89' lang='lat' dir='ltr'>heredes.</span> <span class='ocrx_word' id='word_1_522' title='bbox 1287 2821 1328 2863; x_wconf 77' lang='grc' dir='ltr'>ὅ.</span> <span class='ocrx_word' id='word_1_523' title='bbox 1345 2822 1569 2860; x_wconf 82' lang='lat' dir='ltr'>notabimus</span> <span class='ocrx_word' id='word_1_524' title='bbox 1582 2822 1754 2870; x_wconf 89' lang='lat' dir='ltr'>primum</span> <span class='ocrx_word' id='word_1_525' title='bbox 1768 2833 1892 2870; x_wconf 86' lang='lat' dir='ltr'>genus</span> <span class='ocrx_word' id='word_1_526' title='bbox 1908 2832 2030 2856; x_wconf 87' lang='lat' dir='ltr'>mem-</span> 
     </span>
    </p>
   </div>
   <div class='ocr_carea' id='block_1_4' title="bbox 296 2943 2032 3152">
    <p class='ocr_par' dir='ltr' id='par_1_6' title="bbox 297 2943 2032 3045">
     <span class='ocr_line' id='line_1_46' title="bbox 297 2943 2032 2993; baseline -0.003 -11"><span class='ocrx_word' id='word_1_527' title='bbox 297 2948 361 2982; x_wconf 91' lang='lat' dir='ltr'>ubi</span> <span class='ocrx_word' id='word_1_528' title='bbox 378 2947 552 2984; x_wconf 85' lang='lat' dir='ltr'>ostendit.</span> <span class='ocrx_word' id='word_1_529' title='bbox 569 2959 636 2992; x_wconf 89' lang='lat' dir='ltr'>pro</span> <span class='ocrx_word' id='word_1_530' title='bbox 654 2947 786 2993; x_wconf 84' lang='lat' dir='ltr'>majori</span> <span class='ocrx_word' id='word_1_531' title='bbox 803 2948 864 2982; x_wconf 85' lang='lat' dir='ltr'>vel</span> <span class='ocrx_word' id='word_1_532' title='bbox 880 2947 1015 2983; x_wconf 87' lang='lat' dir='ltr'>minori</span> <span class='ocrx_word' id='word_1_533' title='bbox 1032 2946 1227 2981; x_wconf 87' lang='lat' dir='ltr'>hominum</span> <span class='ocrx_word' id='word_1_534' title='bbox 1245 2958 1329 2982; x_wconf 90' lang='lat' dir='ltr'>cum</span> <span class='ocrx_word' id='word_1_535' title='bbox 1348 2946 1492 2981; x_wconf 88' lang='lat' dir='ltr'>Christo</span> <span class='ocrx_word' id='word_1_536' title='bbox 1507 2946 1774 2991; x_wconf 84' lang='lat' dir='ltr'>conjunctione,</span> <span class='ocrx_word' id='word_1_537' title='bbox 1793 2954 1857 2989; x_wconf 87' lang='lat' dir='ltr'>pro</span> <span class='ocrx_word' id='word_1_538' title='bbox 1872 2943 2032 2977; x_wconf 77' lang='lat' dir='ltr'>uberiori</span> 
     </span>
     <span class='ocr_line' id='line_1_47' title="bbox 297 2999 1699 3045; baseline -0.002 -10"><span class='ocrx_word' id='word_1_539' title='bbox 297 3000 356 3035; x_wconf 80' lang='lat' dir='ltr'>vel</span> <span class='ocrx_word' id='word_1_540' title='bbox 372 3000 532 3034; x_wconf 88' lang='lat' dir='ltr'>tenuiori</span> <span class='ocrx_word' id='word_1_541' title='bbox 550 3000 667 3045; x_wconf 80' lang='lat' dir='ltr'>ipsius</span> <span class='ocrx_word' id='word_1_542' title='bbox 684 3001 724 3034; x_wconf 77' lang='lat' dir='ltr'>in</span> <span class='ocrx_word' id='word_1_543' title='bbox 741 3011 801 3035; x_wconf 86' lang='lat' dir='ltr'>eos</span> <span class='ocrx_word' id='word_1_544' title='bbox 819 3000 970 3039; x_wconf 72' lang='lat' dir='ltr'>influxu,</span> <span class='ocrx_word' id='word_1_545' title='bbox 989 3000 1206 3044; x_wconf 84' lang='lat' dir='ltr'>pauciorum</span> <span class='ocrx_word' id='word_1_546' title='bbox 1226 3000 1284 3034; x_wconf 86' lang='lat' dir='ltr'>vel</span> <span class='ocrx_word' id='word_1_547' title='bbox 1302 3000 1467 3045; x_wconf 88' lang='lat' dir='ltr'>plurium</span> <span class='ocrx_word' id='word_1_548' title='bbox 1484 3010 1560 3034; x_wconf 90' lang='lat' dir='ltr'>esse</span> <span class='ocrx_word' id='word_1_549' title='bbox 1579 2999 1699 3044; x_wconf 85' lang='lat' dir='ltr'>caput.</span> 
     </span>
    </p>

    <p class='ocr_par' dir='ltr' id='par_1_7' title="bbox 296 3049 2029 3152">
     <span class='ocr_line' id='line_1_48' title="bbox 444 3049 2029 3099; baseline -0.003 -12"><span class='ocrx_word' id='word_1_550' title='bbox 444 3053 468 3099; x_wconf 91' lang='lat'>¹)</span> <span class='ocrx_word' id='word_1_551' title='bbox 487 3054 698 3089; x_wconf 84' lang='lat' dir='ltr'>Relectione</span> <span class='ocrx_word' id='word_1_552' title='bbox 715 3054 831 3099; x_wconf 87' lang='lat' dir='ltr'>princ.</span> <span class='ocrx_word' id='word_1_553' title='bbox 851 3053 1115 3088; x_wconf 84' lang='lat' dir='ltr'>doctrinalium</span> <span class='ocrx_word' id='word_1_554' title='bbox 1131 3053 1215 3087; x_wconf 88' lang='lat' dir='ltr'>fidei</span> <span class='ocrx_word' id='word_1_555' title='bbox 1234 3055 1348 3088; x_wconf 86' lang='lat' dir='ltr'>contr.</span> <span class='ocrx_word' id='word_1_556' title='bbox 1374 3057 1385 3087; x_wconf 95' lang='lat'><em>1</em></span> <span class='ocrx_word' id='word_1_557' title='bbox 1407 3066 1441 3098; x_wconf 90' lang='lat' dir='ltr'>q.</span> <span class='ocrx_word' id='word_1_558' title='bbox 1461 3056 1481 3087; x_wconf 88' lang='lat'>2</span> <span class='ocrx_word' id='word_1_559' title='bbox 1501 3064 1532 3087; x_wconf 87' lang='lat' dir='ltr'>a.</span> <span class='ocrx_word' id='word_1_560' title='bbox 1554 3056 1585 3087; x_wconf 96' lang='lat' dir='ltr'>l.</span> <span class='ocrx_word' id='word_1_561' title='bbox 1614 3052 1665 3088; x_wconf 82' lang='lat' dir='ltr'>Cf.</span> <span class='ocrx_word' id='word_1_562' title='bbox 1686 3052 1712 3085; x_wconf 87' lang='lat' dir='ltr'><strong>F</strong></span> <span class='ocrx_word' id='word_1_563' title='bbox 1724 3063 1743 3086; x_wconf 95' lang='lat' dir='ltr'>o</span> <span class='ocrx_word' id='word_1_564' title='bbox 1757 3053 1904 3084; x_wconf 84' lang='lat' dir='ltr'>ntana</span> <span class='ocrx_word' id='word_1_565' title='bbox 1922 3049 2029 3083; x_wconf 74' lang='lat' dir='ltr'>Bulla</span> 
     </span>
     <span class='ocr_line' id='line_1_49' title="bbox 296 3105 1775 3152; baseline -0.003 -11"><span class='ocrx_word' id='word_1_566' title='bbox 296 3106 544 3151; x_wconf 80' lang='lat' dir='ltr'>‚Unigenitus‘</span> <span class='ocrx_word' id='word_1_567' title='bbox 562 3106 770 3152; x_wconf 87' lang='lat' dir='ltr'>theologice</span> <span class='ocrx_word' id='word_1_568' title='bbox 789 3110 1021 3152; x_wconf 84' lang='lat' dir='ltr'>propugnata</span> <span class='ocrx_word' id='word_1_569' title='bbox 1039 3107 1089 3142; x_wconf 85' lang='lat'>111</span> <span class='ocrx_word' id='word_1_570' title='bbox 1108 3117 1210 3152; x_wconf 86' lang='lat' dir='ltr'>prop.</span> <span class='ocrx_word' id='word_1_571' title='bbox 1230 3107 1275 3141; x_wconf 80' lang='lat'>72</span> <span class='ocrx_word' id='word_1_572' title='bbox 1295 3119 1320 3141; x_wconf 90' lang='lat' dir='ltr'>s.</span> <span class='ocrx_word' id='word_1_573' title='bbox 1336 3121 1342 3147; x_wconf 87' lang='lat'><strong>;</strong></span> <span class='ocrx_word' id='word_1_574' title='bbox 1362 3107 1420 3141; x_wconf 85' lang='lat' dir='ltr'>Pa</span> <span class='ocrx_word' id='word_1_575' title='bbox 1432 3119 1474 3141; x_wconf 86' lang='lat' dir='ltr'>ss</span> <span class='ocrx_word' id='word_1_576' title='bbox 1486 3106 1620 3151; x_wconf 83' lang='lat' dir='ltr'>aglia</span> <span class='ocrx_word' id='word_1_577' title='bbox 1640 3105 1699 3147; x_wconf 76' lang='lat' dir='ltr'>HI,</span> <span class='ocrx_word' id='word_1_578' title='bbox 1720 3108 1775 3140; x_wconf 83' lang='lat'>30.</span> 
     </span>
    </p>
   </div>
  </div>
 </body>
</html>
