2175 3382
1000 124 1185 158 libertate.
1873 129 1961 170 493

228 242 486 296 prohibetur,
509 242 746 292 damnatur,
772 242 953 294 punitur.
996 240 1052 282 Cf.
1084 242 1205 282 Rom.
1236 246 1275 290 4,
1309 245 1346 286 3.
1379 244 1436 287 20
1467 256 1541 291 ss.;
1579 246 1642 291 1Ο,
1675 247 1700 287 9
1723 256 1798 292 ss.;
1831 242 1893 284 Jo.
1917 247 1955 293 3,

232 317 284 358 15
307 327 381 361 ss;
408 317 472 363 16,
494 317 573 364 27;
596 312 721 354 Marc.
749 316 812 362 16,
838 315 912 361 16;
935 312 1057 356 Eccli.
1080 317 1120 361 2,
1144 316 1299 357 8—10.
1342 312 1468 366 Atqui
1492 318 1782 366 praeceptum,
1805 326 1956 366 poena,

227 384 463 437 praemium
488 389 565 428 etc.
589 388 833 436 supponunt
853 383 1103 424 libertatem.
1146 382 1291 435 Neque
1314 383 1397 423 alia
1422 388 1485 424 est

345 467 387 511 2.
421 470 587 519 patrum
623 466 929 518 universaeque
964 465 1136 506 scholae
1170 465 1374 508 doctrina,
1427 464 1676 517 Speciminis
1709 468 1844 518 gratia
1875 468 1961 508 sint

227 538 334 579 haec
354 537 572 579 Irenaei
593 536 658 586 IV,
682 540 767 581 62:
797 535 914 587 „Non
936 541 1102 578 tantum
1124 537 1166 577 in
1189 536 1401 589 operibus,
1423 537 1498 577 sed
1521 537 1649 578 etiam
1672 538 1714 577 in
1738 537 1831 587 fide,
1854 538 1959 579 libe-

226 620 320 650 rum
352 612 394 649 et
424 620 528 649 suae
560 608 781 661 potestatis
804 607 1024 649 arbitrium
1045 608 1229 649 hominis
1251 608 1435 649 servavit
1456 608 1660 649 Dominus
1684 608 1848 649 dicens:
1883 609 1958 650 So-

226 679 406 719 cundum
433 679 556 732 fidem
588 684 702 720 tuam
731 679 807 731 fiat
837 679 911 719 tibi
932 678 1076 719 Matth.
1100 683 1139 728 9,
1170 682 1269 726 293‘⁶
1307 678 1646 730 Augustinus
1678 680 1719 719 in
1742 679 1804 720 Jo.
1828 684 1875 722 tr.
1900 682 1957 724 26

226 761 266 790 n.
288 753 334 794 2:
373 749 557 800 „Intrare
589 750 777 802 quisquis
807 750 850 790 in
880 748 1114 791 Ecclesiam
1144 754 1284 802 potest
1305 750 1466 798 nolens,
1498 750 1702 791 accedere
1735 750 1788 791 ad
1821 750 1954 791 altare

225 824 364 873 potest
394 821 554 871 nolens,
587 821 779 873 accipere
801 825 942 873 potest
963 825 1279 862 sacramentum
1302 821 1463 869 nolens,
1496 820 1670 861 credere
1702 833 1788 861 non
1819 825 1961 873 potest

225 891 306 932 nisi
320 891 466 932 volens
478 897 511 940 ;“
548 893 680 944 „quia
702 896 748 932 ut
761 892 971 932 rationem
985 891 1166 932 reddens
1180 891 1314 944 inquit
1328 892 1553 932 concilium
1568 891 1680 932 tolet.
1696 890 1760 932 IV.
1780 904 1869 944 cap.
1886 895 1957 941 55,

224 962 333 1003 sicut
362 962 492 1003 homo
523 963 696 1015 propria
726 962 888 1003 arbitrii
909 963 1126 1003 voluntate
1148 963 1333 1014 serpenti
1355 962 1564 1003 obediens
1595 963 1732 1014 periit,
1763 963 1823 1003 sic
1854 975 1956 1015 pro-

224 1033 342 1085 priae
364 1033 517 1074 mentis
540 1034 818 1074 conversione
841 1034 1017 1086 quisque
1040 1033 1250 1075 credendo
1275 1034 1505 1076 salvatur.“

343 1117 385 1159 3.
406 1115 524 1157 Fidei
544 1115 783 1157 libertatem
806 1120 985 1157 testatur
1006 1117 1071 1158 vel
1093 1118 1265 1169 propria
1287 1117 1558 1169 experientia.
1600 1116 1727 1157 Ratio
1759 1128 1859 1158 vero
1892 1122 1958 1158 est

342 1198 386 1241 4.
410 1198 523 1251 quod
544 1198 779 1240 intellectus
803 1199 856 1239 ad
879 1211 1101 1240 assensum
1122 1200 1285 1252 rapitur
1317 1204 1358 1240 et
1389 1199 1697 1240 determinatur
1729 1200 1821 1240 sola
1842 1200 1954 1240 veri-

225 1269 323 1309 tatis
345 1269 567 1313 evidentia.
610 1269 737 1323 Atqui
759 1270 1065 1311 demonstratio
1088 1271 1319 1311 christiana
1341 1282 1429 1311 non
1452 1270 1590 1311 reddit
1612 1271 1812 1312 veritates
1835 1282 1960 1311 reve-

224 1339 333 1381 latas
355 1340 585 1390 evidentes,
617 1352 755 1393 neque
778 1340 989 1382 evidentia
1013 1341 1198 1396 (proprie
1221 1345 1262 1382 et
1282 1353 1429 1393 presse
1452 1341 1582 1397 dicta)
1605 1342 1786 1390 interna,
1820 1353 1959 1393 neque

225 1415 412 1460 externa,
435 1413 627 1464 quamvis
649 1411 799 1452 reddat
819 1412 1125 1452 revelationem
1148 1411 1364 1453 evidenter
1387 1412 1631 1453 credibilem
1649 1411 1716 1467 (cf.
1730 1424 1768 1455 11.
1786 1415 1851 1456 96.
1868 1414 1957 1466 98).

225 1480 365 1532 Quare
386 1482 541 1534 poterit
562 1482 731 1534 quidem
755 1494 874 1523 mens
890 1482 1162 1523 determinari
1176 1483 1539 1524 demonstratione
1563 1482 1616 1523 ad
1634 1482 1851 1534 judicium,
1874 1483 1954 1523 has

224 1553 424 1594 veritates
446 1564 540 1594 esse
553 1553 782 1606 prudenter
795 1553 1027 1602 credibiles,
1051 1565 1145 1594 esse
1168 1553 1402 1594 credendas
1423 1555 1465 1609 1),
1489 1553 1671 1606 ideoque
1688 1553 1953 1594 voluntatem

223 1635 350 1676 posse
373 1628 415 1664 et
436 1624 565 1664 etiam
587 1623 742 1665 debere
762 1625 973 1676 imperare
995 1624 1223 1666 intellectui
1237 1636 1479 1665 assensum:
1504 1636 1591 1665 non
1612 1636 1715 1665 vero
1740 1624 1794 1664 ad
1815 1624 1953 1676 ipsum

224 1693 531 1735 determinatur
552 1707 785 1743 assensum,
819 1707 843 1736 a
875 1708 957 1748 quo
989 1695 1238 1748 imperando
1263 1695 1503 1736 retardatur
1535 1700 1575 1736 et
1607 1695 1954 1736 inevidentia

224 1765 496 1806 revelationis
519 1770 560 1806 et
582 1765 678 1806 obs
692 1767 930 1807 curitate
953 1767 1141 1820 mysterii
1156 1771 1198 1807 et
1219 1765 1560 1807 difficultate
1581 1767 1712 1818 ipsius
1727 1771 1846 1807 actus
1860 1766 1958 1807 fidei

226 1836 282 1891 (n.
304 1839 388 1881 481
408 1838 464 1892 3):
496 1837 607 1878 unde
637 1837 863 1890 requiritur
885 1837 1113 1879 voluntatis
1135 1838 1359 1890 imperium
1385 1842 1426 1878 et
1448 1838 1629 1890 energia,
1662 1842 1709 1878 ut
1739 1849 1860 1878 mens
1890 1837 1957 1877 his

223 1918 311 1947 non
342 1907 609 1948 obstantibus
639 1907 805 1948 firmum
833 1908 1031 1949 exhibeat
1052 1909 1301 1949 revelationi
1324 1919 1558 1949 assensum.
1602 1906 1659 1949 Cf.
1684 1907 1955 1959 Kleutgen

224 1988 264 2021 11.
290 1979 371 2022 126
395 1991 468 2019 ss.:
491 1978 795 2030 Denzinger
817 1978 860 2027 ΙΙ,
884 1981 968 2023 599
991 1992 1045 2021 ss.

346 2069 449 2104 477a
472 2060 703 2105 Scholion
725 2061 765 2104 Ῑ.
811 2064 1020 2109 Quaeritur
1043 2062 1083 2105 1.
1105 2077 1197 2102 num
1228 2078 1312 2102 cum
1347 2066 1531 2102 evidentia
1561 2062 1802 2102 revelationis
1833 2066 1954 2102 consi-

222 2126 319 2160 stere
347 2124 466 2171 possit
497 2124 651 2161 libertas
680 2124 776 2171 fidei.
810 2147 868 2151 —
888 2124 1093 2173 Negarunt
1123 2124 1162 2161 id
1185 2125 1317 2173 plures
1348 2124 1521 2173 theologi
1551 2136 1640 2161 cum
1672 2124 1719 2160 de
1741 2123 1875 2173 Lugo
1907 2123 1955 2161 de

224 2181 299 2219 fide
321 2182 356 2219 d.
383 2188 416 2222 2.
449 2195 485 2220 n.
512 2189 575 2224 78.
618 2183 874 2220 Praeferenda
903 2185 1036 2220 tamen
1057 2183 1216 2221 videtur
1246 2183 1412 2220 aliorum
1444 2183 1649 2227 sententia,
1683 2183 1751 2231 qui
1783 2185 1953 2227 censent,

224 2241 299 2278 etsi
319 2241 361 2278 in
382 2241 588 2290 hypothesi
610 2242 827 2279 evidentiae
848 2242 1138 2279 testificationis
1161 2254 1339 2279 assensus
1373 2242 1413 2279 in
1435 2242 1638 2279 veritatem
1661 2242 1874 2279 revelatam
1904 2243 1955 2279 sit

225 2300 564 2345 necessarius,
597 2301 761 2348 ideoque
792 2303 900 2338 actus
922 2313 1048 2349 neque
1079 2301 1179 2338 liber
1199 2314 1325 2350 neque
1347 2301 1585 2347 meritorius,
1609 2301 1699 2338 hinc
1721 2301 1950 2338 nullatenus

226 2361 336 2396 actus
357 2359 447 2396 fidei
471 2355 715 2413 salutaris2):
740 2360 866 2397 locum
890 2363 1023 2397 tamen
1044 2360 1217 2408 relinqui
1240 2360 1353 2397 alteri
1377 2359 1565 2405 assensui,
1597 2372 1673 2408 quo
1697 2360 1811 2397 homo
1834 2360 1958 2397 libere

225 2430 264 2455 se
286 2418 445 2466 subjicit
467 2418 692 2456 auctoritati
714 2419 785 2455 Dei
816 2419 1027 2456 revelantis
1059 2421 1099 2456 et
1129 2419 1358 2456 adhaesione
1389 2419 1646 2467 appretiative
1678 2431 1796 2467 super
1825 2418 1961 2456 omnia

225 2477 430 2514 veritatem
454 2477 663 2514 revelatam
686 2477 949 2526 amplectitur,
973 2479 1133 2526 paratus
1156 2490 1240 2515 eam
1262 2480 1394 2515 tenere
1418 2478 1534 2515 etiam
1558 2478 1642 2515 sine
1665 2478 1733 2515 illa
1748 2477 1959 2515 evidentia.

375 2609 399 2654 ¹)
418 2609 452 2644 S.
471 2609 499 2642 T
511 2609 535 2643 h
548 2619 568 2642 o
580 2621 616 2642 m
628 2620 675 2642 as
695 2613 725 2643 2.
746 2614 764 2643 2
785 2621 819 2653 q.
840 2613 858 2642 5
878 2620 908 2645 a.
925 2612 964 2642 2:
988 2608 1221 2648 ,Intellectus
1235 2609 1464 2644 convincitur
1474 2610 1519 2643 ad
1531 2610 1600 2644 hoc
1615 2609 1867 2655 quodjudicet
1881 2620 1958 2643 esse

228 2662 449 2696 credendum
469 2663 536 2704 his,
555 2673 648 2707 quae
667 2663 850 2704 dicuntur,
868 2662 953 2696 licet
971 2674 1044 2697 non
1063 2662 1304 2696 convincatur
1322 2674 1386 2707 per
1404 2663 1627 2698 evidentiam
1645 2663 1715 2702 rei;
1736 2664 1831 2698 sicut
1847 2664 1876 2697 si
1892 2664 1956 2698 ali-

229 2715 313 2759 quis
331 2716 512 2760 propheta
540 2716 822 2761 praenunciaret
848 2716 886 2749 in
914 2726 1077 2750 sermone
1094 2715 1241 2750 Domini
1268 2716 1411 2760 aliquid
1437 2717 1601 2750 futurum
1631 2719 1667 2751 et
1694 2717 1886 2751 adhiberet
1914 2717 1961 2751 si·

226 2780 350 2813 gnum,
371 2771 555 2804 mortuum
575 2769 797 2809 suscitando,
816 2780 859 2802 ex
876 2768 943 2803 hoc
963 2769 1067 2814 signo
1087 2769 1361 2803 convinceretur
1389 2768 1599 2804 intellectus
1626 2769 1797 2811 videntis,
1829 2772 1869 2803 ut
1900 2781 1958 2803 co·

225 2822 419 2866 gnosceret
435 2822 630 2856 manifesto
649 2822 718 2856 hoc
737 2823 810 2856 dici
831 2834 852 2856 a
870 2822 955 2864 Deo,
975 2822 1039 2866 qui
1056 2833 1129 2856 non
1147 2822 1334 2856 mentitur.
1346 2830 1359 2844 ¹

370 2878 395 2916 2)
415 2874 546 2908 Utrum
564 2875 626 2908 hic
644 2886 824 2914 assensus,
844 2876 888 2909 ad
909 2886 1016 2919 quem
1036 2886 1137 2909 mens
1154 2876 1192 2909 in
1210 2876 1407 2920 hypothesi
1427 2876 1634 2910 evidentiae
1648 2876 1882 2911 revelationis
1897 2886 1958 2909 ne-

229 2927 433 2968 cessitatur,
452 2928 626 2962 dicendus
646 2931 694 2963 sit
713 2940 880 2963 assensus
898 2929 966 2962 fid
981 2929 1023 2962 ei
1041 2940 1088 2963 an
1115 2941 1131 2963 s
1143 2940 1160 2963 c
1172 2930 1184 2963 i
1196 2941 1214 2963 e
1228 2931 1298 2963 nti
1312 2941 1372 2966 ae.
1392 2930 1462 2964 erit
1479 2930 1645 2973 quaestio
1664 2930 1707 2963 de
1725 2930 1884 2963 nomine.
1919 2928 1955 2962 Si

225 2980 360 3014 dicitur
377 2984 479 3015 actus
497 2981 593 3023 fidei,
612 2993 697 3016 sane
716 2983 806 3016 haec
824 2982 911 3016 fides
930 2982 1041 3027 plane
1059 2982 1133 3016 alia
1151 2985 1206 3016 est
1224 2983 1270 3016 ab
1289 2993 1342 3022 ea,
1362 2983 1406 3016 de
1425 2994 1497 3026 qua
1512 2983 1620 3017 modo
1640 2982 1835 3025 loquimur,
1853 2993 1873 3016 a
1887 2982 1959 3016 fide

226 3034 304 3068 scil.
323 3034 532 3075 christiana,
553 3033 680 3077 libera,
702 3036 902 3076 meritoria,
924 3035 1085 3070 salutari.
1121 3035 1215 3069 Hinc
1243 3047 1326 3070 mox
1346 3035 1537 3070 audiemus
1566 3048 1592 3070 s.
1620 3035 1682 3068 Th
1695 3047 1714 3069 o
1728 3047 1762 3068 m
1776 3046 1864 3079 am,
1893 3035 1961 3078 qui

225 3088 328 3129 dicit,
347 3089 471 3121 actum
489 3088 595 3121 illum
615 3099 636 3122 a
647 3099 665 3123 e
677 3101 700 3133 q
711 3089 758 3123 ui
771 3102 790 3124 v
803 3100 822 3122 O
836 3100 853 3122 c
865 3099 883 3122 e
902 3089 1081 3133 appellari
1098 3089 1217 3123 fidem.
