2175 3382
832 89 885 124 De
904 102 929 124 s,
949 91 1159 136 Scripturae
1178 92 1346 125 lectione.
1868 97 1954 138 205

344 214 437 254 184.
461 210 523 251 De
545 225 574 254 8.
598 211 841 263 Scripturae
863 210 1039 252 lectione.
1061 236 1119 241 -—
1143 209 1247 250 Cum
1271 221 1369 262 ergo
1393 208 1635 262 Scripturae
1661 224 1702 255 a.
1727 212 1784 252 ita
1809 211 1952 252 clarae
1975 172 2175 258 W

221 294 308 323 non
323 282 416 330 sint,
432 286 476 322 ut
490 283 718 334 interprete
736 293 823 322 non
843 285 987 332 egant3
1011 293 1107 321 cum
1130 281 1307 321 eaedem
1330 282 1376 324 b.
1401 293 1608 332 organum
1623 281 1819 322 divinitus
1833 281 1953 322 insti·
1964 257 2063 287 μυ

222 357 357 394 tutum
372 352 426 394 ad
440 352 760 407 propa-gandam
773 351 898 403 fidem
913 356 954 392 et
969 352 1011 392 in
1025 351 1212 402 singulos
1224 350 1498 399 derivandam
1512 364 1598 392 non
1609 353 1691 392 sint
1704 352 1776 406 (th.
1788 351 1953 407 XXlll):
1985 352 2038 386 m·
2054 332 2087 380 if

221 436 317 464 curn
341 436 380 467 c.
404 435 549 464 earum
565 422 838 474 intelligentia
860 422 913 462 ab
929 421 1117 462 Ecclesia
1139 422 1192 462 sit
1213 421 1408 474 petenda,
1431 421 1623 474 adeoque
1639 434 1788 463 omnes
1810 422 1955 463 fideles

221 495 275 535 ab
299 507 373 536 ore
385 494 599 568 Efflae
621 493 807 546 pendere
830 492 966 534 debea
999 497 1035 539 t;
1059 505 1155 533 cum
1179 493 1223 536 d.
1246 492 1392 533 nullibi
1414 497 1549 533 exstet
1570 499 1843 545 praeceptum
1866 495 1954 535 sive
1966 503 2135 559 ww?
2171 509 2175 517 ·

221 546 414 606 divinum*
429 566 517 606 sive
542 545 893 617 apostolicum&q
927 575 951 604 o
997 563 1127 604 ideles
1159 575 1308 604 omnes
1340 563 1465 604 etiam
1499 564 1625 604 rudes
1657 564 1733 604 sub
1766 525 2175 661 periculowfflff

221 636 480 677 amittendae
513 635 658 676 salutis
689 634 1007 687 obstringamur
1042 634 1096 675 ad
1128 647 1182 676 ss,
1213 632 1351 686 Script
1405 646 1527 674 arum
1569 633 1815 683 lectionem;
1858 648 1952 676 cum
1976 609 2083 688 οἶδ’)

220 706 402 760 denique
425 720 465 750 e.
489 705 683 746 fidelibus
707 705 925 757 multiplici
947 704 1030 746 alia
1052 705 1218 745 ratione
1233 646 1554 756 corigiiffpossit,
1577 709 1621 745 ut
1644 705 1821 757 potiora,
1844 718 1953 758 quae
1967 699 2074 753 W
2089 699 2175 738 mu!

220 778 370 818 divinis
388 777 518 818 literis
532 777 814 826 continentur,
838 781 1118 829 cognoscant:
1142 776 1413 817 manifestum
1436 780 1510 824 est,
1528 776 1634 828 juris
1657 780 1698 816 et
1720 749 2008 828 potestatisf)
2026 755 2175 795 m

219 860 387 890 necnon
410 848 596 889 muneris
618 847 830 888 Ecclesiae
854 859 958 895 esse,
992 847 1217 888 lectionem
1240 860 1293 887 ss.
1317 845 1642 898 Scripturarum,
1675 847 1788 899 quod
1811 846 1954 888 fideles
1977 882 1997 913 7
2021 859 2175 910 W

218 924 392 972 spectat,
434 918 734 967 moderari,
777 919 862 959 imo
896 918 1024 959 etiam
1055 930 1131 970 pro
1164 922 1404 969 temporum
1435 913 2082 980 locorumque-adjunctisw
2108 910 2175 984 λι

218 991 481 1041 restringere,
504 989 610 1030 Hinc
633 1001 729 1030 cum
744 989 889 1041 primis
903 988 1116 1029 Ecclesiae
1132 988 1396 1040 temporibus
1418 1000 1505 1028 non
1527 992 1692 1028 tantum
1715 988 1954 1028 immineret
1970 991 2067 1025 wc*
2084 963 2133 1001 Ἀ

218 1061 451 1114 periculum
474 1072 525 1101 ex
548 1074 578 1101 s.
602 1059 845 1112 Scripturae
867 1059 1061 1108 lectione,
1093 1059 1250 1100 nullam
1284 1059 1468 1111 reperies
1499 1071 1574 1111 per
1607 1070 1689 1101 sec,
1721 1059 1872 1099 saltem
1901 1038 2129 1156 ῙΞὲἴὲθκ

217 1130 546 1184 prohibitionem
568 1131 865 1172 universalem.
909 1129 1056 1171 Merito
1080 1142 1180 1170 vero
1205 1130 1391 1171 Ecclesia
1421 1142 1500 1171 usa
1534 1135 1598 1171 est
1630 1141 1712 1170 sec.
1735 1129 1838 1172 XVI.
1858 1124 1996 1190 jure&
2056 1082 2175 1152 “M

218 1214 307 1245 suo.
349 1200 454 1243 Cum
478 1203 589 1243 enim
614 1201 736 1254 hujus
759 1201 962 1253 temporis
984 1201 1188 1242 haeretici
1210 1201 1238 1257 1)
1262 1202 1420 1253 passim
1444 1200 1685 1253 Scripturas
1716 1201 1758 1240 in
1789 1200 1953 1252 linguas
2064 1198 2073 1203 ”
2128 1238 2175 1270 ψ

218 1273 470 1314 vernaculas
492 1277 720 1321 verterent,
743 1277 784 1313 et
805 1273 848 1312 in
869 1272 1073 1313 vertendo
1097 1272 1275 1313 subinde
1298 1273 1424 1313 etiam
1441 1275 1731 1325 perverterent
1745 1253 1987 1311 addendo.⁹‘
2023 1250 2127 1317 22⁸2,

218 1343 522 1392 subtrahendo,
544 1343 808 1384 immutando
832 1355 908 1395 pro
931 1343 1077 1390 lubitu.
1109 1347 1153 1383 ut
1186 1354 1259 1383 eas
1291 1342 1345 1383 ad
1377 1355 1453 1383 sua
1484 1342 1703 1383 traherent
1733 1341 1932 1392 dogmata
1944 1288 2175 1411 W&

218 1426 315 1455 cum
346 1427 397 1456 eo
429 1419 622 1466 tempore
653 1415 839 1466 pruritus
861 1414 1064 1454 invaserit
1086 1425 1247 1463 omnes,
1282 1413 1407 1454 rudes
1443 1425 1611 1466 quoque
1646 1417 1687 1453 et
1721 1401 2175 1464 imperitosuwflww

218 1485 460 1537 disputandi
482 1485 534 1525 de
556 1484 649 1534 fide,
672 1483 912 1537 Scripturas
926 1485 1160 1525 secundum
1174 1485 1368 1537 proprias
1384 1485 1606 1536 opiniones
1629 1483 1953 1535 interpretandi:

217 1555 404 1598 Ecclesia
427 1557 595 1598 nonnisi
617 1558 758 1609 inepte
791 1560 832 1597 et
862 1557 1054 1609 imperite
1088 1556 1287 1608 arguitur,
1319 1555 1432 1608 quod
1455 1568 1530 1607 pro
1556 1566 1730 1595 munere
1753 1566 1830 1594 suo
1853 1528 2175 1649 pro-W

215 1627 400 1669 hibuerit
422 1629 464 1669 in
487 1630 711 1671 utilitatem
734 1629 920 1670 fidelium
943 1642 1029 1669 non
1051 1629 1278 1669 lectionem
1300 1628 1495 1679 vulgatae
1518 1627 1688 1675 latinae⁷
1712 1625 1786 1666 sed
1809 1609 2175 1690 ΞοιἿρωΝ,

217 1703 338 1740 turae
368 1700 411 1740 in
442 1700 582 1753 lingua
617 1700 939 1749 vernacula,
972 1711 1150 1752 eamque
1182 1711 1269 1740 non
1292 1698 1496 1746 absolute,
1529 1697 1603 1738 sed
1635 1709 1732 1738 cum
1763 1708 1950 1748 congrua

216 1770 484 1811 restrictione
501 1773 556 1826 2):
580 1783 716 1824 eoque
739 1772 877 1812 minus
901 1771 1019 1822 argui
1039 1775 1189 1823 potest,
1214 1769 1325 1822 quod
1341 1769 1567 1810 concilium
1590 1768 1698 1809 trid
1711 1768 1982 1824 entinumg
2002 1780 2068 1808 w
2092 1756 2175 1798 ΜΨ

1923 1805 2175 1881 radulfi*

366 1938 387 1976 ¹)
407 1935 474 1968 Pro
493 1946 593 1969 more
612 1945 737 1969 eorum
757 1936 876 1975 solito,
895 1946 1004 1979 quem
1024 1935 1170 1979 egregie
1191 1935 1403 1968 describunt
1425 1933 1452 1966 T
1465 1944 1482 1967 e
1494 1936 1535 1967 rt
1549 1933 1707 1967 ullian
1721 1945 1771 1966 us
1790 1933 1833 1966 de
1852 1942 1954 1976 prae-

217 1987 342 2031 script.
360 2000 394 2023 n.
417 1990 458 2022 17
478 1989 515 2021 et
533 1988 624 2022 Vin
637 2000 654 2022 c
668 1998 686 2022 e
698 2000 719 2022 n
733 1989 807 2022 tiu
820 2000 834 2022 s
851 1987 910 2022 lir.
926 1988 1137 2022 commonit.
1158 1998 1186 2021 c.
1209 1991 1249 2021 15
1269 1999 1294 2021 s.
1315 1998 1438 2032 opusc.
1457 1986 1518 2020 IX.

359 2044 384 2082 2)
402 2040 547 2087 Regula
562 2041 623 2076 IV.
643 2041 797 2082 Jndicis,
817 2052 911 2086 quae
928 2052 1002 2076 non
1020 2042 1189 2076 absolute
1207 2041 1441 2086 prohibebat,
1470 2041 1531 2075 sed
1550 2040 1703 2074 cautelis
1721 2039 1953 2083 temperabat

215 2105 242 2128 s.
271 2093 483 2139 Scripturae
509 2095 702 2130 lectionem
731 2096 814 2140 plus
842 2096 960 2129 adhuc
987 2095 1182 2140 mitigatur
1209 2095 1355 2129 decreto
1383 2106 1409 2131 s.
1439 2093 1736 2138 congregationis
1764 2093 1953 2126 Indicis

218 2150 270 2183 13.
281 2148 365 2182 Jun.
382 2149 490 2184 1757:
513 2148 571 2188 ,Si
590 2148 800 2194 hujusmodi
811 2148 1017 2183 Bibliorum
1034 2149 1218 2183 versiones
1233 2148 1377 2193 vulgari
1391 2148 1520 2192 lingua
1535 2147 1671 2181 fuerint
1690 2147 1736 2180 ab
1751 2147 1951 2191 apostolica

215 2202 299 2235 sede
318 2203 544 2247 approbatae
563 2203 628 2236 aut
646 2203 766 2236 editae
785 2213 867 2236 cum
885 2203 1190 2237 annotationibus
1209 2203 1414 2247 desumptis
1429 2213 1472 2236 ex
1487 2201 1622 2235 sanctis
1641 2199 1822 2234 Ecclesiae
1840 2200 1952 2244 patri-

213 2255 281 2289 bus
300 2256 359 2289 vel
376 2265 420 2290 ex
438 2255 555 2289 doctis
574 2256 838 2299 catholicisque
857 2256 955 2297 viris,
976 2256 1234 2291 conceduntur.
1246 2264 1257 2277 <³
1290 2255 1407 2296 Quam
1426 2254 1651 2288 sanctionem
1670 2264 1802 2298 parum
1821 2253 1951 2287 immu-

214 2308 331 2341 tatam
350 2309 405 2342 ita
422 2309 597 2342 enunciat
614 2308 684 2342 Leo
703 2308 787 2342 XIII
801 2309 840 2342 in
855 2320 920 2342 sua
935 2311 1047 2343 const.
1064 2310 1182 2353 apost.
1198 2309 1241 2342 de
1256 2308 1505 2353 prohibitione
1521 2308 1558 2341 et
1575 2318 1727 2341 censura
1749 2306 1787 2340 ll.
1803 2310 1857 2341 25.
1869 2307 1951 2340 Jan.

216 2361 325 2395 1897:
350 2361 564 2400 ,Versiones
583 2371 708 2396 omnes
727 2369 784 2402 (ss.
803 2362 1021 2408 Bibliorum)
1050 2362 1088 2396 in
1114 2362 1244 2407 lingua
1262 2361 1465 2399 vernacula,
1484 2361 1597 2394 etiam
1615 2371 1636 2393 a
1654 2359 1741 2393 viris
1761 2360 1950 2393 catholicis

214 2414 411 2454 confectae,
429 2415 578 2449 omnino
594 2415 850 2459 prohibentur,
864 2415 935 2448 nisi
950 2415 1088 2448 fuerint
1106 2416 1153 2448 ab
1168 2414 1371 2459 apostolica
1390 2414 1481 2447 Sede
1498 2412 1737 2457 approbatae,
1752 2414 1815 2445 aut
1832 2411 1952 2446 editae

216 2467 283 2500 sub
301 2467 499 2512 vigilantia
518 2468 774 2512 episcoporum
803 2480 885 2502 cum
903 2467 1206 2502 adnotationibus
1224 2467 1427 2511 desumptis
1455 2476 1496 2500 ex
1516 2477 1560 2499 ss.
1583 2465 1766 2499 Ecclesiae
1784 2465 1950 2508 patribus

214 2521 326 2564 atque
353 2531 396 2555 ex
424 2521 541 2555 doctis
571 2520 835 2564 catholicisque
863 2520 1114 2564 scriptoribus.
1126 2528 1138 2541 ¹
1175 2520 1342 2554 Ceterum
1373 2520 1418 2553 ab
1449 2520 1598 2553 inventa
1627 2518 1878 2563 typographia
1906 2518 1949 2551 ad

214 2584 245 2610 a.
267 2577 356 2609 1500
374 2573 591 2618 prodierunt
610 2575 656 2608 ad
678 2578 743 2610 100
761 2574 947 2619 Vulgatae
967 2573 1154 2614 editiones,
1175 2574 1211 2606 et
1228 2584 1344 2616 usque
1365 2574 1410 2606 ad
1430 2573 1630 2606 Lutherum
1648 2572 1672 2605 i.
1692 2582 1721 2607 e.
1742 2571 1887 2604 circiter
1905 2573 1951 2606 70

215 2637 392 2660 annorum
412 2626 532 2671 spatio
549 2630 619 2661 800
637 2638 758 2662 sacrae
776 2627 984 2671 Scripturae
1004 2626 1185 2661 editiones
1213 2627 1288 2660 sive
1316 2625 1449 2659 totales
1479 2626 1554 2659 sive
1572 2624 1758 2669 partiales,
1779 2625 1815 2658 et
1834 2636 1862 2657 c.
1883 2627 1949 2658 200

214 2679 393 2714 editiones
410 2679 449 2714 in
466 2679 603 2725 linguis
622 2681 829 2715 vernaculis
848 2684 879 2720 [e
898 2680 1034 2723 quibus
1053 2679 1186 2713 saltem
1205 2682 1248 2713 20
1276 2677 1405 2723 lingua
1422 2678 1642 2724 germanica,
1672 2677 1717 2711 cf.
1738 2677 1806 2710 Lit.
1826 2676 1947 2710 Hand-

214 2733 342 2766 weiser
360 2735 451 2767 1882
478 2744 507 2767 e.
532 2735 613 2768 166:
642 2733 808 2767 Jost-es
837 2733 896 2767 die
915 2732 1132 2766 Waldenser
1158 2732 1234 2765 und
1261 2732 1319 2765 die
1346 2731 1505 2766 vorluth.
1534 2730 1949 2773 Bibeliibersetzungen.

214 2784 564 2828 Monasterii1885)‚
593 2796 634 2820 eo
662 2785 738 2820 scil.
768 2788 942 2830 tempore,
971 2795 1042 2829 quo
1062 2786 1226 2820 Ecclesia
1253 2786 1390 2829 ubique
1417 2783 1688 2818 dominabatur.
1727 2783 1853 2826 ltaque
1873 2793 1945 2815 non

214 2837 376 2872 Ecclesia
392 2838 560 2873 fidelibus
579 2839 766 2873 subtrahit
784 2852 809 2873 s.
830 2839 1048 2883 Scripturas,
1076 2838 1138 2872 sed
1164 2838 1338 2872 haeretici
1368 2843 1507 2882 cogunt
1525 2836 1736 2871 Ecclesiam.
1756 2838 1795 2869 ut
1814 2835 1852 2868 in
1871 2845 1947 2878 per-

215 2891 399 2925 mittenda
415 2891 586 2926 fidelibus
605 2902 732 2927 earum
751 2893 906 2927 lectione
935 2893 984 2925 sit
1011 2894 1173 2933 cauta,
1205 2904 1249 2927 ne
1278 2891 1403 2926 fideles
1432 2902 1497 2936 pro
1516 2890 1627 2925 verbo
1647 2889 1713 2923 Dei
1731 2888 1855 2933 legant
1875 2888 1945 2921 edi-

212 2947 333 2979 tiones
350 2945 397 2979 ab
414 2945 610 2980 haereticis
627 2946 710 2990 plus
725 2947 846 2980 minus
861 2946 1087 2985 immutatas,
1106 2947 1144 2978 et
1160 2945 1311 2979 illorum
1326 2945 1473 2978 licentia
1490 2944 1630 2977 seducti
1645 2952 1709 2986 pro
1725 2940 1847 2974 lubitu
1863 2940 1946 2972 illas

213 2999 514 3043 interpretentur.
547 2998 598 3034 Cf.
619 2999 644 3032 P
657 3010 762 3033 erro
775 3012 798 3033 n
810 3010 828 3033 e
847 3009 926 3043 cap.
947 3003 982 3036 5;
1012 2997 1034 3032 S
1047 2999 1101 3032 ch
1113 3009 1131 3032 e
1144 3010 1161 3032 e
1174 2999 1196 3032 b
1209 3009 1226 3032 e
1238 2997 1486 3043 n§19;Sch
1500 2997 1556 3029 mi
1570 2995 1593 3029 cl
1612 2995 1681 3028 KL.
1700 2993 1743 3033 Π,
1762 2995 1919 3029 679—91
1935 3007 1941 3030 2

218 3054 324 3089 1394:
344 3052 382 3085 in
401 3052 529 3096 primis
546 3054 639 3086 Arn
652 3053 701 3086 dt
719 3053 757 3085 in
776 3054 968 3086 comment.
989 3051 1033 3085 de
1052 3050 1156 3086 libris
1171 3052 1368 3097 prohibitis
1387 3063 1421 3086 n.
1441 3053 1505 3085 109
1518 3061 1583 3085 ss.;
1604 3047 1825 3081 Ratisbonae
1844 3047 1944 3081 1895.
