2175 3382
502 124 680 170 probatur
697 135 740 159 ex
758 135 866 159 sensu
883 125 1086 159 theoretico
1105 126 1142 159 et
1159 126 1322 170 practico
1341 127 1587 171 antiquitatis.
1817 134 1904 176 439

175 248 355 286 veritatis
377 249 416 285 et
436 247 600 285 fulcitur
620 247 837 284 munimine
859 247 1142 287 auctoritatis.<K
1166 269 1224 274 -
1247 248 1462 285 Consulum
1486 249 1722 292 „Columbus
1756 250 1904 299 primae

177 307 280 345 sedis
302 307 505 356 episcopus
528 306 678 344 concilii
700 306 908 343 Numidiae
931 307 969 342 et
991 305 1213 354 Stephanus
1236 307 1382 354 primae
1406 307 1508 344 sedis
1530 309 1734 357 episcopus
1749 309 1904 347 concilii

174 366 358 415 byzaceni
372 367 411 403 et
425 365 640 414 Reparatus
662 365 810 413 primae
834 364 936 402 sedis
958 376 1015 412 ep.
1040 365 1194 402 concilii
1208 365 1466 402 Mauritaniae
1492 369 1531 403 et
1545 368 1718 405 universi
1732 369 1904 417 episcopi

175 425 222 462 de
243 425 372 462 tribus
403 424 574 462 conciliis
604 423 812 461 antedictis
844 423 1032 460 africanae
1062 423 1312 472 provinciae‘
1336 424 1580 462 Theodorum
1611 423 1651 477 (†
1675 425 1775 478 640)
1808 440 1903 476 „pa-

174 486 277 521 trem
296 485 453 532 patrum
475 486 514 520 et
540 494 738 519 summum
769 482 941 519 omnium
973 482 1201 530 praesulum
1231 483 1492 531 pontificem<<
1539 483 1692 527 Quare?
1723 486 1826 533 quia,
1859 491 1904 523 ut

174 543 304 591 ajunt,
342 554 528 591 magnum
562 543 601 578 et
633 540 922 578 indeficientem
957 541 1136 578 omnibus
1171 541 1396 578 christianis
1439 542 1585 579 fluenta
1618 544 1903 581 redundantem

175 602 279 650 apud
301 601 549 649 apostolicam
573 600 701 637 sedem
724 600 932 637 consistere
953 600 1100 637 fontem
1133 601 1267 637 nullus
1289 601 1485 650 ambigere
1515 602 1650 649 possit,
1683 602 1827 650 dequo
1850 605 1903 640 ri-

174 661 258 698 vuli
279 660 473 708 prodeunt
495 658 701 696 affluenter
721 659 951 695 universum
972 658 1192 708 largissime
1213 659 1421 708 irrigantes
1444 660 1575 697 orbem
1590 661 1901 703 christianorum,

174 719 236 756 cui
258 719 376 756 etiam
397 719 438 755 in
460 719 605 755 honore
636 717 852 754 beat-issimi
874 717 981 754 Petri
1012 720 1169 766 patrum
1200 717 1358 755 decreta
1388 720 1621 766 peculiarem
1654 732 1808 756 omnem
1839 722 1903 757 de-

175 790 328 815 crevere
349 777 604 814 reverentiam
628 777 669 813 in
690 777 935 824 requirendis
958 776 1028 813 Dei
1048 777 1177 819 rebus,
1202 789 1300 825 quae
1322 777 1481 814 omnino
1503 780 1542 815 et
1565 779 1732 815 sollicite
1747 779 1901 819 debent.

173 836 337 874 maxime
358 849 451 874 vero
467 836 653 884 just-eque
676 836 723 872 ab
745 836 830 884 ipso
860 836 1088 884 praesulum
1120 836 1331 873 examinari
1361 837 1505 874 vertice
1537 838 1760 883 aposcolico.
1795 840 1904 886 cujus

172 897 329 933 vetusta
351 895 574 932 sollicitudo
597 897 657 931 est
678 898 756 931 tam
778 895 879 933 mala
902 894 1098 939 damnare,
1131 907 1248 943 quam
1276 895 1439 943 probare
1470 896 1675 933 laudanda.
1718 898 1902 944 Antiquis

173 954 276 991 enim
296 949 444 1003 regulis
466 953 658 990 sancitum
681 956 752 997 est,
775 957 822 990 ut
843 954 1035 1002 quidquid
1057 955 1235 1002 quamvis
1258 955 1320 991 vel
1342 955 1382 991 in
1404 955 1632 1003 longinquis
1654 956 1792 1004 positis
1815 969 1902 1005 age-

173 1015 284 1050 retur
304 1012 528 1061 provinciis,
564 1025 643 1049 non
664 1013 772 1061 prius
795 1013 1039 1050 tractandum
1062 1014 1125 1050 vel
1147 1013 1414 1062 accipiendum
1436 1013 1499 1058 sit,
1533 1014 1612 1051 nisi
1644 1015 1691 1051 ad
1724 1015 1903 1052 notitiam

172 1072 296 1108 almae
318 1071 419 1109 sedis
441 1076 592 1108 vestrae
615 1071 751 1109 fuisset
773 1071 997 1112 deductum.
1030 1074 1075 1109 ut
1111 1072 1227 1120 hujus
1250 1073 1481 1109 auctoritate
1498 1073 1606 1121 justa
1638 1085 1735 1121 quae
1767 1074 1904 1110 fuisset

173 1130 446 1179 pronunciatio
469 1130 702 1167 firmaretur.
736 1131 907 1178 indeque
939 1136 1139 1168 sumerent
1170 1133 1318 1168 ceterae
1350 1132 1533 1169 ecclesiae
1565 1132 1674 1169 velut
1705 1133 1751 1169 de
1782 1133 1903 1169 natali

174 1202 244 1227 suo
266 1189 371 1227 fonte
392 1189 697 1238 praedicationis
721 1190 933 1234 exordium,
967 1194 1006 1226 et
1028 1203 1096 1238 per
1117 1190 1288 1227 diversas
1310 1190 1438 1227 totius
1460 1191 1598 1227 mundi
1628 1192 1806 1241 regiones
1828 1205 1902 1239 pu-

172 1248 300 1286 ritatis
322 1249 569 1297 incorruptae
593 1252 774 1285 maneant
796 1249 885 1285 fidei
907 1253 1144 1286 sacramenta
1176 1250 1357 1286 salutis«
1400 1250 1487 1286 Huc
1518 1252 1665 1298 spectat
1696 1251 1904 1288 consilium

172 1307 363 1344 Theodori
386 1308 624 1344 Studitae
648 1304 688 1360 (i
713 1305 812 1360 826)
834 1308 858 1347 l.
886 1313 906 1346 2
940 1320 997 1356 ep.
1026 1314 1104 1348 129
1128 1308 1247 1346 Leoni
1279 1309 1480 1346 sacellario
1512 1309 1663 1346 datum:
1699 1309 1839 1354 »Q—iod
1871 1310 1904 1346 si

172 1367 264 1404 haec
286 1366 446 1403 minime
467 1367 605 1415 probet
626 1366 836 1415 imperator
858 1366 1102 1415 deflexstque,
1135 1370 1182 1404 ut
1213 1368 1296 1416 ipse
1319 1368 1384 1411 ait,
1418 1381 1439 1404 a
1471 1368 1633 1405 veritate
1658 1369 1902 1415 Nicephorus

171 1425 410 1473 patriarcha:
443 1425 636 1474 mittenda
657 1430 715 1462 est
736 1426 783 1462 ad
805 1438 1012 1462 romanum
1035 1424 1326 1478 (patriarcham)
1360 1439 1405 1463 ex
1426 1429 1593 1475 utraque
1616 1430 1725 1476 parte
1747 1428 1901 1476 legatio,

172 1486 212 1521 et
232 1484 323 1522 inde
345 1484 564 1532 accipienda
587 1485 782 1522 certitudo
806 1484 895 1522 fidei
916 1487 959 1524 τὸ
983 1484 1162 1538 ἀσφαλὲς
1183 1493 1253 1541 τῆς
1274 1488 1478 1531 πίστεως(

291 1566 388 1608 419.
411 1565 454 1606 2.
471 1563 682 1604 Cathedra
697 1563 809 1605 Petri
823 1563 1061 1604 habebatur
1084 1570 1331 1605 centrum
1352 1565 1525 1605 unitatis
1548 1565 1643 1606 fidei
1664 1564 1729 1619 (cf.
1746 1578 1783 1607 n.
1802 1565 1902 1620 394)

172 1639 214 1674 et
243 1647 392 1675 norm
408 1647 433 1674 a
463 1638 554 1674 tuta
587 1634 708 1674 orth
725 1634 970 1677 odoxiae.
1012 1634 1118 1674 Hinc
1143 1635 1212 1687 qui
1235 1636 1535 1676 communione
1553 1634 1810 1687 jungebatur
1832 1647 1903 1675 ro-

172 1717 300 1746 mano
316 1704 513 1758 pontifici,
536 1716 660 1745 verus
676 1705 929 1745 censebatur
943 1705 1176 1746 catholicus
1193 1706 1247 1761 (n.
1265 1708 1392 1761 307ss
1414 1707 1442 1746 ii
1465 1718 1577 1755 vero.
1600 1718 1779 1758 quorum
1801 1705 1904 1746 fides

172 1776 214 1816 in
230 1776 512 1828 suspicionem
528 1774 775 1822 vocabatur,
794 1775 905 1827 apud
920 1776 1031 1816 hanc
1046 1775 1190 1816 sedern
1206 1788 1384 1828 purgare
1400 1788 1444 1817 se
1460 1776 1702 1817 nitebantur
1716 1777 1769 1831 (n.
1788 1779 1903 1829 579).

173 1846 446 1899 ejusdemque
482 1845 836 1898 approbationem
872 1851 913 1886 et
946 1847 1291 1887 communionem
1327 1847 1573 1888 ambiebant
1596 1850 1638 1902 1).
1690 1846 1796 1886 Hinc
1831 1858 1902 1887 ro-

173 1917 289 1957 mani
310 1916 530 1969 pontifices
552 1915 648 1956 fidei
669 1915 873 1956 formulas
895 1915 1222 1956 subscribendas
1245 1916 1554 1971 proponebant,
1589 1929 1671 1969 quo
1699 1917 1902 1957 haeretici

171 1988 214 2028 in
227 1987 459 2028 Ecclesiam
483 1987 771 2038 reciperentur
791 1986 858 2027 vel
881 1986 932 2027 de
954 1987 1122 2028 haeresi
1144 1989 1328 2039 suspecti
1343 1987 1568 2028 orthodoxi
1583 1987 1841 2028 haberentur
1857 1990 1901 2042 2),

174 2057 425 2110 illorumque
469 2057 792 2098 constitutiones
834 2057 1014 2098 decretis
1057 2058 1332 2099 conciliorum
1375 2059 1746 2099 oecumenicorum
1785 2058 1902 2110 jungi

318 2185 340 2224 ¹)
360 2180 536 2221 Quocirca
554 2181 582 2215 G
595 2191 613 2214 e
624 2180 637 2214 l
649 2191 669 2214 a
682 2192 697 2214 s
708 2180 720 2214 i
731 2192 755 2214 u
767 2192 782 2213 s
801 2191 857 2225 ep.
877 2183 921 2215 27
939 2192 974 2215 n.
993 2184 1016 2214 4
1029 2181 1092 2221 ait,
1112 2184 1277 2215 constare
1292 2207 1304 2221 ,
1315 2192 1458 2226 semper
1473 2182 1693 2214 auctoritate
1708 2180 1802 2214 sedis
1814 2190 1901 2224 apo-

169 2232 320 2267 stolicae
338 2234 548 2279 hujusmodi
567 2245 740 2278 personas
759 2237 820 2268 aut
841 2234 1020 2268 discussas
1039 2235 1095 2268 vel
1115 2244 1191 2267 esse
1211 2238 1396 2279 purgatas,
1426 2238 1489 2268 aut
1509 2235 1559 2267 sic
1578 2234 1624 2267 ab
1644 2233 1737 2268 aliis.
1766 2233 1901 2276 quibus

171 2289 411 2332 competebat.
431 2288 620 2332 episcopos
639 2288 839 2323 absolutas.
859 2289 899 2322 ut
916 2289 1043 2322 tamen
1063 2288 1245 2323 absolutio
1267 2299 1392 2322 earum
1412 2299 1453 2322 ex
1469 2288 1564 2321 sedis
1579 2287 1804 2331 apostolicae
1817 2296 1901 2319 con-

171 2342 338 2375 sensione
356 2341 569 2385 penderet.‘
603 2341 902 2375 Prudentius
926 2341 1220 2385 Peristephanon
1247 2342 1383 2385 hymno
1407 2345 1447 2375 11
1475 2341 1520 2374 de
1549 2353 1575 2374 s.
1594 2340 1791 2385 Hippolyti
1820 2351 1900 2384 pas-

169 2393 271 2427 sione
288 2394 410 2428 refert.
432 2397 629 2438 martyrem
649 2395 868 2434 consultum‚
889 2404 1089 2437 ²‚quaenam
1111 2397 1209 2427 secta
1228 2395 1321 2428 foret
1342 2394 1477 2434 melior,
1491 2402 1501 2414 ¹
1521 2394 1771 2438 respondisse:

663 2446 806 2491 Fugite,
825 2457 844 2479 ο
865 2447 997 2487 miseri,
1013 2446 1233 2480 exsecranda
1254 2447 1389 2481 Novati

593 2499 816 2535 Schismata:
837 2499 1032 2533 catholicis
1050 2500 1192 2533 reddite
1209 2511 1276 2533 vos
1293 2500 1454 2544 populis.

592 2552 675 2586 Una
691 2553 777 2586 fides
795 2553 931 2596 vigeat,
949 2553 1069 2596 prisca
1090 2564 1183 2595 quae
1203 2554 1352 2587 condita
1369 2554 1506 2597 templo
1527 2556 1580 2588 est
1595 2568 1602 2591 ;

593 2604 709 2646 Quam
729 2605 863 2639 Paulus
882 2606 1017 2639 retinet
1036 2615 1220 2648 quamque
1238 2607 1411 2640 cathedra
1428 2606 1538 2640 Petri.

314 2661 339 2700 Ξ)
358 2658 504 2691 Praeter
522 2659 719 2692 formulam
738 2659 770 2692 H
781 2669 800 2691 o
812 2671 829 2691 r
841 2671 875 2691 m
887 2659 899 2692 i
912 2670 925 2691 s
938 2659 960 2692 d
972 2669 993 2692 a
1004 2669 1022 2691 e
1051 2662 1096 2699 (n.
1116 2662 1214 2697 4081)
1233 2660 1276 2693 cf.
1296 2670 1351 2704 ep.
1371 2664 1391 2694 5
1418 2660 1449 2693 D
1461 2671 1483 2693 a
1494 2673 1528 2693 m
1541 2671 1560 2693 a
1574 2661 1612 2701 si
1640 2659 1686 2693 ad
1705 2659 1897 2693 Paulinum

169 2719 224 2754 ep.
244 2711 404 2744 antioch.
424 2721 547 2754 opusc.
569 2711 679 2752 XVII,
701 2714 776 2747 193.
812 2711 890 2746 lvo
918 2714 1054 2745 carnot.
1083 2714 1112 2752 (†
1135 2716 1235 2752 1116)
1264 2724 1320 2757 ep.
1339 2716 1361 2747 8
1388 2724 1563 2747 canonem
1592 2715 1718 2759 (Nolite
1736 2714 1819 2747 dist.
1845 2714 1898 2757 ll)

169 2762 279 2796 citat:
297 2763 551 2802 ,Haereticum
571 2775 648 2798 esse
666 2766 821 2800 constat.
841 2765 904 2808 qui
922 2775 1095 2798 romanae
1113 2765 1296 2800 Ecclesiae
1324 2777 1396 2800 non
1424 2768 1651 2802 concordat.‘
1689 2765 1792 2807 Quod
1819 2766 1898 2809 pul-

168 2817 345 2850 cherrime
363 2817 417 2851 ita
435 2817 610 2862 expressit
635 2818 764 2852 Petrus
792 2818 852 2851 Da
868 2819 1051 2852 mianus
1077 2828 1201 2862 opusc.
1220 2820 1272 2853 V:
1309 2820 1406 2858 ,Nos
1434 2822 1463 2854 si
1492 2821 1580 2865 quid
1611 2821 1822 2854 erravimus.
1853 2818 1897 2851 ad

167 2869 267 2903 Petri
285 2871 539 2914 magisterium
560 2871 720 2906 libenter
739 2871 947 2916 corrigendi
975 2871 1181 2905 accedimus
1208 2874 1243 2906 et
1270 2875 1541 2908 retractationis
1569 2873 1806 2918 opprobrium
1826 2882 1898 2904 non

167 2932 344 2957 veremur.
367 2924 465 2958 Haec
484 2929 537 2957 est
555 2924 653 2958 enim
671 2924 748 2964 illa,
769 2928 809 2958 ut
827 2926 880 2958 ita
899 2924 1039 2968 loquar.
1059 2925 1204 2959 officina
1223 2926 1375 2967 fabrilis,
1399 2928 1455 2960 cui
1470 2928 1643 2961 nimirum
1658 2927 1700 2964 is,
1725 2925 1786 2968 qui
1802 2924 1896 2957 fabri

168 2974 361 3009 dicebatur
379 2975 488 3018 filius,
506 2977 700 3021 praesidet,
720 2978 765 3011 ad
785 2978 889 3022 cujus
906 2977 1074 3021 regulam
1089 2979 1208 3012 omnis
1222 2979 1354 3014 merito
1368 2981 1511 3014 moneta
1527 2980 1722 3013 reducitur.
1738 2980 1782 3010 ad
1797 2978 1897 3022 cujus

166 3029 401 3063 rectitudinis
416 3031 551 3064 lineam
565 3031 747 3076 quidquid
767 3032 910 3076 uspiam
933 3032 1171 3076 depravatum
1189 3033 1312 3074 fuerit,
1332 3035 1461 3068 reform
1469 3038 1584 3068 atur.¹
1609 3033 1659 3066 Cf.
1681 3032 1898 3065 Schrader

167 3083 192 3118 1.
210 3094 239 3116 c.
256 3083 281 3119 1.
299 3086 320 3117 2
338 3096 374 3117 n.
393 3084 471 3118 262.
