<?xml version="1.0" encoding="UTF-8"?>
<!DOCTYPE html PUBLIC "-//W3C//DTD XHTML 1.0 Transitional//EN"
    "http://www.w3.org/TR/xhtml1/DTD/xhtml1-transitional.dtd">
<html xmlns="http://www.w3.org/1999/xhtml" xml:lang="en" lang="en">
 <head>
  <title>
</title>
<meta http-equiv="Content-Type" content="text/html;charset=utf-8" />
  <meta name='ocr-system' content='tesseract 3.04.00' />
  <meta name='ocr-capabilities' content='ocr_page ocr_carea ocr_par ocr_line ocrx_word'/>
</head>
<body>
  <div class='ocr_page' id='page_1' title='image "./theologiaedogmat01hurt/theologiaedogmat01hurt_0200.png"; bbox 0 0 2175 3382; ppageno 0'>
   <div class='ocr_carea' id='block_1_1' title="bbox 229 96 1701 148">
    <p class='ocr_par' dir='ltr' id='par_1_1' title="bbox 229 96 1701 148">
     <span class='ocr_line' id='line_1_1' title="bbox 229 96 1701 148; baseline -0.005 -11"><span class='ocrx_word' id='word_1_1' title='bbox 229 109 307 148; x_wconf 60' lang='lat'>1310</span> <span class='ocrx_word' id='word_1_2' title='bbox 487 101 608 135; x_wconf 82' lang='lat' dir='ltr'>Tract.</span> <span class='ocrx_word' id='word_1_3' title='bbox 632 100 672 135; x_wconf 89' lang='lat' dir='ltr'>ll.</span> <span class='ocrx_word' id='word_1_4' title='bbox 694 99 746 133; x_wconf 88' lang='lat' dir='ltr'>De</span> <span class='ocrx_word' id='word_1_5' title='bbox 764 111 791 134; x_wconf 78' lang='lat' dir='ltr'>s,</span> <span class='ocrx_word' id='word_1_6' title='bbox 810 100 1006 143; x_wconf 69' lang='lat' dir='ltr'>Scriptura.</span> <span class='ocrx_word' id='word_1_7' title='bbox 1026 98 1152 132; x_wconf 82' lang='lat' dir='ltr'>Thesis</span> <span class='ocrx_word' id='word_1_8' title='bbox 1172 97 1316 131; x_wconf 68' lang='lat' dir='ltr'>XXXV.</span> <span class='ocrx_word' id='word_1_9' title='bbox 1335 98 1460 131; x_wconf 85' lang='lat' dir='ltr'>Canon</span> <span class='ocrx_word' id='word_1_10' title='bbox 1478 96 1701 130; x_wconf 67' lang='lat' dir='ltr'><strong>tridentinus</strong></span> 
     </span>
    </p>
   </div>
   <div class='ocr_carea' id='block_1_2' title="bbox 222 215 1964 2472">
    <p class='ocr_par' dir='ltr' id='par_1_2' title="bbox 222 215 1959 1476">
     <span class='ocr_line' id='line_1_2' title="bbox 222 215 1954 274; baseline -0.003 -13"><span class='ocrx_word' id='word_1_11' title='bbox 222 222 535 274; x_wconf 83' lang='lat' dir='ltr'>dephonsus</span> <span class='ocrx_word' id='word_1_12' title='bbox 568 219 779 260; x_wconf 88' lang='lat' dir='ltr'>toletanus</span> <span class='ocrx_word' id='word_1_13' title='bbox 802 218 853 259; x_wconf 91' lang='lat' dir='ltr'>de</span> <span class='ocrx_word' id='word_1_14' title='bbox 877 230 995 269; x_wconf 84' lang='lat' dir='ltr'>cogn.</span> <span class='ocrx_word' id='word_1_15' title='bbox 1019 217 1129 269; x_wconf 83' lang='lat' dir='ltr'>bapt.</span> <span class='ocrx_word' id='word_1_16' title='bbox 1154 229 1186 257; x_wconf 91' lang='lat' dir='ltr'>c.</span> <span class='ocrx_word' id='word_1_17' title='bbox 1216 220 1289 262; x_wconf 74' lang='lat'>79;</span> <span class='ocrx_word' id='word_1_18' title='bbox 1321 215 1509 269; x_wconf 81' lang='lat' dir='ltr'>synodus</span> <span class='ocrx_word' id='word_1_19' title='bbox 1542 215 1787 256; x_wconf 89' lang='lat' dir='ltr'>trullana</span> <span class='ocrx_word' id='word_1_20' title='bbox 1813 226 1904 258; x_wconf 88' lang='lat' dir='ltr'>can.</span> <span class='ocrx_word' id='word_1_21' title='bbox 1929 216 1954 256; x_wconf 79' lang='lat'>2</span> 
     </span>
     <span class='ocr_line' id='line_1_3' title="bbox 222 283 1957 345; baseline -0.004 -13"><span class='ocrx_word' id='word_1_22' title='bbox 222 290 466 345; x_wconf 83' lang='lat' dir='ltr'>approbans</span> <span class='ocrx_word' id='word_1_23' title='bbox 481 300 667 331; x_wconf 90' lang='lat' dir='ltr'>canones</span> <span class='ocrx_word' id='word_1_24' title='bbox 683 288 957 330; x_wconf 90' lang='lat' dir='ltr'>conciliorum</span> <span class='ocrx_word' id='word_1_25' title='bbox 974 287 1088 328; x_wconf 88' lang='lat' dir='ltr'>afric.</span> <span class='ocrx_word' id='word_1_26' title='bbox 1114 288 1174 341; x_wconf 91' lang='lat' dir='ltr'>(in</span> <span class='ocrx_word' id='word_1_27' title='bbox 1197 286 1348 339; x_wconf 90' lang='lat' dir='ltr'>quibus</span> <span class='ocrx_word' id='word_1_28' title='bbox 1371 297 1521 327; x_wconf 91' lang='lat' dir='ltr'>omnes</span> <span class='ocrx_word' id='word_1_29' title='bbox 1544 298 1573 326; x_wconf 91' lang='lat' dir='ltr'>s.</span> <span class='ocrx_word' id='word_1_30' title='bbox 1590 283 1834 338; x_wconf 89' lang='lat' dir='ltr'>Scripturae</span> <span class='ocrx_word' id='word_1_31' title='bbox 1851 284 1957 333; x_wconf 80' lang='lat' dir='ltr'>libri,</span> 
     </span>
     <span class='ocr_line' id='line_1_4' title="bbox 226 354 1956 413; baseline -0.004 -11"><span class='ocrx_word' id='word_1_32' title='bbox 226 368 271 403; x_wconf 91' lang='lat' dir='ltr'>ut</span> <span class='ocrx_word' id='word_1_33' title='bbox 294 363 335 402; x_wconf 87' lang='lat' dir='ltr'>in</span> <span class='ocrx_word' id='word_1_34' title='bbox 358 360 538 413; x_wconf 78' lang='lat' dir='ltr'>Vulgata</span> <span class='ocrx_word' id='word_1_35' title='bbox 561 364 739 406; x_wconf 72' lang='lat' dir='ltr'>exstant.</span> <span class='ocrx_word' id='word_1_36' title='bbox 763 358 1081 413; x_wconf 83' lang='lat' dir='ltr'>recensentur);</span> <span class='ocrx_word' id='word_1_37' title='bbox 1111 357 1211 398; x_wconf 90' lang='lat' dir='ltr'>item</span> <span class='ocrx_word' id='word_1_38' title='bbox 1244 361 1286 398; x_wconf 91' lang='lat' dir='ltr'>et</span> <span class='ocrx_word' id='word_1_39' title='bbox 1316 355 1650 397; x_wconf 82' lang='lat' dir='ltr'>Cresconius</span> <span class='ocrx_word' id='word_1_40' title='bbox 1682 356 1725 396; x_wconf 92' lang='lat' dir='ltr'>in</span> <span class='ocrx_word' id='word_1_41' title='bbox 1759 367 1837 396; x_wconf 88' lang='lat' dir='ltr'>sua</span> <span class='ocrx_word' id='word_1_42' title='bbox 1868 354 1956 396; x_wconf 91' lang='lat' dir='ltr'>col-</span> 
     </span>
     <span class='ocr_line' id='line_1_5' title="bbox 222 426 1956 480; baseline -0.003 -7"><span class='ocrx_word' id='word_1_43' title='bbox 222 432 402 473; x_wconf 81' lang='lat' dir='ltr'>lectione</span> <span class='ocrx_word' id='word_1_44' title='bbox 425 444 516 473; x_wconf 85' lang='lat' dir='ltr'>can.</span> <span class='ocrx_word' id='word_1_45' title='bbox 532 434 640 480; x_wconf 77' lang='lat'>299;</span> <span class='ocrx_word' id='word_1_46' title='bbox 663 442 745 472; x_wconf 88' lang='lat' dir='ltr'>sec.</span> <span class='ocrx_word' id='word_1_47' title='bbox 768 429 832 473; x_wconf 77' lang='lat' dir='ltr'>Vl.</span> <span class='ocrx_word' id='word_1_48' title='bbox 857 428 1249 470; x_wconf 81' lang='lat' dir='ltr'>Cassiodorius</span> <span class='ocrx_word' id='word_1_49' title='bbox 1273 427 1352 468; x_wconf 92' lang='lat' dir='ltr'>div.</span> <span class='ocrx_word' id='word_1_50' title='bbox 1375 427 1500 468; x_wconf 88' lang='lat' dir='ltr'>instit.</span> <span class='ocrx_word' id='word_1_51' title='bbox 1525 439 1559 468; x_wconf 82' lang='lat' dir='ltr'>c,</span> <span class='ocrx_word' id='word_1_52' title='bbox 1587 433 1604 471; x_wconf 89' lang='lat'>1</span> <span class='ocrx_word' id='word_1_53' title='bbox 1631 440 1697 476; x_wconf 61' lang='lat' dir='ltr'>ss„</span> <span class='ocrx_word' id='word_1_54' title='bbox 1720 426 1956 468; x_wconf 88' lang='lat' dir='ltr'>Ferran-</span> 
     </span>
     <span class='ocr_line' id='line_1_6' title="bbox 223 496 1958 555; baseline -0.003 -11"><span class='ocrx_word' id='word_1_55' title='bbox 223 503 319 544; x_wconf 91' lang='lat' dir='ltr'>dus</span> <span class='ocrx_word' id='word_1_56' title='bbox 352 508 393 544; x_wconf 92' lang='lat' dir='ltr'>et</span> <span class='ocrx_word' id='word_1_57' title='bbox 421 502 716 555; x_wconf 76' lang='lat' dir='ltr'>Dionysius</span> <span class='ocrx_word' id='word_1_58' title='bbox 741 502 783 541; x_wconf 90' lang='lat' dir='ltr'>in</span> <span class='ocrx_word' id='word_1_59' title='bbox 806 501 892 541; x_wconf 88' lang='lat' dir='ltr'>suis</span> <span class='ocrx_word' id='word_1_60' title='bbox 915 511 1128 540; x_wconf 90' lang='lat' dir='ltr'>canonum</span> <span class='ocrx_word' id='word_1_61' title='bbox 1152 497 1496 547; x_wconf 87' lang='lat' dir='ltr'>collectionibus‚·</span> <span class='ocrx_word' id='word_1_62' title='bbox 1527 509 1609 541; x_wconf 91' lang='lat' dir='ltr'>sec.</span> <span class='ocrx_word' id='word_1_63' title='bbox 1632 496 1678 540; x_wconf 93' lang='lat' dir='ltr'>V.</span> <span class='ocrx_word' id='word_1_64' title='bbox 1702 496 1958 538; x_wconf 90' lang='lat' dir='ltr'>Gelasius</span> 
     </span>
     <span class='ocr_line' id='line_1_7' title="bbox 225 566 1958 626; baseline -0.004 -11"><span class='ocrx_word' id='word_1_65' title='bbox 225 575 266 615; x_wconf 93' lang='lat' dir='ltr'>in</span> <span class='ocrx_word' id='word_1_66' title='bbox 289 574 460 615; x_wconf 86' lang='lat' dir='ltr'>decreto</span> <span class='ocrx_word' id='word_1_67' title='bbox 483 572 675 626; x_wconf 73' lang='lat' dir='ltr'>synodali</span> <span class='ocrx_word' id='word_1_68' title='bbox 693 576 746 616; x_wconf 67' lang='lat'>70</span> <span class='ocrx_word' id='word_1_69' title='bbox 770 571 1066 623; x_wconf 89' lang='lat' dir='ltr'>episcoporum</span> <span class='ocrx_word' id='word_1_70' title='bbox 1090 581 1125 611; x_wconf 90' lang='lat' dir='ltr'>a.</span> <span class='ocrx_word' id='word_1_71' title='bbox 1141 572 1240 618; x_wconf 77' lang='lat'>496,</span> <span class='ocrx_word' id='word_1_72' title='bbox 1262 569 1304 609; x_wconf 93' lang='lat' dir='ltr'>in</span> <span class='ocrx_word' id='word_1_73' title='bbox 1327 581 1410 622; x_wconf 89' lang='lat' dir='ltr'>quo</span> <span class='ocrx_word' id='word_1_74' title='bbox 1433 568 1603 609; x_wconf 88' lang='lat' dir='ltr'>dicitur:</span> <span class='ocrx_word' id='word_1_75' title='bbox 1635 568 1716 618; x_wconf 84' lang='lat' dir='ltr'>„De</span> <span class='ocrx_word' id='word_1_76' title='bbox 1731 566 1958 620; x_wconf 89' lang='lat' dir='ltr'>Scripturis</span> 
     </span>
     <span class='ocr_line' id='line_1_8' title="bbox 222 637 1958 697; baseline -0.004 -12"><span class='ocrx_word' id='word_1_77' title='bbox 222 645 375 685; x_wconf 90' lang='lat' dir='ltr'>divinis</span> <span class='ocrx_word' id='word_1_78' title='bbox 397 644 495 697; x_wconf 89' lang='lat' dir='ltr'>quid</span> <span class='ocrx_word' id='word_1_79' title='bbox 518 643 811 684; x_wconf 74' lang='lat' dir='ltr'>universaliter</span> <span class='ocrx_word' id='word_1_80' title='bbox 833 640 1043 682; x_wconf 90' lang='lat' dir='ltr'>catholica</span> <span class='ocrx_word' id='word_1_81' title='bbox 1065 641 1241 693; x_wconf 89' lang='lat' dir='ltr'>recipiat</span> <span class='ocrx_word' id='word_1_82' title='bbox 1263 639 1463 689; x_wconf 79' lang='lat' dir='ltr'>Ecclesia,</span> <span class='ocrx_word' id='word_1_83' title='bbox 1495 639 1560 680; x_wconf 85' lang='lat' dir='ltr'>vel</span> <span class='ocrx_word' id='word_1_84' title='bbox 1594 643 1687 692; x_wconf 88' lang='lat' dir='ltr'>post</span> <span class='ocrx_word' id='word_1_85' title='bbox 1720 639 1827 679; x_wconf 89' lang='lat' dir='ltr'>haec</span> <span class='ocrx_word' id='word_1_86' title='bbox 1858 637 1958 691; x_wconf 89' lang='lat' dir='ltr'>quid</span> 
     </span>
     <span class='ocr_line' id='line_1_9' title="bbox 224 709 1959 764; baseline -0.004 -8"><span class='ocrx_word' id='word_1_87' title='bbox 224 716 359 756; x_wconf 86' lang='lat' dir='ltr'>vitare</span> <span class='ocrx_word' id='word_1_88' title='bbox 382 714 546 761; x_wconf 71' lang='lat' dir='ltr'>debeat,</span> <span class='ocrx_word' id='word_1_89' title='bbox 570 714 674 754; x_wconf 91' lang='lat' dir='ltr'>ordo</span> <span class='ocrx_word' id='word_1_90' title='bbox 698 713 748 754; x_wconf 93' lang='lat' dir='ltr'>de</span> <span class='ocrx_word' id='word_1_91' title='bbox 765 712 811 754; x_wconf 90' lang='lat' dir='ltr'>V.</span> <span class='ocrx_word' id='word_1_92' title='bbox 826 712 883 761; x_wconf 85' lang='lat' dir='ltr'>T.‚</span> <span class='ocrx_word' id='word_1_93' title='bbox 905 723 1030 764; x_wconf 91' lang='lat' dir='ltr'>quem</span> <span class='ocrx_word' id='word_1_94' title='bbox 1054 716 1204 752; x_wconf 89' lang='lat' dir='ltr'>sancta</span> <span class='ocrx_word' id='word_1_95' title='bbox 1226 715 1267 751; x_wconf 91' lang='lat' dir='ltr'>et</span> <span class='ocrx_word' id='word_1_96' title='bbox 1289 710 1499 751; x_wconf 87' lang='lat' dir='ltr'>catholica</span> <span class='ocrx_word' id='word_1_97' title='bbox 1522 722 1702 751; x_wconf 86' lang='lat' dir='ltr'>romana</span> <span class='ocrx_word' id='word_1_98' title='bbox 1723 709 1897 761; x_wconf 83' lang='lat' dir='ltr'>suscipit</span> <span class='ocrx_word' id='word_1_99' title='bbox 1917 712 1959 749; x_wconf 91' lang='lat' dir='ltr'>et</span> 
     </span>
     <span class='ocr_line' id='line_1_10' title="bbox 225 778 1958 835; baseline -0.004 -8"><span class='ocrx_word' id='word_1_100' title='bbox 225 786 409 827; x_wconf 87' lang='lat' dir='ltr'>honorat</span> <span class='ocrx_word' id='word_1_101' title='bbox 431 784 628 831; x_wconf 79' lang='lat' dir='ltr'>Ecclesia,</span> <span class='ocrx_word' id='word_1_102' title='bbox 662 785 738 824; x_wconf 90' lang='lat' dir='ltr'>iste</span> <span class='ocrx_word' id='word_1_103' title='bbox 771 788 832 824; x_wconf 91' lang='lat' dir='ltr'>est</span> <span class='ocrx_word' id='word_1_104' title='bbox 857 787 968 831; x_wconf 70' lang='lat' dir='ltr'>ete.‚“</span> <span class='ocrx_word' id='word_1_105' title='bbox 1008 781 1120 834; x_wconf 89' lang='lat' dir='ltr'>quod</span> <span class='ocrx_word' id='word_1_106' title='bbox 1143 781 1359 822; x_wconf 88' lang='lat' dir='ltr'>decretum</span> <span class='ocrx_word' id='word_1_107' title='bbox 1383 779 1657 834; x_wconf 80' lang='lat' dir='ltr'>probabiliter</span> <span class='ocrx_word' id='word_1_108' title='bbox 1682 779 1748 835; x_wconf 83' lang='lat' dir='ltr'>(cf.</span> <span class='ocrx_word' id='word_1_109' title='bbox 1771 778 1870 821; x_wconf 86' lang='lat' dir='ltr'>Hef</span> <span class='ocrx_word' id='word_1_110' title='bbox 1876 778 1958 820; x_wconf 92' lang='lat' dir='ltr'>ele</span> 
     </span>
     <span class='ocr_line' id='line_1_11' title="bbox 224 850 1958 910; baseline -0.003 -13"><span class='ocrx_word' id='word_1_111' title='bbox 224 855 580 908; x_wconf 76' lang='lat' dir='ltr'>Conciliengesch.</span> <span class='ocrx_word' id='word_1_112' title='bbox 603 855 646 904; x_wconf 82' lang='lat' dir='ltr'>ll,</span> <span class='ocrx_word' id='word_1_113' title='bbox 670 855 772 910; x_wconf 80' lang='grc'>620)</span> <span class='ocrx_word' id='word_1_114' title='bbox 797 858 861 895; x_wconf 92' lang='lat' dir='ltr'>est</span> <span class='ocrx_word' id='word_1_115' title='bbox 877 854 967 906; x_wconf 70' lang='lat' dir='ltr'>Jam</span> <span class='ocrx_word' id='word_1_116' title='bbox 990 852 1115 893; x_wconf 91' lang='lat' dir='ltr'>Dam</span> <span class='ocrx_word' id='word_1_117' title='bbox 1130 852 1211 893; x_wconf 88' lang='lat' dir='ltr'>asi</span> <span class='ocrx_word' id='word_1_118' title='bbox 1234 853 1276 908; x_wconf 77' lang='lat'>(†</span> <span class='ocrx_word' id='word_1_119' title='bbox 1291 854 1406 907; x_wconf 78' lang='lat'>384).</span> <span class='ocrx_word' id='word_1_120' title='bbox 1430 852 1548 893; x_wconf 91' lang='lat' dir='ltr'>Initio</span> <span class='ocrx_word' id='word_1_121' title='bbox 1573 864 1654 893; x_wconf 91' lang='lat' dir='ltr'>sec.</span> <span class='ocrx_word' id='word_1_122' title='bbox 1668 850 1716 892; x_wconf 94' lang='lat' dir='ltr'>V.</span> <span class='ocrx_word' id='word_1_123' title='bbox 1740 863 1836 893; x_wconf 88' lang='lat' dir='ltr'>eum</span> <span class='ocrx_word' id='word_1_124' title='bbox 1859 861 1958 903; x_wconf 91' lang='lat' dir='ltr'>pro-</span> 
     </span>
     <span class='ocr_line' id='line_1_12' title="bbox 226 921 1957 979; baseline -0.003 -11"><span class='ocrx_word' id='word_1_125' title='bbox 226 932 389 979; x_wconf 89' lang='lat' dir='ltr'>ponunt</span> <span class='ocrx_word' id='word_1_126' title='bbox 410 925 769 967; x_wconf 81' lang='lat' dir='ltr'>Innocentius</span> <span class='ocrx_word' id='word_1_127' title='bbox 791 924 816 964; x_wconf 94' lang='grc' dir='ltr'>Ι.</span> <span class='ocrx_word' id='word_1_128' title='bbox 840 925 882 964; x_wconf 91' lang='lat' dir='ltr'>in</span> <span class='ocrx_word' id='word_1_129' title='bbox 905 935 968 976; x_wconf 90' lang='lat' dir='ltr'>ep.</span> <span class='ocrx_word' id='word_1_130' title='bbox 992 927 1017 968; x_wconf 91' lang='grc'>6</span> <span class='ocrx_word' id='word_1_131' title='bbox 1050 923 1104 964; x_wconf 91' lang='lat' dir='ltr'>ad</span> <span class='ocrx_word' id='word_1_132' title='bbox 1125 922 1402 975; x_wconf 86' lang='lat' dir='ltr'>Exsuperium</span> <span class='ocrx_word' id='word_1_133' title='bbox 1425 935 1459 966; x_wconf 86' lang='lat' dir='ltr'>c.</span> <span class='ocrx_word' id='word_1_134' title='bbox 1485 926 1506 965; x_wconf 82' lang='lat'><strong>7</strong></span> <span class='ocrx_word' id='word_1_135' title='bbox 1531 934 1771 975; x_wconf 87' lang='lat' dir='ltr'>provocans</span> <span class='ocrx_word' id='word_1_136' title='bbox 1794 921 1847 962; x_wconf 90' lang='lat' dir='ltr'>ad</span> <span class='ocrx_word' id='word_1_137' title='bbox 1870 925 1957 962; x_wconf 90' lang='lat' dir='ltr'>tra-</span> 
     </span>
     <span class='ocr_line' id='line_1_13' title="bbox 224 993 1958 1054; baseline -0.002 -17"><span class='ocrx_word' id='word_1_138' title='bbox 224 998 443 1045; x_wconf 78' lang='lat' dir='ltr'>ditionem,</span> <span class='ocrx_word' id='word_1_139' title='bbox 466 996 804 1054; x_wconf 30' lang='lat' dir='ltr'>Augustinus</span> <span class='ocrx_word' id='word_1_140' title='bbox 827 995 878 1036; x_wconf 95' lang='lat' dir='ltr'>de</span> <span class='ocrx_word' id='word_1_141' title='bbox 901 995 1031 1038; x_wconf 84' lang='lat' dir='ltr'>doctr.</span> <span class='ocrx_word' id='word_1_142' title='bbox 1047 994 1186 1038; x_wconf 87' lang='lat' dir='ltr'>christ.</span> <span class='ocrx_word' id='word_1_143' title='bbox 1202 993 1245 1042; x_wconf 78' lang='lat' dir='ltr'>lI.¹</span> <span class='ocrx_word' id='word_1_144' title='bbox 1271 997 1296 1037; x_wconf 75' lang='lat' dir='ltr'>S</span> <span class='ocrx_word' id='word_1_145' title='bbox 1319 995 1360 1035; x_wconf 69' lang='lat' dir='ltr'>e‘t</span> <span class='ocrx_word' id='word_1_146' title='bbox 1382 1005 1500 1034; x_wconf 91' lang='lat' dir='ltr'>conc.</span> <span class='ocrx_word' id='word_1_147' title='bbox 1524 993 1958 1045; x_wconf 85' lang='lat' dir='ltr'>carthaginense</span> 
     </span>
     <span class='ocr_line' id='line_1_14' title="bbox 224 1063 1957 1118; baseline -0.001 -9"><span class='ocrx_word' id='word_1_148' title='bbox 224 1081 261 1111; x_wconf 85' lang='lat' dir='ltr'>a.</span> <span class='ocrx_word' id='word_1_149' title='bbox 285 1072 383 1117; x_wconf 73' lang='lat'>419,</span> <span class='ocrx_word' id='word_1_150' title='bbox 415 1069 483 1109; x_wconf 90' lang='lat' dir='ltr'>cui</span> <span class='ocrx_word' id='word_1_151' title='bbox 514 1069 791 1108; x_wconf 79' lang='lat' dir='ltr'>interfuerunt</span> <span class='ocrx_word' id='word_1_152' title='bbox 819 1066 1006 1118; x_wconf 90' lang='lat' dir='ltr'>episcopi</span> <span class='ocrx_word' id='word_1_153' title='bbox 1029 1068 1112 1110; x_wconf 77' lang='grc'>218</span> <span class='ocrx_word' id='word_1_154' title='bbox 1137 1069 1178 1106; x_wconf 89' lang='lat' dir='ltr'>et</span> <span class='ocrx_word' id='word_1_155' title='bbox 1199 1065 1324 1116; x_wconf 84' lang='lat' dir='ltr'>legati</span> <span class='ocrx_word' id='word_1_156' title='bbox 1346 1065 1514 1105; x_wconf 89' lang='lat' dir='ltr'>romani</span> <span class='ocrx_word' id='word_1_157' title='bbox 1535 1063 1755 1117; x_wconf 84' lang='lat' dir='ltr'>pontificis,</span> <span class='ocrx_word' id='word_1_158' title='bbox 1787 1075 1879 1106; x_wconf 92' lang='lat' dir='ltr'>can.</span> <span class='ocrx_word' id='word_1_159' title='bbox 1902 1066 1957 1107; x_wconf 79' lang='lat'>29</span> 
     </span>
     <span class='ocr_line' id='line_1_15' title="bbox 225 1131 1958 1188; baseline -0.004 -7"><span class='ocrx_word' id='word_1_160' title='bbox 225 1153 323 1181; x_wconf 78' lang='lat' dir='ltr'>cuni</span> <span class='ocrx_word' id='word_1_161' title='bbox 345 1140 426 1181; x_wconf 92' lang='lat' dir='ltr'>hac</span> <span class='ocrx_word' id='word_1_162' title='bbox 449 1131 885 1188; x_wconf 41' lang='lat' dir='ltr'>coiiclusionetfiHoc</span> <span class='ocrx_word' id='word_1_163' title='bbox 908 1137 1036 1178; x_wconf 87' lang='lat' dir='ltr'>etiam</span> <span class='ocrx_word' id='word_1_164' title='bbox 1058 1136 1176 1177; x_wconf 84' lang='lat' dir='ltr'>fratri</span> <span class='ocrx_word' id='word_1_165' title='bbox 1199 1140 1240 1177; x_wconf 92' lang='lat' dir='ltr'>et</span> <span class='ocrx_word' id='word_1_166' title='bbox 1262 1135 1558 1177; x_wconf 81' lang='lat' dir='ltr'>consacerdoti</span> <span class='ocrx_word' id='word_1_167' title='bbox 1578 1139 1726 1175; x_wconf 90' lang='lat' dir='ltr'>nostro</span> <span class='ocrx_word' id='word_1_168' title='bbox 1749 1132 1958 1175; x_wconf 86' lang='lat' dir='ltr'>Bonifatio</span> 
     </span>
     <span class='ocr_line' id='line_1_16' title="bbox 226 1203 1957 1262; baseline -0.004 -10"><span class='ocrx_word' id='word_1_169' title='bbox 226 1210 343 1251; x_wconf 88' lang='lat' dir='ltr'>urbis</span> <span class='ocrx_word' id='word_1_170' title='bbox 358 1210 520 1252; x_wconf 80' lang='lat' dir='ltr'>Romae</span> <span class='ocrx_word' id='word_1_171' title='bbox 536 1210 736 1262; x_wconf 88' lang='lat' dir='ltr'>episcopo</span> <span class='ocrx_word' id='word_1_172' title='bbox 762 1209 826 1250; x_wconf 86' lang='lat' dir='ltr'>vel</span> <span class='ocrx_word' id='word_1_173' title='bbox 849 1208 940 1249; x_wconf 90' lang='lat' dir='ltr'>aliis</span> <span class='ocrx_word' id='word_1_174' title='bbox 963 1219 1110 1248; x_wconf 89' lang='lat' dir='ltr'>earum</span> <span class='ocrx_word' id='word_1_175' title='bbox 1125 1207 1310 1260; x_wconf 86' lang='lat' dir='ltr'>partium</span> <span class='ocrx_word' id='word_1_176' title='bbox 1333 1207 1542 1259; x_wconf 90' lang='lat' dir='ltr'>episcopis</span> <span class='ocrx_word' id='word_1_177' title='bbox 1564 1218 1640 1258; x_wconf 90' lang='lat' dir='ltr'>pro</span> <span class='ocrx_word' id='word_1_178' title='bbox 1663 1203 1957 1247; x_wconf 80' lang='lat' dir='ltr'>confirmando</span> 
     </span>
     <span class='ocr_line' id='line_1_17' title="bbox 226 1276 1958 1334; baseline -0.003 -12"><span class='ocrx_word' id='word_1_179' title='bbox 226 1282 305 1322; x_wconf 90' lang='lat' dir='ltr'>isto</span> <span class='ocrx_word' id='word_1_180' title='bbox 329 1293 494 1322; x_wconf 88' lang='lat' dir='ltr'>canone</span> <span class='ocrx_word' id='word_1_181' title='bbox 517 1282 768 1334; x_wconf 86' lang='lat' dir='ltr'>innotescat,</span> <span class='ocrx_word' id='word_1_182' title='bbox 803 1280 903 1333; x_wconf 92' lang='lat' dir='ltr'>quia</span> <span class='ocrx_word' id='word_1_183' title='bbox 934 1291 960 1320; x_wconf 92' lang='lat' dir='ltr'>a</span> <span class='ocrx_word' id='word_1_184' title='bbox 981 1278 1172 1332; x_wconf 87' lang='lat' dir='ltr'>patribus</span> <span class='ocrx_word' id='word_1_185' title='bbox 1194 1278 1252 1318; x_wconf 89' lang='lat' dir='ltr'>ita</span> <span class='ocrx_word' id='word_1_186' title='bbox 1276 1278 1518 1330; x_wconf 90' lang='lat' dir='ltr'>accepimus</span> <span class='ocrx_word' id='word_1_187' title='bbox 1541 1278 1584 1317; x_wconf 89' lang='lat' dir='ltr'>in</span> <span class='ocrx_word' id='word_1_188' title='bbox 1604 1276 1794 1318; x_wconf 91' lang='lat' dir='ltr'>Ecclesia</span> <span class='ocrx_word' id='word_1_189' title='bbox 1815 1276 1958 1328; x_wconf 83' lang='lat' dir='ltr'>legen-</span> 
     </span>
     <span class='ocr_line' id='line_1_18' title="bbox 225 1348 1959 1404; baseline -0.003 -12"><span class='ocrx_word' id='word_1_190' title='bbox 225 1352 360 1394; x_wconf 78' lang='lat' dir='ltr'>‹Jlum.“</span> <span class='ocrx_word' id='word_1_191' title='bbox 411 1351 501 1395; x_wconf 85' lang='lat' dir='ltr'>Sec.</span> <span class='ocrx_word' id='word_1_192' title='bbox 523 1351 587 1392; x_wconf 92' lang='lat' dir='ltr'>IV.</span> <span class='ocrx_word' id='word_1_193' title='bbox 609 1356 775 1404; x_wconf 79' lang='lat' dir='ltr'>prostat</span> <span class='ocrx_word' id='word_1_194' title='bbox 805 1352 847 1391; x_wconf 90' lang='lat' dir='ltr'>in</span> <span class='ocrx_word' id='word_1_195' title='bbox 878 1362 996 1391; x_wconf 84' lang='lat' dir='ltr'>conc,</span> <span class='ocrx_word' id='word_1_196' title='bbox 1028 1349 1451 1402; x_wconf 82' lang='lat' dir='ltr'>carthaginensi</span> <span class='ocrx_word' id='word_1_197' title='bbox 1472 1348 1532 1388; x_wconf 89' lang='lat' dir='ltr'>Ill.</span> <span class='ocrx_word' id='word_1_198' title='bbox 1556 1360 1592 1391; x_wconf 89' lang='lat' dir='ltr'>a.</span> <span class='ocrx_word' id='word_1_199' title='bbox 1616 1351 1700 1392; x_wconf 83' lang='lat'>397</span> <span class='ocrx_word' id='word_1_200' title='bbox 1725 1359 1816 1388; x_wconf 89' lang='lat' dir='ltr'>can.</span> <span class='ocrx_word' id='word_1_201' title='bbox 1839 1350 1893 1390; x_wconf 78' lang='lat'>47</span> <span class='ocrx_word' id='word_1_202' title='bbox 1919 1350 1959 1387; x_wconf 93' lang='lat' dir='ltr'>et</span> 
     </span>
     <span class='ocr_line' id='line_1_19' title="bbox 225 1421 1338 1476; baseline -0.004 -13"><span class='ocrx_word' id='word_1_203' title='bbox 225 1424 268 1463; x_wconf 91' lang='lat' dir='ltr'>in</span> <span class='ocrx_word' id='word_1_204' title='bbox 290 1423 624 1476; x_wconf 89' lang='lat' dir='ltr'>hipponensi</span> <span class='ocrx_word' id='word_1_205' title='bbox 645 1424 774 1464; x_wconf 88' lang='lat' dir='ltr'>totius</span> <span class='ocrx_word' id='word_1_206' title='bbox 795 1421 964 1462; x_wconf 84' lang='lat' dir='ltr'>Africae</span> <span class='ocrx_word' id='word_1_207' title='bbox 988 1433 1024 1461; x_wconf 90' lang='lat' dir='ltr'>a.</span> <span class='ocrx_word' id='word_1_208' title='bbox 1048 1423 1134 1465; x_wconf 77' lang='lat'>393</span> <span class='ocrx_word' id='word_1_209' title='bbox 1157 1432 1248 1461; x_wconf 84' lang='lat' dir='ltr'>can.</span> <span class='ocrx_word' id='word_1_210' title='bbox 1272 1423 1338 1464; x_wconf 80' lang='grc'>36,</span> 
     </span>
    </p>

    <p class='ocr_par' dir='ltr' id='par_1_3' title="bbox 225 1488 1964 2472">
     <span class='ocr_line' id='line_1_20' title="bbox 344 1488 1958 1546; baseline -0.004 -10"><span class='ocrx_word' id='word_1_211' title='bbox 344 1495 385 1538; x_wconf 75' lang='grc'>’2.</span> <span class='ocrx_word' id='word_1_212' title='bbox 409 1493 636 1535; x_wconf 86' lang='lat' dir='ltr'>Praeterea</span> <span class='ocrx_word' id='word_1_213' title='bbox 659 1492 979 1546; x_wconf 86' lang='lat' dir='ltr'>antiquissimae</span> <span class='ocrx_word' id='word_1_214' title='bbox 1000 1492 1290 1532; x_wconf 71' lang='lat' dir='ltr'>versiones</span> <span class='ocrx_word' id='word_1_215' title='bbox 1313 1491 1531 1531; x_wconf 89' lang='lat' dir='ltr'>continent</span> <span class='ocrx_word' id='word_1_216' title='bbox 1551 1489 1682 1531; x_wconf 88' lang='lat' dir='ltr'>libros</span> <span class='ocrx_word' id='word_1_217' title='bbox 1704 1490 1831 1530; x_wconf 68' lang='lat' dir='ltr'>etiam</span> <span class='ocrx_word' id='word_1_218' title='bbox 1855 1488 1958 1530; x_wconf 92' lang='lat' dir='ltr'>deu-</span> 
     </span>
     <span class='ocr_line' id='line_1_21' title="bbox 225 1560 1957 1615; baseline -0.003 -9"><span class='ocrx_word' id='word_1_219' title='bbox 225 1565 552 1606; x_wconf 84' lang='lat' dir='ltr'>terocanonicos</span> <span class='ocrx_word' id='word_1_220' title='bbox 566 1564 613 1607; x_wconf 89' lang='lat' dir='ltr'>V.</span> <span class='ocrx_word' id='word_1_221' title='bbox 629 1564 672 1605; x_wconf 93' lang='lat' dir='ltr'>T.</span> <span class='ocrx_word' id='word_1_222' title='bbox 688 1575 837 1604; x_wconf 91' lang='lat' dir='ltr'>omnes</span> <span class='ocrx_word' id='word_1_223' title='bbox 860 1567 901 1604; x_wconf 91' lang='lat' dir='ltr'>et</span> <span class='ocrx_word' id='word_1_224' title='bbox 923 1562 1093 1615; x_wconf 89' lang='lat' dir='ltr'>quidem</span> <span class='ocrx_word' id='word_1_225' title='bbox 1106 1562 1450 1614; x_wconf 85' lang='lat' dir='ltr'>protocanonicis</span> <span class='ocrx_word' id='word_1_226' title='bbox 1472 1561 1716 1614; x_wconf 84' lang='lat' dir='ltr'>permixtos,</span> <span class='ocrx_word' id='word_1_227' title='bbox 1737 1561 1796 1601; x_wconf 90' lang='lat' dir='ltr'>ita</span> <span class='ocrx_word' id='word_1_228' title='bbox 1818 1560 1957 1601; x_wconf 86' lang='lat' dir='ltr'>versio</span> 
     </span>
     <span class='ocr_line' id='line_1_22' title="bbox 227 1630 1958 1689; baseline -0.003 -12"><span class='ocrx_word' id='word_1_229' title='bbox 227 1648 392 1689; x_wconf 76' lang='lat' dir='ltr'>graeca,</span> <span class='ocrx_word' id='word_1_230' title='bbox 416 1635 691 1677; x_wconf 76' lang='lat' dir='ltr'>alexandrina</span> <span class='ocrx_word' id='word_1_231' title='bbox 715 1647 790 1676; x_wconf 89' lang='lat' dir='ltr'>seu</span> <span class='ocrx_word' id='word_1_232' title='bbox 811 1633 922 1674; x_wconf 76' lang='lat' dir='ltr'>LXX</span> <span class='ocrx_word' id='word_1_233' title='bbox 945 1633 1256 1689; x_wconf 87' lang='lat' dir='ltr'>(interpretum)</span> <span class='ocrx_word' id='word_1_234' title='bbox 1281 1632 1405 1681; x_wconf 75' lang='lat' dir='ltr'>dicta,</span> <span class='ocrx_word' id='word_1_235' title='bbox 1428 1643 1648 1685; x_wconf 87' lang='lat' dir='ltr'>quousque</span> <span class='ocrx_word' id='word_1_236' title='bbox 1670 1631 1821 1672; x_wconf 89' lang='lat' dir='ltr'>saltem</span> <span class='ocrx_word' id='word_1_237' title='bbox 1843 1630 1958 1671; x_wconf 89' lang='lat' dir='ltr'>illam</span> 
     </span>
     <span class='ocr_line' id='line_1_23' title="bbox 227 1702 1958 1760; baseline -0.003 -12"><span class='ocrx_word' id='word_1_238' title='bbox 227 1719 303 1759; x_wconf 90' lang='lat' dir='ltr'>per</span> <span class='ocrx_word' id='word_1_239' title='bbox 334 1707 596 1760; x_wconf 88' lang='lat' dir='ltr'>antiquitatis</span> <span class='ocrx_word' id='word_1_240' title='bbox 618 1710 895 1747; x_wconf 90' lang='lat' dir='ltr'>monumenta</span> <span class='ocrx_word' id='word_1_241' title='bbox 918 1704 1116 1757; x_wconf 87' lang='lat' dir='ltr'>persequi</span> <span class='ocrx_word' id='word_1_242' title='bbox 1137 1703 1244 1747; x_wconf 87' lang='lat' dir='ltr'>licet.</span> <span class='ocrx_word' id='word_1_243' title='bbox 1288 1702 1410 1754; x_wconf 87' lang='lat' dir='ltr'>Quod</span> <span class='ocrx_word' id='word_1_244' title='bbox 1433 1703 1591 1744; x_wconf 88' lang='lat' dir='ltr'>factum</span> <span class='ocrx_word' id='word_1_245' title='bbox 1614 1703 1756 1754; x_wconf 85' lang='lat' dir='ltr'>magni</span> <span class='ocrx_word' id='word_1_246' title='bbox 1779 1706 1844 1743; x_wconf 90' lang='lat' dir='ltr'>est</span> <span class='ocrx_word' id='word_1_247' title='bbox 1866 1713 1958 1743; x_wconf 90' lang='lat' dir='ltr'>mo-</span> 
     </span>
     <span class='ocr_line' id='line_1_24' title="bbox 227 1772 1957 1829; baseline -0.003 -10"><span class='ocrx_word' id='word_1_248' title='bbox 227 1779 370 1822; x_wconf 82' lang='lat' dir='ltr'>menti.</span> <span class='ocrx_word' id='word_1_249' title='bbox 385 1790 482 1819; x_wconf 88' lang='lat' dir='ltr'>cum</span> <span class='ocrx_word' id='word_1_250' title='bbox 497 1777 687 1819; x_wconf 86' lang='lat' dir='ltr'>Christus</span> <span class='ocrx_word' id='word_1_251' title='bbox 702 1781 743 1818; x_wconf 85' lang='lat' dir='ltr'>et</span> <span class='ocrx_word' id='word_1_252' title='bbox 757 1776 939 1829; x_wconf 87' lang='lat' dir='ltr'>apostoli</span> <span class='ocrx_word' id='word_1_253' title='bbox 953 1786 1159 1828; x_wconf 86' lang='lat' dir='ltr'>persaepe</span> <span class='ocrx_word' id='word_1_254' title='bbox 1176 1775 1241 1815; x_wconf 90' lang='lat' dir='ltr'>usi</span> <span class='ocrx_word' id='word_1_255' title='bbox 1255 1775 1339 1815; x_wconf 90' lang='lat' dir='ltr'>sint</span> <span class='ocrx_word' id='word_1_256' title='bbox 1351 1775 1548 1815; x_wconf 85' lang='lat' dir='ltr'>versione</span> <span class='ocrx_word' id='word_1_257' title='bbox 1571 1773 1692 1815; x_wconf 81' lang='lat' dir='ltr'>alex</span> <span class='ocrx_word' id='word_1_258' title='bbox 1704 1785 1729 1814; x_wconf 93' lang='lat' dir='ltr'>a</span> <span class='ocrx_word' id='word_1_259' title='bbox 1741 1786 1768 1813; x_wconf 93' lang='lat' dir='ltr'>n</span> <span class='ocrx_word' id='word_1_260' title='bbox 1779 1772 1805 1813; x_wconf 93' lang='lat' dir='ltr'>d</span> <span class='ocrx_word' id='word_1_261' title='bbox 1816 1785 1838 1813; x_wconf 90' lang='lat' dir='ltr'>r</span> <span class='ocrx_word' id='word_1_262' title='bbox 1849 1772 1861 1813; x_wconf 94' lang='lat' dir='ltr'>i</span> <span class='ocrx_word' id='word_1_263' title='bbox 1872 1785 1900 1813; x_wconf 90' lang='lat' dir='ltr'>n</span> <span class='ocrx_word' id='word_1_264' title='bbox 1912 1783 1957 1820; x_wconf 88' lang='lat' dir='ltr'>a;</span> 
     </span>
     <span class='ocr_line' id='line_1_25' title="bbox 227 1844 1960 1899; baseline -0.003 -10"><span class='ocrx_word' id='word_1_265' title='bbox 227 1861 326 1889; x_wconf 93' lang='lat' dir='ltr'>nam</span> <span class='ocrx_word' id='word_1_266' title='bbox 360 1861 411 1890; x_wconf 83' lang='lat' dir='ltr'>ex</span> <span class='ocrx_word' id='word_1_267' title='bbox 444 1853 529 1893; x_wconf 77' lang='lat'>350</span> <span class='ocrx_word' id='word_1_268' title='bbox 561 1847 845 1893; x_wconf 81' lang='lat' dir='ltr'>citationibus,</span> <span class='ocrx_word' id='word_1_269' title='bbox 877 1858 986 1899; x_wconf 88' lang='lat' dir='ltr'>quae</span> <span class='ocrx_word' id='word_1_270' title='bbox 1016 1846 1060 1886; x_wconf 90' lang='lat' dir='ltr'>in</span> <span class='ocrx_word' id='word_1_271' title='bbox 1090 1844 1138 1886; x_wconf 92' lang='lat' dir='ltr'>N.</span> <span class='ocrx_word' id='word_1_272' title='bbox 1161 1845 1204 1886; x_wconf 95' lang='lat' dir='ltr'>T.</span> <span class='ocrx_word' id='word_1_273' title='bbox 1234 1850 1474 1894; x_wconf 81' lang='lat' dir='ltr'>occurrunt,</span> <span class='ocrx_word' id='word_1_274' title='bbox 1506 1845 1602 1886; x_wconf 82' lang='lat' dir='ltr'>circ,</span> <span class='ocrx_word' id='word_1_275' title='bbox 1626 1847 1711 1889; x_wconf 85' lang='lat'>300</span> <span class='ocrx_word' id='word_1_276' title='bbox 1733 1855 1960 1897; x_wconf 82' lang='lat' dir='ltr'>expressae</span> 
     </span>
     <span class='ocr_line' id='line_1_26' title="bbox 228 1915 1960 1972; baseline -0.003 -11"><span class='ocrx_word' id='word_1_277' title='bbox 228 1926 327 1961; x_wconf 84' lang='lat' dir='ltr'>sunt</span> <span class='ocrx_word' id='word_1_278' title='bbox 348 1920 402 1961; x_wconf 90' lang='lat' dir='ltr'>ad</span> <span class='ocrx_word' id='word_1_279' title='bbox 424 1920 549 1961; x_wconf 91' lang='lat' dir='ltr'>illam.</span> <span class='ocrx_word' id='word_1_280' title='bbox 594 1918 734 1970; x_wconf 87' lang='lat' dir='ltr'>Quare</span> <span class='ocrx_word' id='word_1_281' title='bbox 757 1918 1095 1970; x_wconf 85' lang='lat' dir='ltr'>Augustinus</span> <span class='ocrx_word' id='word_1_282' title='bbox 1124 1917 1167 1957; x_wconf 91' lang='lat' dir='ltr'>in</span> <span class='ocrx_word' id='word_1_283' title='bbox 1196 1928 1258 1969; x_wconf 90' lang='lat' dir='ltr'>ep.</span> <span class='ocrx_word' id='word_1_284' title='bbox 1282 1916 1337 1957; x_wconf 89' lang='lat' dir='ltr'>ad</span> <span class='ocrx_word' id='word_1_285' title='bbox 1359 1915 1666 1969; x_wconf 82' lang='lat' dir='ltr'>Hieronymum</span> <span class='ocrx_word' id='word_1_286' title='bbox 1688 1916 1815 1972; x_wconf 89' lang='lat' dir='ltr'>(inter</span> <span class='ocrx_word' id='word_1_287' title='bbox 1836 1915 1960 1968; x_wconf 85' lang='lat' dir='ltr'>hujus</span> 
     </span>
     <span class='ocr_line' id='line_1_27' title="bbox 227 1986 1961 2045; baseline -0.003 -13"><span class='ocrx_word' id='word_1_288' title='bbox 227 2003 290 2044; x_wconf 88' lang='lat' dir='ltr'>ep.</span> <span class='ocrx_word' id='word_1_289' title='bbox 318 1995 402 2036; x_wconf 77' lang='lat'>104</span> <span class='ocrx_word' id='word_1_290' title='bbox 425 1991 475 2034; x_wconf 89' lang='lat' dir='ltr'>al.</span> <span class='ocrx_word' id='word_1_291' title='bbox 501 1992 574 2045; x_wconf 77' lang='grc'>88)</span> <span class='ocrx_word' id='word_1_292' title='bbox 596 2003 636 2031; x_wconf 90' lang='lat' dir='ltr'>n.</span> <span class='ocrx_word' id='word_1_293' title='bbox 660 1994 685 2034; x_wconf 88' lang='grc'>6</span> <span class='ocrx_word' id='word_1_294' title='bbox 709 1989 875 2030; x_wconf 88' lang='lat' dir='ltr'>scribit:</span> <span class='ocrx_word' id='word_1_295' title='bbox 915 1988 1030 2039; x_wconf 84' lang='lat' dir='ltr'>„Qua</span> <span class='ocrx_word' id='word_1_296' title='bbox 1059 2000 1161 2029; x_wconf 93' lang='lat' dir='ltr'>usos</span> <span class='ocrx_word' id='word_1_297' title='bbox 1184 1987 1403 2040; x_wconf 87' lang='lat' dir='ltr'>apostolos</span> <span class='ocrx_word' id='word_1_298' title='bbox 1425 1999 1513 2028; x_wconf 88' lang='lat' dir='ltr'>non</span> <span class='ocrx_word' id='word_1_299' title='bbox 1534 1986 1673 2028; x_wconf 90' lang='lat' dir='ltr'>solum</span> <span class='ocrx_word' id='word_1_300' title='bbox 1694 1998 1762 2027; x_wconf 90' lang='lat' dir='ltr'>res</span> <span class='ocrx_word' id='word_1_301' title='bbox 1784 1987 1877 2040; x_wconf 91' lang='lat' dir='ltr'>ipsa</span> <span class='ocrx_word' id='word_1_302' title='bbox 1898 1987 1961 2027; x_wconf 89' lang='lat' dir='ltr'>iu-</span> 
     </span>
     <span class='ocr_line' id='line_1_28' title="bbox 228 2058 1961 2113; baseline -0.003 -10"><span class='ocrx_word' id='word_1_303' title='bbox 228 2063 354 2108; x_wconf 80' lang='lat' dir='ltr'>dicat.</span> <span class='ocrx_word' id='word_1_304' title='bbox 378 2063 452 2104; x_wconf 91' lang='lat' dir='ltr'>sed</span> <span class='ocrx_word' id='word_1_305' title='bbox 475 2063 604 2104; x_wconf 89' lang='lat' dir='ltr'>etiam</span> <span class='ocrx_word' id='word_1_306' title='bbox 626 2067 667 2102; x_wconf 90' lang='lat' dir='ltr'>te</span> <span class='ocrx_word' id='word_1_307' title='bbox 690 2065 935 2102; x_wconf 82' lang='lat' dir='ltr'>attestatum</span> <span class='ocrx_word' id='word_1_308' title='bbox 959 2071 1052 2100; x_wconf 91' lang='lat' dir='ltr'>esse</span> <span class='ocrx_word' id='word_1_309' title='bbox 1074 2059 1249 2100; x_wconf 89' lang='lat' dir='ltr'>memini</span> <span class='ocrx_word' id='word_1_310' title='bbox 1271 2059 1333 2113; x_wconf 88' lang='lat'>¹).“</span> <span class='ocrx_word' id='word_1_311' title='bbox 1373 2058 1476 2099; x_wconf 89' lang='lat' dir='ltr'>Item</span> <span class='ocrx_word' id='word_1_312' title='bbox 1498 2058 1728 2107; x_wconf 82' lang='lat' dir='ltr'>versiones,</span> <span class='ocrx_word' id='word_1_313' title='bbox 1750 2070 1860 2111; x_wconf 89' lang='lat' dir='ltr'>quae</span> <span class='ocrx_word' id='word_1_314' title='bbox 1882 2058 1961 2098; x_wconf 93' lang='lat' dir='ltr'>im-</span> 
     </span>
     <span class='ocr_line' id='line_1_29' title="bbox 228 2128 1963 2186; baseline -0.003 -11"><span class='ocrx_word' id='word_1_315' title='bbox 228 2134 413 2175; x_wconf 86' lang='lat' dir='ltr'>mediate</span> <span class='ocrx_word' id='word_1_316' title='bbox 436 2146 487 2175; x_wconf 78' lang='lat' dir='ltr'>ex</span> <span class='ocrx_word' id='word_1_317' title='bbox 510 2145 662 2186; x_wconf 83' lang='lat' dir='ltr'>graeca</span> <span class='ocrx_word' id='word_1_318' title='bbox 678 2133 895 2174; x_wconf 81' lang='lat' dir='ltr'>derivatae</span> <span class='ocrx_word' id='word_1_319' title='bbox 909 2136 1019 2181; x_wconf 82' lang='lat' dir='ltr'>sunt,</span> <span class='ocrx_word' id='word_1_320' title='bbox 1041 2130 1379 2183; x_wconf 91' lang='lat' dir='ltr'>complectuntur</span> <span class='ocrx_word' id='word_1_321' title='bbox 1392 2129 1524 2170; x_wconf 86' lang='lat' dir='ltr'>libros</span> <span class='ocrx_word' id='word_1_322' title='bbox 1540 2128 1963 2178; x_wconf 84' lang='lat' dir='ltr'>deuterocanonicos‚</span> 
     </span>
     <span class='ocr_line' id='line_1_30' title="bbox 228 2200 1963 2256; baseline -0.003 -11"><span class='ocrx_word' id='word_1_323' title='bbox 228 2210 273 2245; x_wconf 86' lang='lat' dir='ltr'>ut</span> <span class='ocrx_word' id='word_1_324' title='bbox 304 2205 442 2246; x_wconf 70' lang='lat' dir='ltr'>versio</span> <span class='ocrx_word' id='word_1_325' title='bbox 475 2205 650 2245; x_wconf 86' lang='lat' dir='ltr'>latina</span> <span class='ocrx_word' id='word_1_326' title='bbox 682 2204 796 2252; x_wconf 80' lang='lat' dir='ltr'>itala,</span> <span class='ocrx_word' id='word_1_327' title='bbox 828 2203 947 2256; x_wconf 83' lang='lat' dir='ltr'>cujus</span> <span class='ocrx_word' id='word_1_328' title='bbox 979 2207 1099 2243; x_wconf 89' lang='lat' dir='ltr'>aetas</span> <span class='ocrx_word' id='word_1_329' title='bbox 1129 2202 1313 2254; x_wconf 86' lang='lat' dir='ltr'>primum</span> <span class='ocrx_word' id='word_1_330' title='bbox 1336 2200 1443 2241; x_wconf 84' lang='lat' dir='ltr'>forte</span> <span class='ocrx_word' id='word_1_331' title='bbox 1460 2201 1550 2253; x_wconf 83' lang='lat' dir='ltr'>jam</span> <span class='ocrx_word' id='word_1_332' title='bbox 1574 2200 1740 2252; x_wconf 83' lang='lat' dir='ltr'>attingit</span> <span class='ocrx_word' id='word_1_333' title='bbox 1760 2200 1963 2248; x_wconf 90' lang='lat' dir='ltr'>seculum,</span> 
     </span>
     <span class='ocr_line' id='line_1_31' title="bbox 229 2269 1964 2328; baseline -0.002 -13"><span class='ocrx_word' id='word_1_334' title='bbox 229 2276 471 2328; x_wconf 46' lang='lat' dir='ltr'>cop-tica,</span> <span class='ocrx_word' id='word_1_335' title='bbox 506 2275 848 2328; x_wconf 53' lang='lat' dir='ltr'>aethiopica.</span> <span class='ocrx_word' id='word_1_336' title='bbox 881 2274 1102 2326; x_wconf 75' lang='lat' dir='ltr'>syriaca</span> <span class='ocrx_word' id='word_1_337' title='bbox 1123 2271 1366 2324; x_wconf 80' lang='lat' dir='ltr'>hexaplaris</span> <span class='ocrx_word' id='word_1_338' title='bbox 1383 2272 1428 2327; x_wconf 77' lang='grc'>2),</span> <span class='ocrx_word' id='word_1_339' title='bbox 1459 2272 1777 2312; x_wconf 88' lang='lat' dir='ltr'>armeniaea</span> <span class='ocrx_word' id='word_1_340' title='bbox 1797 2282 1880 2312; x_wconf 88' lang='lat' dir='ltr'>sec.</span> <span class='ocrx_word' id='word_1_341' title='bbox 1903 2269 1964 2319; x_wconf 70' lang='lat' dir='ltr'>V..</span> 
     </span>
     <span class='ocr_line' id='line_1_32' title="bbox 229 2328 1963 2400; baseline -0.003 -13"><span class='ocrx_word' id='word_1_342' title='bbox 229 2347 272 2387; x_wconf 90' lang='lat' dir='ltr'>sl</span> <span class='ocrx_word' id='word_1_343' title='bbox 287 2358 310 2387; x_wconf 86' lang='lat' dir='ltr'>a</span> <span class='ocrx_word' id='word_1_344' title='bbox 314 2347 540 2400; x_wconf 57' lang='lat' dir='ltr'>fflnica,</span> <span class='ocrx_word' id='word_1_345' title='bbox 564 2359 648 2400; x_wconf 91' lang='lat' dir='ltr'>qua</span> <span class='ocrx_word' id='word_1_346' title='bbox 669 2350 845 2387; x_wconf 88' lang='lat' dir='ltr'>utuntur</span> <span class='ocrx_word' id='word_1_347' title='bbox 867 2328 1297 2389; x_wconf 57' lang='lat' dir='ltr'>etianTschismatiCR</span> <span class='ocrx_word' id='word_1_348' title='bbox 1321 2342 1596 2383; x_wconf 85' lang='lat' dir='ltr'>vetustissimi</span> <span class='ocrx_word' id='word_1_349' title='bbox 1618 2354 1787 2395; x_wconf 90' lang='lat' dir='ltr'>quoque</span> <span class='ocrx_word' id='word_1_350' title='bbox 1810 2354 1870 2383; x_wconf 90' lang='lat' dir='ltr'>co</span> <span class='ocrx_word' id='word_1_351' title='bbox 1884 2341 1963 2382; x_wconf 90' lang='lat' dir='ltr'>di-</span> 
     </span>
     <span class='ocr_line' id='line_1_33' title="bbox 230 2412 1962 2472; baseline -0.003 -14"><span class='ocrx_word' id='word_1_352' title='bbox 230 2429 340 2465; x_wconf 67' lang='lat' dir='ltr'>ces„</span> <span class='ocrx_word' id='word_1_353' title='bbox 383 2417 620 2470; x_wconf 80' lang='lat' dir='ltr'>cujusmodi</span> <span class='ocrx_word' id='word_1_354' title='bbox 653 2422 751 2471; x_wconf 51' lang='lat' dir='ltr'>sugit</span> <span class='ocrx_word' id='word_1_355' title='bbox 783 2415 1202 2472; x_wconf 58' lang='lat' dir='ltr'>alexandrinus,</span> <span class='ocrx_word' id='word_1_356' title='bbox 1236 2414 1532 2455; x_wconf 87' lang='lat' dir='ltr'>vaticanus</span> <span class='ocrx_word' id='word_1_357' title='bbox 1567 2425 1648 2454; x_wconf 89' lang='lat' dir='ltr'>sec.</span> <span class='ocrx_word' id='word_1_358' title='bbox 1682 2412 1748 2453; x_wconf 93' lang='lat' dir='ltr'>IV.</span> <span class='ocrx_word' id='word_1_359' title='bbox 1784 2413 1844 2468; x_wconf 86' lang='lat' dir='ltr'>(in</span> <span class='ocrx_word' id='word_1_360' title='bbox 1879 2425 1962 2466; x_wconf 90' lang='lat' dir='ltr'>quo</span> 
     </span>
    </p>
   </div>
   <div class='ocr_carea' id='block_1_3' title="bbox 229 2529 1968 3107">
    <p class='ocr_par' dir='ltr' id='par_1_4' title="bbox 229 2529 1968 3002">
     <span class='ocr_line' id='line_1_34' title="bbox 377 2529 1966 2579; baseline -0.004 -11"><span class='ocrx_word' id='word_1_361' title='bbox 377 2535 399 2579; x_wconf 78' lang='grc'>1)</span> <span class='ocrx_word' id='word_1_362' title='bbox 419 2534 471 2568; x_wconf 93' lang='lat' dir='ltr'>Cf.</span> <span class='ocrx_word' id='word_1_363' title='bbox 487 2535 600 2568; x_wconf 83' lang='lat' dir='ltr'>etiam</span> <span class='ocrx_word' id='word_1_364' title='bbox 615 2534 777 2579; x_wconf 82' lang='lat' dir='ltr'>ejusdem</span> <span class='ocrx_word' id='word_1_365' title='bbox 793 2544 848 2578; x_wconf 86' lang='lat' dir='ltr'>ep.</span> <span class='ocrx_word' id='word_1_366' title='bbox 863 2534 961 2567; x_wconf 82' lang='lat' dir='ltr'>inter</span> <span class='ocrx_word' id='word_1_367' title='bbox 975 2533 1120 2566; x_wconf 86' lang='lat' dir='ltr'>Hiero</span> <span class='ocrx_word' id='word_1_368' title='bbox 1133 2544 1189 2576; x_wconf 69' lang='lat' dir='ltr'>ny</span> <span class='ocrx_word' id='word_1_369' title='bbox 1201 2532 1261 2565; x_wconf 89' lang='lat' dir='ltr'>mi</span> <span class='ocrx_word' id='word_1_370' title='bbox 1280 2542 1335 2575; x_wconf 89' lang='lat' dir='ltr'>ep.</span> <span class='ocrx_word' id='word_1_371' title='bbox 1354 2534 1395 2566; x_wconf 92' lang='grc'>11</span> <span class='ocrx_word' id='word_1_372' title='bbox 1410 2542 1435 2563; x_wconf 89' lang='lat' dir='ltr'>n</span> <span class='ocrx_word' id='word_1_373' title='bbox 1457 2534 1502 2565; x_wconf 83' lang='lat'>35</span> <span class='ocrx_word' id='word_1_374' title='bbox 1515 2544 1522 2569; x_wconf 84' lang='lat'>;</span> <span class='ocrx_word' id='word_1_375' title='bbox 1541 2530 1639 2564; x_wconf 85' lang='lat' dir='ltr'>Kau</span> <span class='ocrx_word' id='word_1_376' title='bbox 1651 2529 1664 2564; x_wconf 90' lang='lat' dir='ltr'>l</span> <span class='ocrx_word' id='word_1_377' title='bbox 1676 2540 1730 2564; x_wconf 90' lang='lat' dir='ltr'>en</span> <span class='ocrx_word' id='word_1_378' title='bbox 1748 2529 1966 2575; x_wconf 81' lang='lat' dir='ltr'>Einleitung</span> 
     </span>
     <span class='ocr_line' id='line_1_35' title="bbox 229 2582 1963 2629; baseline -0.003 -7"><span class='ocrx_word' id='word_1_379' title='bbox 229 2589 269 2622; x_wconf 86' lang='lat' dir='ltr'>in</span> <span class='ocrx_word' id='word_1_380' title='bbox 283 2588 340 2622; x_wconf 83' lang='lat' dir='ltr'>die</span> <span class='ocrx_word' id='word_1_381' title='bbox 354 2588 389 2622; x_wconf 88' lang='lat' dir='ltr'>h.</span> <span class='ocrx_word' id='word_1_382' title='bbox 406 2588 539 2621; x_wconf 64' lang='lat' dir='ltr'>schrift</span> <span class='ocrx_word' id='word_1_383' title='bbox 555 2591 571 2628; x_wconf 64' lang='grc' dir='ltr'>ξ</span> <span class='ocrx_word' id='word_1_384' title='bbox 588 2590 632 2621; x_wconf 70' lang='lat'>23</span> <span class='ocrx_word' id='word_1_385' title='bbox 647 2599 690 2620; x_wconf 94' lang='lat' dir='ltr'>ss.</span> <span class='ocrx_word' id='word_1_386' title='bbox 712 2590 747 2620; x_wconf 89' lang='lat' dir='ltr'>et</span> <span class='ocrx_word' id='word_1_387' title='bbox 765 2586 808 2620; x_wconf 89' lang='lat' dir='ltr'>de</span> <span class='ocrx_word' id='word_1_388' title='bbox 826 2586 996 2620; x_wconf 87' lang='lat' dir='ltr'>universo</span> <span class='ocrx_word' id='word_1_389' title='bbox 1016 2585 1084 2619; x_wconf 90' lang='lat' dir='ltr'>hoc</span> <span class='ocrx_word' id='word_1_390' title='bbox 1102 2584 1317 2629; x_wconf 75' lang='lat' dir='ltr'>argumento</span> <span class='ocrx_word' id='word_1_391' title='bbox 1336 2588 1352 2625; x_wconf 66' lang='grc' dir='ltr'>ξ</span> <span class='ocrx_word' id='word_1_392' title='bbox 1371 2585 1416 2617; x_wconf 83' lang='grc'>22</span> <span class='ocrx_word' id='word_1_393' title='bbox 1432 2595 1487 2623; x_wconf 72' lang='lat' dir='ltr'>ss..</span> <span class='ocrx_word' id='word_1_394' title='bbox 1511 2583 1575 2627; x_wconf 89' lang='lat' dir='ltr'>qui</span> <span class='ocrx_word' id='word_1_395' title='bbox 1601 2583 1652 2617; x_wconf 88' lang='lat' dir='ltr'>ib.</span> <span class='ocrx_word' id='word_1_396' title='bbox 1681 2584 1718 2616; x_wconf 79' lang='lat' dir='ltr'>et</span> <span class='ocrx_word' id='word_1_397' title='bbox 1734 2583 1772 2617; x_wconf 93' lang='lat' dir='ltr'>in</span> <span class='ocrx_word' id='word_1_398' title='bbox 1791 2582 1963 2616; x_wconf 87' lang='lat' dir='ltr'>Kirchen-</span> 
     </span>
     <span class='ocr_line' id='line_1_36' title="bbox 232 2636 1966 2685; baseline -0.003 -10"><span class='ocrx_word' id='word_1_399' title='bbox 232 2642 302 2675; x_wconf 75' lang='lat' dir='ltr'>lex.</span> <span class='ocrx_word' id='word_1_400' title='bbox 323 2642 368 2680; x_wconf 79' lang='grc' dir='ltr'>Π,</span> <span class='ocrx_word' id='word_1_401' title='bbox 389 2643 478 2675; x_wconf 74' lang='lat'>1815</span> <span class='ocrx_word' id='word_1_402' title='bbox 496 2642 632 2677; x_wconf 78' lang='lat' dir='ltr'>tuetur,</span> <span class='ocrx_word' id='word_1_403' title='bbox 652 2640 706 2674; x_wconf 83' lang='lat' dir='ltr'>vel</span> <span class='ocrx_word' id='word_1_404' title='bbox 720 2639 875 2685; x_wconf 83' lang='lat' dir='ltr'>judaeos</span> <span class='ocrx_word' id='word_1_405' title='bbox 892 2641 1057 2683; x_wconf 85' lang='lat' dir='ltr'>tempore</span> <span class='ocrx_word' id='word_1_406' title='bbox 1076 2637 1212 2672; x_wconf 87' lang='lat' dir='ltr'>Christi</span> <span class='ocrx_word' id='word_1_407' title='bbox 1230 2637 1420 2671; x_wconf 85' lang='lat' dir='ltr'>admisisse</span> <span class='ocrx_word' id='word_1_408' title='bbox 1438 2647 1627 2677; x_wconf 87' lang='lat' dir='ltr'>canonem,</span> <span class='ocrx_word' id='word_1_409' title='bbox 1641 2636 1705 2680; x_wconf 90' lang='lat' dir='ltr'>qui</span> <span class='ocrx_word' id='word_1_410' title='bbox 1718 2638 1966 2680; x_wconf 80' lang='lat' dir='ltr'>repraesenta-</span> 
     </span>
     <span class='ocr_line' id='line_1_37' title="bbox 230 2688 1967 2736; baseline -0.003 -8"><span class='ocrx_word' id='word_1_411' title='bbox 230 2701 294 2729; x_wconf 84' lang='lat' dir='ltr'>tur</span> <span class='ocrx_word' id='word_1_412' title='bbox 311 2694 477 2728; x_wconf 68' lang='lat' dir='ltr'>versione</span> <span class='ocrx_word' id='word_1_413' title='bbox 495 2693 744 2733; x_wconf 80' lang='lat' dir='ltr'>alexandrina,</span> <span class='ocrx_word' id='word_1_414' title='bbox 763 2703 898 2736; x_wconf 87' lang='lat' dir='ltr'>eosque</span> <span class='ocrx_word' id='word_1_415' title='bbox 917 2692 1052 2726; x_wconf 82' lang='lat' dir='ltr'>sensim</span> <span class='ocrx_word' id='word_1_416' title='bbox 1069 2691 1116 2724; x_wconf 87' lang='lat' dir='ltr'>ab</span> <span class='ocrx_word' id='word_1_417' title='bbox 1133 2691 1203 2725; x_wconf 87' lang='lat' dir='ltr'>hoc</span> <span class='ocrx_word' id='word_1_418' title='bbox 1223 2701 1372 2730; x_wconf 85' lang='lat' dir='ltr'>canone,</span> <span class='ocrx_word' id='word_1_419' title='bbox 1400 2701 1509 2734; x_wconf 88' lang='lat' dir='ltr'>quem</span> <span class='ocrx_word' id='word_1_420' title='bbox 1534 2689 1703 2734; x_wconf 84' lang='lat' dir='ltr'>amplexa</span> <span class='ocrx_word' id='word_1_421' title='bbox 1731 2691 1787 2723; x_wconf 79' lang='lat' dir='ltr'>est</span> <span class='ocrx_word' id='word_1_422' title='bbox 1803 2688 1967 2724; x_wconf 82' lang='lat' dir='ltr'>Ecclesia</span> 
     </span>
     <span class='ocr_line' id='line_1_38' title="bbox 233 2742 1964 2791; baseline -0.002 -10"><span class='ocrx_word' id='word_1_423' title='bbox 233 2748 383 2788; x_wconf 79' lang='lat' dir='ltr'>Christi,</span> <span class='ocrx_word' id='word_1_424' title='bbox 401 2748 592 2781; x_wconf 79' lang='lat' dir='ltr'>recessisse</span> <span class='ocrx_word' id='word_1_425' title='bbox 611 2750 645 2780; x_wconf 86' lang='lat' dir='ltr'>et</span> <span class='ocrx_word' id='word_1_426' title='bbox 664 2747 824 2791; x_wconf 88' lang='lat' dir='ltr'>coepisse</span> <span class='ocrx_word' id='word_1_427' title='bbox 842 2745 986 2789; x_wconf 75' lang='lat' dir='ltr'>aliquot</span> <span class='ocrx_word' id='word_1_428' title='bbox 1003 2743 1116 2778; x_wconf 87' lang='lat' dir='ltr'>libros</span> <span class='ocrx_word' id='word_1_429' title='bbox 1135 2745 1182 2778; x_wconf 87' lang='lat' dir='ltr'>ab</span> <span class='ocrx_word' id='word_1_430' title='bbox 1202 2755 1243 2778; x_wconf 87' lang='lat' dir='ltr'>eo</span> <span class='ocrx_word' id='word_1_431' title='bbox 1263 2743 1471 2781; x_wconf 71' lang='lat' dir='ltr'>excludere:</span> <span class='ocrx_word' id='word_1_432' title='bbox 1498 2743 1736 2778; x_wconf 77' lang='lat' dir='ltr'>Poertner</span> <span class='ocrx_word' id='word_1_433' title='bbox 1754 2742 1814 2777; x_wconf 90' lang='lat' dir='ltr'>die</span> <span class='ocrx_word' id='word_1_434' title='bbox 1830 2744 1964 2778; x_wconf 81' lang='lat' dir='ltr'>Aucto-</span> 
     </span>
     <span class='ocr_line' id='line_1_39' title="bbox 231 2796 1968 2841; baseline -0.003 -7"><span class='ocrx_word' id='word_1_435' title='bbox 231 2802 323 2835; x_wconf 73' lang='lat' dir='ltr'>ritat</span> <span class='ocrx_word' id='word_1_436' title='bbox 343 2800 406 2833; x_wconf 84' lang='lat' dir='ltr'>der</span> <span class='ocrx_word' id='word_1_437' title='bbox 424 2799 839 2834; x_wconf 77' lang='lat' dir='ltr'>deutero-canonischen</span> <span class='ocrx_word' id='word_1_438' title='bbox 856 2799 999 2833; x_wconf 80' lang='lat' dir='ltr'>Biicher</span> <span class='ocrx_word' id='word_1_439' title='bbox 1017 2797 1078 2831; x_wconf 86' lang='lat' dir='ltr'>des</span> <span class='ocrx_word' id='word_1_440' title='bbox 1092 2798 1136 2831; x_wconf 88' lang='lat' dir='ltr'>A.</span> <span class='ocrx_word' id='word_1_441' title='bbox 1146 2797 1190 2832; x_wconf 78' lang='lat' dir='ltr'>T.</span> <span class='ocrx_word' id='word_1_442' title='bbox 1209 2796 1487 2841; x_wconf 81' lang='lat' dir='ltr'>nachgewiesen</span> <span class='ocrx_word' id='word_1_443' title='bbox 1502 2807 1567 2829; x_wconf 89' lang='lat' dir='ltr'>aus</span> <span class='ocrx_word' id='word_1_444' title='bbox 1584 2796 1656 2830; x_wconf 89' lang='lat' dir='ltr'>den</span> <span class='ocrx_word' id='word_1_445' title='bbox 1670 2796 1968 2840; x_wconf 85' lang='lat' dir='ltr'>Auschauungen</span> 
     </span>
     <span class='ocr_line' id='line_1_40' title="bbox 232 2847 1968 2897; baseline -0.003 -9"><span class='ocrx_word' id='word_1_446' title='bbox 232 2854 297 2887; x_wconf 88' lang='lat' dir='ltr'>dei·</span> <span class='ocrx_word' id='word_1_447' title='bbox 315 2852 606 2897; x_wconf 72' lang='lat' dir='ltr'>palastinischen</span> <span class='ocrx_word' id='word_1_448' title='bbox 625 2853 699 2885; x_wconf 85' lang='lat' dir='ltr'>und</span> <span class='ocrx_word' id='word_1_449' title='bbox 729 2851 1034 2886; x_wconf 83' lang='lat' dir='ltr'>hellenistischen</span> <span class='ocrx_word' id='word_1_450' title='bbox 1059 2850 1190 2891; x_wconf 73' lang='lat' dir='ltr'>Juden‚</span> <span class='ocrx_word' id='word_1_451' title='bbox 1208 2850 1374 2884; x_wconf 78' lang='lat' dir='ltr'>Miinster</span> <span class='ocrx_word' id='word_1_452' title='bbox 1394 2852 1504 2885; x_wconf 78' lang='lat'>1893:</span> <span class='ocrx_word' id='word_1_453' title='bbox 1532 2849 1651 2883; x_wconf 81' lang='lat' dir='ltr'>Corn</span> <span class='ocrx_word' id='word_1_454' title='bbox 1663 2847 1738 2892; x_wconf 71' lang='lat' dir='ltr'>ely</span> <span class='ocrx_word' id='word_1_455' title='bbox 1766 2848 1900 2884; x_wconf 87' lang='lat' dir='ltr'>introd.</span> <span class='ocrx_word' id='word_1_456' title='bbox 1928 2849 1968 2883; x_wconf 85' lang='lat' dir='ltr'>in</span> 
     </span>
     <span class='ocr_line' id='line_1_41' title="bbox 231 2902 1967 2949; baseline -0.003 -9"><span class='ocrx_word' id='word_1_457' title='bbox 231 2907 275 2940; x_wconf 72' lang='lat' dir='ltr'>V.</span> <span class='ocrx_word' id='word_1_458' title='bbox 294 2906 332 2940; x_wconf 92' lang='lat' dir='ltr'>T.</span> <span class='ocrx_word' id='word_1_459' title='bbox 352 2906 465 2940; x_wconf 84' lang='lat' dir='ltr'>libros</span> <span class='ocrx_word' id='word_1_460' title='bbox 485 2915 514 2939; x_wconf 86' lang='lat' dir='ltr'>e.</span> <span class='ocrx_word' id='word_1_461' title='bbox 534 2909 553 2939; x_wconf 79' lang='lat'>2</span> <span class='ocrx_word' id='word_1_462' title='bbox 572 2906 588 2942; x_wconf 65' lang='grc' dir='ltr'><strong>ἓ</strong></span> <span class='ocrx_word' id='word_1_463' title='bbox 607 2908 626 2939; x_wconf 81' lang='grc'><strong>3</strong></span> <span class='ocrx_word' id='word_1_464' title='bbox 645 2917 679 2938; x_wconf 88' lang='lat' dir='ltr'>n.</span> <span class='ocrx_word' id='word_1_465' title='bbox 700 2908 763 2940; x_wconf 80' lang='lat'>25:</span> <span class='ocrx_word' id='word_1_466' title='bbox 792 2905 867 2938; x_wconf 89' lang='lat' dir='ltr'>imo</span> <span class='ocrx_word' id='word_1_467' title='bbox 885 2905 1008 2949; x_wconf 80' lang='lat' dir='ltr'>plures</span> <span class='ocrx_word' id='word_1_468' title='bbox 1036 2914 1181 2948; x_wconf 87' lang='lat' dir='ltr'>quoque</span> <span class='ocrx_word' id='word_1_469' title='bbox 1199 2904 1448 2948; x_wconf 76' lang='lat' dir='ltr'>protestantes</span> <span class='ocrx_word' id='word_1_470' title='bbox 1474 2904 1624 2936; x_wconf 82' lang='lat' dir='ltr'>censent</span> <span class='ocrx_word' id='word_1_471' title='bbox 1651 2912 1828 2936; x_wconf 83' lang='lat' dir='ltr'>canonem</span> <span class='ocrx_word' id='word_1_472' title='bbox 1841 2902 1967 2947; x_wconf 85' lang='lat' dir='ltr'>judae-</span> 
     </span>
     <span class='ocr_line' id='line_1_42' title="bbox 232 2955 1566 3002; baseline -0.004 -8"><span class='ocrx_word' id='word_1_473' title='bbox 232 2971 345 2994; x_wconf 85' lang='lat' dir='ltr'>orum</span> <span class='ocrx_word' id='word_1_474' title='bbox 363 2958 683 2993; x_wconf 77' lang='lat' dir='ltr'>alexandrinorum</span> <span class='ocrx_word' id='word_1_475' title='bbox 704 2958 922 3002; x_wconf 86' lang='lat' dir='ltr'>ampliorem</span> <span class='ocrx_word' id='word_1_476' title='bbox 938 2958 1049 2991; x_wconf 88' lang='lat' dir='ltr'>fuisse</span> <span class='ocrx_word' id='word_1_477' title='bbox 1067 2967 1204 2991; x_wconf 86' lang='lat' dir='ltr'>canone</span> <span class='ocrx_word' id='word_1_478' title='bbox 1222 2955 1566 2998; x_wconf 62' lang='lat' dir='ltr'>hierosolymitano.</span> 
     </span>
    </p>

    <p class='ocr_par' dir='ltr' id='par_1_5' title="bbox 235 3008 1968 3107">
     <span class='ocr_line' id='line_1_43' title="bbox 375 3008 1967 3054; baseline -0.003 -8"><span class='ocrx_word' id='word_1_479' title='bbox 375 3016 402 3054; x_wconf 65' lang='grc' dir='ltr'>ἰ’)</span> <span class='ocrx_word' id='word_1_480' title='bbox 420 3011 549 3046; x_wconf 81' lang='lat' dir='ltr'>Versio</span> <span class='ocrx_word' id='word_1_481' title='bbox 568 3011 719 3054; x_wconf 75' lang='lat' dir='ltr'>syriaca,</span> <span class='ocrx_word' id='word_1_482' title='bbox 738 3021 832 3054; x_wconf 83' lang='lat' dir='ltr'>quae</span> <span class='ocrx_word' id='word_1_483' title='bbox 850 3012 1002 3045; x_wconf 79' lang='lat' dir='ltr'>vocatur</span> <span class='ocrx_word' id='word_1_484' title='bbox 1019 3010 1187 3054; x_wconf 86' lang='lat' dir='ltr'>peschito</span> <span class='ocrx_word' id='word_1_485' title='bbox 1205 3020 1269 3044; x_wconf 89' lang='lat' dir='ltr'>seu</span> <span class='ocrx_word' id='word_1_486' title='bbox 1287 3009 1451 3053; x_wconf 75' lang='lat' dir='ltr'>simplex,</span> <span class='ocrx_word' id='word_1_487' title='bbox 1479 3009 1577 3043; x_wconf 83' lang='lat' dir='ltr'>facta</span> <span class='ocrx_word' id='word_1_488' title='bbox 1605 3019 1648 3042; x_wconf 76' lang='lat' dir='ltr'>ex</span> <span class='ocrx_word' id='word_1_489' title='bbox 1673 3009 1778 3043; x_wconf 88' lang='lat' dir='ltr'>fonte</span> <span class='ocrx_word' id='word_1_490' title='bbox 1795 3008 1967 3042; x_wconf 87' lang='lat' dir='ltr'>hebraico</span> 
     </span>
     <span class='ocr_line' id='line_1_44' title="bbox 235 3062 1968 3107; baseline -0.002 -9"><span class='ocrx_word' id='word_1_491' title='bbox 235 3066 350 3100; x_wconf 85' lang='lat' dir='ltr'>libros</span> <span class='ocrx_word' id='word_1_492' title='bbox 369 3064 720 3100; x_wconf 84' lang='lat' dir='ltr'>deuterocanonicos</span> <span class='ocrx_word' id='word_1_493' title='bbox 748 3073 821 3097; x_wconf 89' lang='lat' dir='ltr'>non</span> <span class='ocrx_word' id='word_1_494' title='bbox 849 3065 1074 3104; x_wconf 75' lang='lat' dir='ltr'>continebat,</span> <span class='ocrx_word' id='word_1_495' title='bbox 1102 3074 1226 3098; x_wconf 86' lang='lat' dir='ltr'>eorum</span> <span class='ocrx_word' id='word_1_496' title='bbox 1253 3065 1379 3097; x_wconf 80' lang='lat' dir='ltr'>tamen</span> <span class='ocrx_word' id='word_1_497' title='bbox 1395 3063 1512 3097; x_wconf 87' lang='lat' dir='ltr'>versio</span> <span class='ocrx_word' id='word_1_498' title='bbox 1525 3063 1606 3107; x_wconf 85' lang='lat' dir='ltr'>jam</span> <span class='ocrx_word' id='word_1_499' title='bbox 1625 3073 1692 3097; x_wconf 88' lang='lat' dir='ltr'>sec.</span> <span class='ocrx_word' id='word_1_500' title='bbox 1712 3062 1771 3097; x_wconf 83' lang='lat' dir='ltr'>IV.</span> <span class='ocrx_word' id='word_1_501' title='bbox 1789 3062 1968 3096; x_wconf 80' lang='lat' dir='ltr'>exstabat.</span> 
     </span>
    </p>
   </div>
  </div>
 </body>
</html>
