2175 3382
903 75 1086 119 Vulgatae
1105 76 1298 109 authentia
1881 81 1961 123 199

349 195 390 237 3.
416 206 466 235 ex
490 193 768 246 adjunctis
791 193 1102 234 declarationis.
1126 191 1238 234 Sane
1261 194 1486 234 concilium
1510 207 1604 235 eam
1620 196 1847 237 editionem
1869 196 1961 238 vul-

229 270 372 317 gatam
394 264 626 306 declaravit
647 264 949 313 authenticam,
983 276 1067 316 qua
1098 268 1198 304 tunc
1220 263 1408 305 Ecclesia
1430 265 1637 309 utebatur.
1681 266 1808 320 Atqui
1838 267 1962 308 simul

230 337 401 388 agnovit
431 336 543 376 hanc
572 336 709 388 ipsam
735 335 922 386 indigere
945 334 1244 376 emendatione
1267 346 1447 388 eamque
1472 336 1725 378 emendandi
1747 338 1962 390 negotium

228 418 409 447 romano
440 405 625 458 pontifici
657 405 982 448 commendavit.
1026 405 1132 458 Ergo
1165 418 1250 446 non
1282 406 1460 446 intendit
1492 408 1718 448 concilium
1750 420 1961 449 summam

228 477 424 530 vulgatae
447 489 544 518 cum
567 480 684 517 textu
706 476 900 528 originali
923 476 1141 517 declarare
1165 476 1518 521 conformitatem.
1543 477 1751 518 Probatur

346 549 389 593 4.
426 560 477 588 ex
512 546 838 588 testimonio
873 547 1219 597 gravissimorum
1255 547 1563 599 theologorum,
1608 561 1788 601 quorum
1824 549 1963 601 plures

227 619 508 660 interfuerunt
529 618 720 667 concilio,
742 623 789 659 ut
812 617 1056 659 Salmero
1070 618 1173 667 nis,
1200 616 1289 661 Did.
1313 617 1444 658 Paiva
1467 618 1518 658 de
1540 618 1759 659 Andrad
1773 632 1797 659 a
1821 623 1897 660 etc.
1918 620 1962 675 ¹).

346 691 388 733 5.
424 688 630 730 Absoluta
652 689 928 730 contormitas
960 688 1127 729 defendi
1150 689 1305 742 nequit,
1343 689 1443 740 quin
1467 689 1598 730 multa
1634 690 1839 730 miracula
1873 690 1962 730 sine

227 760 405 802 testibus
428 760 715 810 admittantur,
737 760 824 800 scil.
847 759 1151 812 Hieronymum
1173 760 1364 800 omnium
1379 760 1749 801 emendatissimos
1762 760 1963 801 habuisse

228 832 408 880 codices,
440 832 482 872 in
514 830 682 872 codices
714 831 922 871 versionis
954 830 1195 871 seculorum
1217 830 1339 882 lapsu
1362 831 1688 872 amanuensium
1712 831 1963 883 negligentia

226 914 445 955 nunquam
466 902 687 954 irrepsisse
710 902 878 946 menda,
911 902 1023 955 quod
1055 906 1202 942 tamen
1224 901 1440 943 evidenter
1464 907 1527 943 est
1548 901 1700 943 falsum
1724 907 1801 943 etc.
1845 902 1963 954 Quid,

227 973 340 1026 quod
361 972 557 1025 vulgatae
580 972 708 1014 editio
741 977 838 1026 post
869 973 1233 1025 diligentissimam
1257 973 1567 1014 correctionem
1585 973 1705 1025 jussu
1729 985 1833 1014 rom.
1857 986 1963 1025 pon-

225 1042 384 1084 tificum
406 1043 654 1093 institutam,
689 1048 786 1096 post
817 1048 878 1084 tot
908 1043 1078 1084 labores
1111 1056 1135 1084 a
1169 1044 1423 1084 doctissimis
1447 1044 1793 1085 emendatoribus
1816 1048 1964 1085 exant-

225 1116 336 1157 latos
359 1148 374 1164 ,‚
388 1116 526 1157 adhuc
547 1128 661 1156 nunc
682 1115 871 1156 nondum
901 1120 964 1156 est
987 1114 1183 1155 omnibus
1206 1116 1394 1156 numeris
1419 1115 1617 1156 absoluta
1634 1121 1704 1171 ²),‘-
1745 1114 1857 1167 quod
1889 1114 1965 1155 ali-

228 1199 312 1239 qua
334 1199 443 1240 quae
458 1186 663 1227 mutanda
676 1186 931 1227 videbantur
946 1186 1139 1227 consulto
1163 1187 1206 1226 in
1228 1198 1278 1227 eo
1303 1186 1471 1227 fuerunt
1492 1187 1640 1227 relicta
1661 1186 1898 1235 immutata,
1921 1190 1966 1225 ut

227 1257 404 1310 legimus
427 1258 469 1298 in
490 1257 754 1309 praefatione
777 1257 950 1298 editioni
966 1256 1255 1298 Clementinae
1271 1258 1537 1309 praemissa?
1558 1257 1656 1298 Ideo
1677 1260 1819 1297 autem
1834 1268 1964 1309 quae-

227 1328 327 1368 dam
349 1333 512 1369 mutata
544 1340 631 1369 non
662 1328 790 1377 fuere,
822 1340 876 1369 ne
907 1342 949 1371 a.
982 1328 1164 1380 populus
1196 1328 1499 1375 offenderetur;
1533 1328 1632 1381 quia
1663 1329 1707 1371 b.
1740 1327 1965 1368 concilium

227 1400 363 1440 noluit
383 1403 428 1440 ut
452 1399 733 1440 adornaretur
756 1411 869 1440 nova
891 1399 1042 1447 versio,
1067 1399 1142 1439 sed
1164 1403 1329 1440 tantum
1353 1404 1399 1440 ut
1422 1399 1547 1440 editio
1571 1399 1741 1450 vulgata
1763 1398 1965 1450 pristinae

227 1470 476 1511 redderetur
506 1470 700 1522 puritati3
734 1482 775 1513 c.
809 1470 908 1522 quia
939 1470 1154 1521 praesumi
1186 1474 1365 1521 poterat.
1398 1469 1705 1523 Hieronymum
1728 1470 1864 1510 bonos
1887 1470 1964 1509 ha-

227 1540 370 1582 buisse
394 1541 563 1582 codices
586 1540 780 1594 beneque
813 1541 989 1582 vertisse
1022 1541 1149 1581 etiam
1181 1540 1249 1590 ibi,
1281 1540 1351 1581 ubi
1384 1541 1618 1581 secundum
1646 1540 1814 1581 codices
1838 1540 1964 1581 modo

229 1617 445 1653 exstantes
468 1624 587 1653 error
610 1624 704 1653 esse
726 1611 903 1655 videtur.

352 1698 445 1739 182.
467 1695 747 1749 Pl'opositio
770 1695 863 1738 III.
908 1698 1048 1744 (jaare
1070 1699 1236 1747 wlyata
1265 1709 1308 1735 eo
1330 1709 1449 1735 sensu
1473 1699 1527 1735 est
1550 1694 1800 1748 authentica,
1835 1699 1876 1734 ut
1901 1708 1965 1734 ne-

226 1766 361 1819 9atiw
383 1765 544 1820 quidem
570 1765 707 1805 nullus
729 1778 848 1805 error
863 1766 1124 1818 perniciosus
1148 1780 1196 1805 em
1219 1779 1265 1806 eu
1289 1770 1488 1820 sequatur
1500 1780 1512 1804 .·
1539 1766 1711 1819 positive
1733 1779 1824 1806 ¹cero
1851 1771 1893 1806 nt
1914 1766 1966 1805 sit

228 1836 452 1888 conformis
475 1834 706 1889 Scripturis
728 1835 1005 1887 ortye'nale'bus
1034 1837 1075 1875 m
1110 1837 1173 1889 iis,
1207 1851 1311 1890 quae
1333 1850 1381 1877 ex
1404 1850 1485 1877 sese
1509 1837 1564 1876 cccl
1584 1836 1704 1889 fidem
1729 1849 1966 1891 morumque

228 1906 414 1959 re'qulam
435 1910 622 1960 spectant
645 1914 678 1946 et
699 1906 845 1961 quibus
866 1906 1062 1947 historiae
1085 1911 1119 1947 et
1140 1906 1381 1961 prophetiae
1403 1920 1563 1948 summa
1589 1908 1828 1948 continetur.
1862 1906 1964 1947 Vul-

227 1982 327 2029 gata
348 1977 459 2018 enim
483 1978 518 2017 si
540 1977 622 2017 hac
645 1977 864 2018 authentia
888 1982 1064 2026 careret,
1088 1978 1333 2018 authentica
1356 1978 1599 2029 simpliciter
1621 1991 1708 2019 non
1731 1982 1861 2019 esset:
1892 1990 1965 2018 ne-

227 2058 308 2100 que
330 2047 416 2088 ulla
438 2051 550 2088 esset
571 2048 779 2088 versionis
802 2061 833 2088 s.
857 2046 1100 2100 Scripturae
1124 2048 1294 2096 utilitas,
1326 2049 1361 2089 si
1384 2049 1421 2089 ei
1444 2052 1533 2089 tuto
1557 2048 1685 2089 fidere
1708 2062 1795 2090 non
1816 2061 1964 2100 posse-

226 2131 320 2159 mus
343 2119 387 2158 in
407 2118 470 2167 iis,
492 2130 603 2171 quae
626 2118 681 2159 ad
703 2117 827 2159 fidem
842 2130 1068 2172 moresque
1083 2123 1289 2171 spectant.
1313 2119 1435 2170 Quod
1458 2124 1503 2160 ut
1525 2119 1761 2160 distinctius
1784 2120 1965 2172 explice-

225 2201 332 2238 mus,
354 2189 415 2229 ita
436 2201 533 2229 cum
557 2189 670 2233 card.
692 2189 724 2229 F
740 2190 991 2230 ranzelin
1016 2190 1209 2242 vulgatae
1233 2190 1496 2231 authentiam
1519 2190 1810 2233 declaramus:

345 2261 385 2304 1.
407 2260 582 2313 Dogma,
604 2261 719 2314 quod
734 2273 979 2314 expressum
996 2267 1134 2303 exstat
1156 2263 1198 2302 in
1222 2262 1284 2303 ed.
1307 2263 1489 2314 vulgata,
1514 2275 1600 2303 non
1617 2263 1763 2303 deerat
1786 2263 1827 2302 in
1850 2267 1966 2303 textu

226 2331 438 2383 originali:
462 2344 545 2384 quo
570 2345 698 2374 sensu
721 2332 885 2373 admitti
907 2335 1052 2385 nequit
1067 2333 1289 2373 diversitas
1312 2334 1509 2384 negativa
1532 2333 1750 2385 discrep
1766 2333 1917 2373 antia
1931 2345 1963 2373 e.

343 2417 528 2461 Quaestio
551 2418 613 2455 hic
634 2418 832 2466 quondam
854 2420 959 2455 mota-
981 2418 1068 2463 fuit,
1092 2431 1180 2455 num
1206 2418 1258 2455 sit
1281 2421 1415 2456 contra
1430 2431 1588 2456 sensum
1604 2419 1750 2456 decreti
1771 2419 1964 2456 triden-

223 2475 324 2512 tini
346 2477 450 2514 tueri
471 2489 527 2514 ex.
549 2490 606 2526 gr.
628 2477 757 2514 locum
781 2477 970 2514 celebrem
994 2480 1033 2514 et
1055 2479 1157 2514 certe
1181 2477 1442 2527 dogmaticum
1462 2478 1621 2517 1.J0an.
1648 2484 1683 2523 5,
1704 2485 1722 2517 7
1741 2492 1747 2514 :
1778 2479 1961 2524 Quoniam

225 2539 301 2572 tres
323 2540 422 2582 sunt,
447 2537 512 2585 qui
533 2537 788 2573 testimonium
810 2537 903 2573 dam}
926 2538 962 2572 in
988 2537 1095 2584 coelo,
1121 2535 1248 2585 Pater,
1282 2536 1444 2574 Verbum
1469 2542 1502 2574 et
1525 2537 1696 2585 Spiritus
1717 2550 1758 2585 3.,
1785 2542 1816 2574 et
1837 2538 1876 2574 722·
1891 2542 1964 2573 tres

222 2605 342 2631 unum
363 2600 465 2642 sunt,
487 2607 565 2632 non
588 2598 739 2632 exst-are
760 2596 802 2632 in
823 2597 937 2632 textu
959 2595 1152 2644 originali.
1189 2596 1288 2632 Sunt
1320 2596 1388 2643 qui
1411 2596 1661 2640 affirmarent,
1688 2596 1778 2644 quia
1793 2596 1964 2645 Vulgata

371 2721 393 2761 ¹)
412 2720 476 2754 Ille
495 2731 553 2765 op.
572 2721 598 2760 l,
619 2724 664 2755 24
684 2733 722 2761 s.‚
741 2720 801 2754 hic
819 2720 891 2755 def.
911 2730 1009 2754 conc.
1029 2721 1113 2754 trid.
1134 2721 1156 2754 l.
1175 2725 1199 2755 4
1216 2734 1250 2766 p.
1271 2723 1338 2755 247
1357 2733 1402 2755 ss.
1424 2721 1474 2755 Of.
1494 2721 1802 2755 Belial-minu
1815 2733 1828 2754 s
1848 2721 1885 2753 in
1905 2733 1961 2764 op.

224 2773 424 2816 posthumo
451 2773 505 2809 ed.
534 2784 556 2807 a
582 2773 817 2808 Zaccaria
844 2774 884 2807 in
912 2774 1050 2818 proleg.
1080 2773 1125 2807 ad
1143 2777 1168 2807 t.
1191 2778 1220 2807 1.
1240 2774 1401 2808 Tirini
1423 2777 1531 2813 1795;
1559 2774 1776 2808 Mariana
1806 2775 1849 2807 de
1877 2774 1961 2807 edit.

226 2826 389 2870 Vulgata
406 2837 435 2860 e.
455 2830 518 2866 21;
546 2827 610 2862 ΗΟ
623 2828 732 2862 dius
751 2828 794 2862 de
812 2830 888 2862 ant.
909 2828 998 2861 bibl.
1020 2838 1110 2866 vers,
1128 2841 1163 2873 p.
1184 2832 1203 2862 2
1222 2829 1245 2862 1.
1262 2831 1282 2863 :3
1301 2840 1328 2866 c.
1352 2833 1404 2870 15,
1435 2830 1498 2873 qui
1518 2829 1613 2863 ultra
1631 2832 1675 2863 80
1695 2828 1958 2862 catholicorum

225 2879 485 2924 theologorum
503 2880 754 2925 conspirantes
775 2881 977 2915 sententias
996 2880 1182 2915 describit.

370 2934 396 2978 2)
414 2932 567 2967 Fatente
584 2935 616 2968 V
628 2944 674 2967 er
686 2945 704 2968 c
717 2933 782 2968 ell
795 2945 850 2968 on
864 2946 882 2968 e
909 2935 948 2967 in
967 2935 1053 2968 solis
1072 2935 1214 2969 duobus
1233 2935 1337 2969 libris
1364 2935 1511 2969 Samuel
1537 2938 1582 2969 54
1603 2935 1835 2979 reperiimtur
1853 2934 1961 2966 inter-

224 2984 443 3028 polationes,
468 2996 487 3019 e
510 2986 644 3029 quibus
663 2986 786 3020 Sixtus
814 2987 856 3021 V.
884 2997 1028 3027 novem,
1057 2987 1149 3022 alias
1177 2989 1458 3031 quatuordecim
1486 2987 1652 3022 Clemens
1670 2986 1765 3019 Vin.
1797 2986 1960 3023 rori-exit,

225 3036 380 3079 ideoque
399 3039 441 3072 31
463 3037 581 3071 adhue
600 3040 810 3082 supersunt.
