2175 3382
502 140 628 175 Thesis
647 141 773 175 XXXI.
794 140 903 175 Nulla
925 152 1023 175 nova
1039 144 1253 176 oeconomia
1272 145 1327 177 est
1348 146 1600 188 exspectanda.
1835 153 1917 195 1433

183 280 225 312 et
247 275 534 324 praedicat-ione
563 275 833 319 ecclesiastica,
867 275 914 311 ad
936 287 1053 322 quam
1071 275 1222 324 jugiter
1243 276 1469 324 respiciunt,
1494 277 1824 327 interpretantur;
1856 282 1916 320 id-

184 347 262 382 que
285 343 325 374 c..
349 333 500 371 faciunt
531 333 764 382 quandoque
795 346 839 370 ex
863 334 1026 380 quadam
1059 335 1420 380 accommodatione,
1452 338 1497 372 ut
1529 336 1680 375 facilius
1704 339 1917 379 haereticos

185 394 285 431 solas
318 395 503 442 urgentes
528 393 749 440 Scripturas
781 393 986 428 lucrentur
1007 392 1068 428 vel
1103 392 1294 436 refellant,
1327 394 1430 430 sicut
1453 394 1492 430 id
1517 396 1629 433 modo
1652 409 1784 436 omnes
1807 400 1914 437 theo-

184 452 264 501 logi
306 452 486 489 catholici
517 463 603 488 cum
635 450 947 500 protestantibus
971 450 1218 499 disputantes
1239 451 1363 489 facere
1393 452 1598 498 nituntu1·;
1641 468 1766 504 neque
1800 456 1845 498 d.
1877 459 1915 496 id

183 510 336 548 faciunt
367 511 467 547 circa
498 510 662 547 omnia
695 510 889 559 dogmata.
933 510 1108 558 Denique
1140 520 1181 550 e.
1206 510 1343 548 sedulo
1375 511 1566 561 distingui
1590 513 1705 551 debet
1726 516 1828 554 inter
1849 518 1914 555 de-

184 570 506 606 monstrationem
549 568 924 613 scientificam,
966 581 1042 616 qua
1076 571 1205 617 patres
1239 571 1358 618 atque
1388 570 1560 620 theologi
1591 584 1703 620 saepe
1734 579 1913 618 utuntur.

185 641 361 676 quaeque
383 628 446 665 vel
467 628 569 664 viam
591 629 703 676 paret
725 627 773 664 ad
794 627 908 664 fidem
930 628 991 664 vel
1015 627 1300 665 haereticorum
1324 629 1462 666 saltem
1486 631 1671 668 retundat
1694 634 1912 673 audaciam:

180 690 223 724 et
236 687 609 724 demonstrationem
631 699 690 723 au
703 686 753 723 th
767 699 786 723 e
799 699 824 723 n
835 686 907 723 tic
918 699 1007 731 am,
1031 699 1130 734 quae
1146 686 1199 724 sit
1213 688 1485 736 peremptoria,
1509 689 1689 727 omnibus
1704 704 1914 730 accommo-

181 746 283 790 data,
316 746 379 783 cui
400 758 533 782 omnes
567 745 758 793 suincere
781 758 819 782 se
842 745 1021 789 debeant,
1054 746 1274 794 cujusmodi
1295 759 1374 783 non
1396 750 1456 784 est
1479 747 1760 787 demonstratio
1782 764 1801 788 e
1824 753 1914 789 solis

181 804 397 853 Scripturis
427 804 738 853 independenter
769 818 790 841 a
811 804 899 841 vivo
931 806 970 841 et
1000 804 1226 842 authentico
1262 806 1515 843 successionis
1538 809 1771 855 apostolicae
1793 812 1914 860 magi-

183 864 304 901 sterio
337 860 390 916 (n.
418 861 529 915 126).
553 863 605 900 Cf.
637 863 1006 900 Bellarminum
1037 863 1101 909 IV,
1142 871 1212 907 11;
1247 863 1520 913 Stapleton
1553 866 1807 916 Ρ1·11101ρ.11(1.
1832 870 1913 915 XII,

153 930 258 970 ,11;
282 923 556 960 Franzelin
578 923 634 960 th.
663 929 733 967 197.
759 923 1018 959 Scheeben
1041 920 1060 964 ἓ
1087 929 1150 962 21.

916 1037 1086 1092 Caput
1119 1038 1175 1081 iv.

220 1119 630 1168 Addit-amenta,
673 1130 809 1171 quae
851 1119 913 1159 ad
956 1119 1263 1160 doctrinam
1307 1120 1367 1161 de
1411 1121 1717 1165 traditione
1759 1126 1877 1167 illu-

755 1190 1039 1230 strandam
1080 1195 1348 1242 spectant.

303 1277 393 1318 147.
416 1274 687 1316 Absolvimus
720 1287 782 1324 ea,
813 1287 922 1327 quae
945 1280 1139 1328 spectant
1161 1275 1215 1316 ad
1238 1276 1477 1318 traditionis
1499 1278 1730 1325 rationem;
1762 1279 1837 1320 sed
1859 1280 1913 1320 ad

178 1344 412 1396 pleniorem
434 1345 705 1387 revelationis
728 1346 986 1387 christianae
1010 1346 1184 1399 ejusque
1204 1348 1408 1388 momenti
1424 1348 1739 1400 intelligentiam
1759 1350 1914 1402 juverit

174 1416 389 1468 quaedam
411 1416 638 1458 addidisse.

295 1499 468 1543 ThGSiS
490 1500 675 1544 XXXI.
740 1515 973 1548 Rev-elatio
1009 1515 1268 1548 christiana
1305 1519 1450 1550 morte
1488 1517 1803 1559 apostolorum
1842 1519 1909 1552 ica

174 1572 402 1613 completa
429 1574 605 1607 censeri
640 1574 782 1614 (lebet,
815 1576 866 1607 *ut
900 1583 1047 1616 neque
1078 1583 1200 1608 nova
1227 1576 1493 1608 oeconomia
1515 1577 1808 1617 perfectioris
1834 1586 1908 1610 or-

173 1631 301 1665 dinis
327 1633 370 1664 et
395 1631 643 1673 amplioris
670 1632 979 1673 ret-elationis,
1005 1641 1150 1674 neque
1177 1632 1327 1665 ullum
1355 1632 1621 1673 objecta-um
1651 1635 1909 1669 incremen-

174 1692 272 1723 tum
289 1691 487 1731 depositi
510 1692 810 1725 revelationis
834 1693 981 1725 sacris
994 1691 1248 1732 Sci-iptaris
1262 1694 1302 1725 et
1317 1693 1568 1726 tradicione
1592 1694 1908 1734 apostolorum

177 1751 493 1793 comprehensi
520 1752 881 1792 eaespectamlum.
907 1751 977 1784 sit.

295 1820 658 1863 Demonstratio
681 1833 728 1875 p.
752 1820 789 1862 Ι.
823 1817 1028 1859 Statuitur
1059 1819 1173 1871 prior
1205 1831 1303 1872 pars
1326 1820 1576 1872 praesertim
1599 1825 1748 1862 contra
1769 1822 1910 1874 plures

177 1890 305 1931 medii
328 1892 422 1931 aevi
444 1890 652 1933 fanaticos
676 1890 1012 1945 (Fraticelli),
1039 1891 1110 1943 qui
1131 1890 1436 1943 exspectabant
1459 1889 1637 1943 Spiritus
1668 1905 1700 1935 5.
1723 1904 1909 1934 0600110-

177 1961 319 2009 miam,
333 1961 604 2013 Evangelium
621 1962 738 2014 regni
753 1961 981 2013 spirituale,
996 1966 1229 2011 aeternum,
1244 1961 1350 2002 duce
1364 1962 1614 2014 praesertim
1626 1961 1648 2003 J
1661 1975 1686 2003 0
1699 1975 1724 2003 3
1736 1963 1796 2003 ch
1808 1964 1872 2004 im
1885 1976 1909 2005 0

174 2032 347 2073 ilorensi
378 2031 534 2073 abbate
559 2032 601 2088 (ἢ
629 2032 769 2088 12112),
803 2036 843 2072 et
875 2032 1002 2072 etiam
1035 2032 1152 2081 alios,
1184 2032 1234 2073 de
1267 2032 1417 2085 quibus
1449 2032 1555 2073 infra
1591 2045 1629 2073 n.
1656 2036 1737 2077 196
1759 2034 1912 2074 redibit

177 2115 328 2152 sermo.
351 2102 667 2144 Praetermissis
690 2115 791 2144 vero
814 2103 875 2152 iis,
898 2114 1008 2155 quae
1030 2102 1081 2144 de
1101 2102 1314 2144 Ecclesiae
1336 2104 1601 2155 perennitate
1624 2117 1662 2144 n.
1681 2107 1762 2148 196
1778 2104 1909 2146 disse-

176 2186 331 2222 remus,
365 2173 570 2226 colligitur
601 2174 709 2215 illius
732 2174 888 2215 veritas
909 2176 951 2229 1),
983 2174 1141 2214 nullam
1173 2173 1258 2214 scil.
1283 2174 1580 2214 oeconomiam
1607 2174 1822 2226 amplioris
1845 2175 1911 2215 vel

176 2244 439 2296 perfectioris
462 2244 733 2286 revelationis
756 2257 850 2286 esse
873 2244 1216 2297 exspectandam,

299 2315 338 2358 1.
364 2315 626 2368 praejudicio
650 2315 855 2368 quodam:
887 2328 989 2356 nam
1010 2316 1199 2367 profecto
1223 2316 1329 2356 haec
1351 2328 1464 2356 nova
1487 2316 1742 2356 oeconomia
1765 2327 1810 2356 se
1832 2316 1909 2356 ha-

176 2386 295 2427 beret
329 2386 383 2427 ad
405 2387 705 2427 oeconomiam
729 2385 882 2426 Christi
913 2398 989 2427 seu
1021 2386 1075 2426 ad
1097 2386 1414 2427 Testamentum
1438 2398 1464 2426 a
1486 2385 1653 2427 Christo
1676 2387 1909 2427 institutum

177 2470 254 2509 pro
276 2458 529 2498 harmonica
552 2462 593 2498 et
615 2457 816 2509 organica
840 2469 1117 2506 connexione,
1139 2469 1248 2509 quae
1271 2457 1457 2498 cernitur
1478 2457 1521 2497 in
1545 2457 1743 2509 operibus
1758 2457 1843 2506 Dei,
1866 2461 1911 2497 ut

174 2540 222 2569 se
254 2528 384 2569 hahet
414 2528 733 2569 Testamentum
756 2540 915 2568 novum
948 2527 1002 2568 ad
1025 2532 1155 2571 vetus,
1199 2527 1339 2578 Quare
1362 2528 1469 2568 sicut
1490 2526 1537 2569 N.
1560 2527 1602 2568 T.
1628 2528 1911 2580 multipliciter

176 2604 242 2640 est
263 2599 536 2651 praedictum,
560 2599 871 2648 adumbratum,
895 2598 1223 2651 praefiguratum
1246 2599 1288 2639 in
1301 2598 1344 2639 T.
1360 2597 1427 2639 V.:
1450 2599 1508 2639 ita
1531 2603 1571 2639 et
1592 2599 1700 2639 haec
1723 2610 1909 2639 oecono-

325 2728 348 2773 1)
367 2727 408 2761 111
427 2728 612 2761 schemate
632 2729 748 2761 001151.
763 2728 884 2773 dogm,
903 2727 947 2760 de
961 2726 1125 2760 Ecclesia
1138 2725 1273 2760 Christi
1297 2728 1445 2771 patrum
1469 2737 1568 2761 conc.
1587 2739 1609 2760 v
1621 2726 1721 2760 atic
1733 2727 1811 2760 ani
1831 2737 1909 2759 exa-

177 2781 270 2814 mini
282 2781 471 2825 proposito
486 2791 563 2825 cap.
578 2784 600 2815 8
614 2780 790 2825 legimus:
812 2780 1069 2820 ‚Declaramiis
1083 2779 1242 2824 insuper,
1258 2779 1394 2813 Christi
1408 2779 1618 2821 Ecclesiam,
1639 2780 1716 2814 sive
1737 2780 1908 2813 exsisten-

174 2834 232 2867 tia
249 2834 324 2867 5116
342 2834 558 2868 constitutio
586 2834 664 2878 ejus
691 2835 887 2879 spectetur,
917 2832 1129 2867 societatem
1147 2843 1223 2866 esse
1240 2843 1438 2877 perennem
1466 2835 1576 2877 atque
1606 2832 1906 2872 indesecabilem,

178 2885 394 2929 nullamque
410 2887 494 2931 post
516 2885 620 2920 illam
647 2897 764 2930 neque
790 2886 993 2931 pleniorem
1020 2896 1138 2930 neque
1163 2885 1420 2929 perfectiorem
1448 2885 1577 2920 salutis
1604 2884 1854 2919 oeconomiam
1871 2884 1905 2917 in

180 2939 247 2972 hoc
268 2938 390 2973 seculo
413 2939 696 2983 exspec·andam
716 2947 832 2979 esse;‘·<
853 2941 891 2973 et
909 2950 1025 2973 canon
1043 2942 1088 2980 (8)
1106 2944 1257 2983 paratus
1275 2941 1373 2973 erat:
1396 2939 1456 2978 „Si
1475 2940 1556 2983 quis
1575 2938 1718 2975 dixerit,
1742 2946 1907 2980 praesen—

175 2994 256 3026 tem
274 2992 410 3026 Christi
429 2992 629 3027 Ecclesiam
649 3004 720 3028 non
739 3004 815 3028 esse
834 2992 1005 3027 ultimam
1025 3004 1066 3027 ac
1083 3004 1290 3038 supremam
1319 2993 1594 3036 consequendae
1613 2991 1740 3024 salutis
1758 2999 1908 3023 oecono-

180 3047 305 3087 miam,
325 3046 389 3080 sed
408 3046 691 3091 exspectandam
711 3057 786 3080 esse
804 3046 912 3080 aliam
933 3056 1000 3090 per
1019 3057 1150 3080 novam
1178 3047 1215 3080 et
1231 3045 1430 3091 pleniorem
1459 3045 1574 3079 divini
1594 3044 1751 3088 Spiritus
1770 3042 1908 3076 effusio-

178 3110 274 3141 nem,
295 3100 336 3135 A,
357 3099 413 3132 ΞΝ
450 3098 502 3133 Cf.
521 3098 761 3133 Heinrich
780 3101 806 3133 1.
829 3103 843 3132 1
866 3104 883 3140 g
901 3101 956 3134 63.
990 3098 1043 3133 De
1062 3098 1264 3133 Fraticellis
1283 3099 1327 3132 cf.
1347 3098 1438 3132 KL.‘-'
1456 3102 1488 3137 4,
1510 3100 1610 3131 1051.

1632 3158 1644 3187 1
1659 3156 1689 3187 l*
