2175 3382
194 163 276 199 iwb'
542 157 660 189 'Frater
685 155 742 190 ΙΙΙ.
762 156 804 188 de
824 155 996 189 Evclesia.
1016 155 1143 188 'l‘hesis
1165 154 1249 188 LVI.
1269 155 1313 188 (le
1333 155 1476 188 unitate
1497 153 1578 188 fidei

193 281 227 315 et
250 275 470 316 secundam
499 275 791 328 correptionem
814 275 957 317 devita.
1003 273 1093 324 Qua
1132 275 1171 314 in
1204 285 1249 315 re
1272 273 1460 314 Ecclesia
1483 286 1700 326 nunquam
1725 286 1819 314 eum
1845 286 1929 314 non

194 350 257 387 est
289 346 451 386 imitata
486 346 574 386 sive
606 344 866 386 solemnibus
902 344 993 385 {idei
1037 344 1350 385 definitionibus
1389 356 1439 384 ac
1473 343 1566 384 fidei
1598 343 1930 396 professionibus

195 417 384 470 ejusdem
407 417 559 457 unitati
582 416 819 463 consulens,
851 417 938 456 sive
971 428 996 456 a
1028 415 1107 456 lide
1135 414 1348 456 Ecclesiae
1371 414 1668 456 dissentientes
1690 414 1930 456 excludens

196 493 300 529 teste
333 488 656 539 haeresiologia.
700 486 825 539 Atqui
857 487 909 534 id,
942 499 1025 539 quo
1059 486 1251 538 neglecto
1285 497 1410 526 nemo
1445 485 1659 526 Ecclesiae
1691 485 1930 527 membrum

195 563 403 606 censetur,
427 558 641 600 Ecclesiae
664 558 882 610 proprium
901 557 1082 609 judicari
1106 556 1243 598 debet.

314 630 356 673 3.
381 628 498 669 Hanc
519 630 724 670 unitatem
746 628 908 680 flagitat
929 640 1096 680 scopus,
1119 640 1245 680 quem
1269 628 1460 668 Christus
1484 628 1524 668 in
1548 627 1771 668 condendo
1796 627 1932 680 magi-

196 701 324 741 sterio
348 700 636 741 ecclesiastico
660 700 878 752 spectavit,
910 710 1115 740 revocare
1148 698 1234 742 scil.
1267 698 1320 739 ad
1353 699 1557 739 unitatem
1591 698 1787 739 homines
1819 703 1860 739 et
1890 698 1932 738 in

196 784 325 812 unam
349 771 537 824 redigere
561 771 784 815 familiam:
809 771 925 823 atqui
939 770 1079 811 unitas
1095 770 1263 811 socialis
1278 770 1499 811 hominum
1516 769 1716 810 fundatur
1730 769 1932 822 primario

197 843 238 882 in
261 843 464 883 mentium
488 842 825 894 conspiratione:
854 841 1058 882 mentium
1075 841 1435 893 conspirationem
1451 845 1646 893 respectu
1670 839 1763 882 finis
1785 852 1933 893 super-

197 913 401 954 naturalis
432 925 508 965 per
538 912 677 953 media
709 911 1050 964 supernaturalia
1073 911 1291 952 obtinendi
1315 910 1439 952 efficit
1461 912 1630 952 nonnisi
1653 924 1738 952 una
1761 911 1933 953 eadem-

198 995 278 1037 que
313 983 416 1024 fides
451 984 641 1024 omnium
678 983 866 1024 insidens
897 982 1111 1024 mentibus
1142 994 1218 1035 per
1248 981 1480 1023 Ecclesiam
1514 982 1744 1035 proposita.
1793 981 1933 1033 Quare

198 1055 305 1096 sicut
337 1067 422 1095 una
454 1054 689 1107 eademque
712 1054 932 1095 hominum
955 1054 1063 1094 ratio
1097 1052 1420 1094 fundamentum
1452 1058 1494 1094 et
1524 1053 1646 1093 radix
1679 1058 1743 1094 est
1775 1052 1935 1094 ordinis

198 1125 366 1165 socialis
390 1125 431 1165 in
454 1124 601 1165 ordine
617 1124 820 1165 naturali:
843 1124 901 1165 ita
915 1136 1001 1165 una
1016 1124 1250 1176 eademque
1273 1124 1382 1165 ratio
1406 1124 1531 1165 altior
1551 1125 1575 1164 i.
1600 1135 1634 1167 e.
1659 1123 1761 1165 fides
1783 1123 1936 1164 funda-

198 1201 388 1236 mentum
413 1201 476 1236 est
498 1195 657 1236 ordinis
679 1195 847 1236 socialis
871 1196 914 1236 in
936 1195 1084 1236 ordine
1107 1195 1421 1247 supernaturali
1444 1195 1466 1235 i.
1491 1206 1524 1236 e.
1547 1194 1774 1236 Ecclesiae.

316 1268 359 1309 4.
383 1266 478 1306 Alia
502 1266 667 1307 ratione
690 1265 801 1306 idem
824 1265 1023 1306 illustrari
1045 1270 1204 1318 potest:
1236 1266 1345 1306 inter
1380 1265 1685 1307 revelationem
1708 1261 1879 1306 Christi‘
1895 1270 1936 1306 et

198 1337 432 1378 Ecclesiam
455 1337 489 1377 is
514 1337 677 1377 exsistit
698 1336 880 1385 habitus,
912 1337 982 1389 qui
1014 1338 1122 1377 inter
1145 1336 1383 1377 doctrinam
1407 1336 1617 1389 obJective
1640 1341 1682 1377 et
1703 1335 1936 1389 subjective
1980 1391 1982 1393 ,

199 1413 447 1461 spectatam,
471 1408 580 1448 inter
602 1407 838 1448 doctrinam
863 1412 903 1448 et
926 1412 1106 1455 coetum,
1135 1407 1206 1460 qui
1228 1407 1335 1447 illius
1359 1407 1512 1448 virtute
1535 1407 1755 1459 colligitur,
1776 1407 1935 1447 consti-

198 1479 327 1520 tuitur
359 1484 400 1519 et
436 1478 546 1519 velut
568 1478 838 1520 informatur:
871 1490 972 1519 nam
994 1477 1183 1519 Ecclesia
1205 1482 1270 1519 est
1291 1483 1438 1519 coetus
1461 1477 1542 1525 ille,
1565 1480 1634 1531 qui
1657 1477 1808 1519 Christi
1833 1477 1936 1518 doc-

199 1551 354 1591 trinam
385 1549 614 1601 profitetur.
658 1549 787 1603 Atqui
818 1550 1012 1590 doctrina
1045 1548 1199 1591 Christi
1230 1555 1294 1590 est
1325 1561 1422 1598 una,
1456 1561 1532 1590 seu
1563 1561 1695 1590 unum
1718 1548 1937 1590 constituit

199 1621 497 1662 harmonicum
518 1620 745 1661 veritatum
767 1624 966 1673 systema,
998 1631 1133 1672 eaque
1165 1618 1401 1671 subjectiva
1423 1618 1612 1660 redditur
1634 1623 1761 1672 atque
1793 1619 1834 1659 in
1856 1618 1935 1659 Ec-

200 1692 373 1733 clesiam
396 1691 703 1732 transfunditur
725 1690 816 1731 fide.
850 1690 958 1743 Ergo
981 1689 1084 1731 fides
1100 1702 1268 1743 quoque
1283 1690 1497 1731 Ecclesiae
1521 1690 1575 1731 ad
1597 1689 1709 1730 illam
1733 1700 1936 1742 expressa

198 1775 284 1804 una
314 1763 472 1814 pariter
504 1763 592 1803 erit.
637 1761 693 1803 Cf.
725 1761 925 1803 Leonis
956 1761 1057 1802 XIII.
1090 1761 1145 1802 lit.
1187 1761 1344 1814 encycl.
1377 1759 1635 1813 ,Sapientiae
1666 1760 1938 1801 christianae·

204 1838 267 1879 10.
289 1833 380 1878 Jan.
408 1837 532 1885 1890,
558 1838 598 1874 et
620 1833 750 1874 verba
772 1833 990 1874 Irenaei
1012 1845 1141 1885 supra
1163 1846 1201 1875 n.
1228 1835 1354 1876 1215.

320 1908 414 1949 289.
440 1903 489 1945 In
513 1918 590 1959 quo
613 1905 809 1945 consistat
828 1904 927 1957 fidoi
949 1904 1104 1944 unitas.
1121 1929 1179 1934 —
1195 1902 1246 1944 Ut
1260 1902 1511 1944 fideiunitas
1525 1904 1569 1943 in
1584 1902 1773 1943 Ecclesia
1787 1902 1938 1955 vigeat.

202 1976 429 2028 requiritur
461 1989 501 2019 a.
534 1987 619 2016 una
642 1975 745 2016 fides
768 1974 854 2027 obj
872 1975 1053 2015 ective
1084 1978 1288 2026 spectata,
1321 1986 1430 2026 quae
1452 1975 1499 2017 b.
1523 1973 1597 2014 fiat
1617 1972 1851 2026 subJectiva
1872 1973 1937 2013 in-

200 2047 391 2088 tellectus
414 2057 590 2087 assensu
613 2058 689 2087 seu
711 2050 809 2087 actu
841 2045 936 2086 fidei
970 2045 1057 2086 sive
1090 2044 1312 2097 explicitae
1344 2046 1432 2086 sive
1455 2044 1694 2097 implicitae,
1727 2044 1797 2097 qui
1827 2044 1937 2094 inni-

200 2123 313 2158 tatur
335 2117 472 2158 eidem
494 2117 698 2157 motivo
724 2117 902 2165 formali,
925 2116 1039 2169 quod
1053 2120 1117 2157 est
1132 2116 1365 2156 auctoritas
1379 2115 1455 2157 Dei
1468 2115 1692 2168 loquentis,
1715 2114 1936 2167 eidemque

201 2188 476 2240 principio
501 2187 800 2228 determinanti
822 2186 1131 2240 professionem
1153 2198 1438 2234 communem,
1471 2185 1585 2238 quod
1616 2190 1681 2226 est
1702 2185 1937 2226 auctoritas

201 2259 415 2300 Ecclesiae
438 2258 742 2300 revelationem
765 2258 950 2299 divinam
974 2257 1280 2310 promulgantis
1304 2261 1344 2298 et
1376 2257 1664 2309 proponentis.
1706 2254 1802 2297 Non
1833 2266 1936 2296 vero

201 2330 425 2383 requiritur
448 2342 487 2372 c.
521 2334 566 2370 ut
597 2329 745 2382 singuli
771 2328 913 2369 fideles
937 2340 1086 2369 omnes
1110 2333 1150 2369 et
1172 2327 1357 2379 singulas
1379 2327 1580 2368 veritates
1602 2327 1814 2368 revelatas
1837 2331 1936 2367 actu

200 2400 297 2440 fidei
319 2400 540 2452 explicitae
563 2401 771 2453 attingant
793 2400 849 2455 (n.
878 2404 957 2444 149
980 2400 1031 2455 ¹);
1063 2398 1295 2440 dummodo
1328 2399 1373 2442 d.
1406 2398 1600 2439 consulto
1631 2397 1839 2438 nullam
1861 2408 1936 2438 ne-

201 2476 318 2523 gent;
350 2472 538 2523 potiores
561 2471 753 2522 explicite
777 2470 965 2519 credant,
996 2469 1180 2522 reliquas
1202 2469 1416 2522 implicite,
1448 2469 1587 2522 parati
1618 2469 1654 2509 si
1685 2481 1792 2521 opus
1814 2467 1937 2509 fuerit

202 2554 275 2583 eas
298 2543 427 2583 etiam
450 2541 642 2594 explicite
665 2542 848 2584 credere.
892 2541 1135 2594 Requiritur
1156 2546 1379 2593 praeterea
1407 2554 1448 2584 e.
1481 2540 1814 2593 principium
1846 2538 1937 2579 ido—

201 2625 329 2654 neum
344 2618 433 2654 tum
456 2612 509 2653 ad
524 2613 728 2653 unitatem
746 2612 839 2654 fidei
854 2612 1118 2654 efficiendam
1143 2617 1184 2653 et
1205 2611 1444 2659 fovendam,
1466 2617 1556 2652 tum
1578 2610 1633 2652 ad
1655 2621 1751 2650 eam
1773 2613 1936 2650 sartam

204 2688 457 2736 tectamque,
490 2684 591 2724 ortis
624 2683 816 2731 dissidiis,
849 2683 1201 2724 conservandam.
1244 2681 1353 2724 Nam
1385 2683 1475 2724 sine
1498 2680 1708 2734 ejusmodi
1728 2681 1933 2733 principio

202 2753 351 2795 haberi
373 2753 543 2806 quidem
564 2752 671 2794 forte
693 2754 849 2806 poterit
869 2753 965 2795 fidei
986 2754 1128 2794 unitas
1161 2758 1202 2794 et
1233 2753 1286 2793 ad
1319 2758 1485 2805 tempus
1515 2751 1641 2799 facto,
1673 2762 1760 2791 non
1790 2754 1935 2791 tamen

203 2828 450 2865 constanter
472 2823 559 2880 (cfr.
582 2836 620 2867 n.
644 2825 759 2879 257).

322 2899 418 2940 290.
441 2895 802 2939 Demonstratio
828 2909 871 2950 p.
894 2895 975 2938 IV.
1006 2894 1248 2946 Requiritur
1268 2898 1438 2946 praeter
1459 2895 1667 2934 unitatem
1689 2892 1785 2934 fidei
1807 2893 1935 2933 etiam

206 2968 345 3008 unitas
362 2966 637 3020 professionis
658 2964 767 3006 fidei.
811 2963 923 3006 Sane
1392 2985 1592 3051 wma-
1623 2997 1691 3043 ω
1845 2959 2159 3082 ΓΜ)
2157 2931 2160 2941 ·

428 3048 509 3077 anc
510 3036 702 3115 ffigunt
618 3035 845 3161 Pata}
862 3035 994 3077 verba
1016 3035 1125 3076 Rom
1164 3038 1237 3086 10,
1257 3039 1331 3079 10:
1365 3035 1496 3075 Cotde
1526 3047 1634 3075 emm
1666 3048 1731 3074 cre
1762 3047 1777 3074 ι
1798 3047 1822 3073 u
1827 3047 1849 3072 r
1845 3013 1935 3073 ad

201 3109 432 3214 Jzffl
430 3103 527 3201 {J}
549 3078 763 3148 autem
707 3119 779 3147 oon
846 3069 1274 3283 sm&
1306 3109 1406 3149 etl.
1431 3104 1523 3146 Cor.
1551 3109 1588 3159 1,
1615 3108 1691 3148 10:
1724 3103 1777 3145 Id
1797 3104 1933 3157 ipsum

536 3156 1053 3254 'ww-W
1415 3140 1751 3204 “ato-alud)-

233 3181 1053 3324 Qfflfflffl
958 3240 1129 3326 rw
1725 3231 1885 3336 „2⁶2
