2175 3382
779 115 967 150 Revelatio
987 116 1043 150 est
1061 127 1171 160 supra
1187 117 1380 150 rationem.
1856 123 1946 164 509

326 239 674 276 Rationalistarum
708 250 867 275 errores.
899 259 954 265 —-
986 238 1126 274 Merito
1158 235 1200 277 2.
1235 238 1440 286 reprobata
1472 239 1550 276 fuit
1582 251 1690 289 prop.
1717 246 1738 279 9
1777 240 1943 289 syllabi:

207 323 225 342 ‚
237 297 375 335 Omnia
395 297 740 334 indiscriminatim
762 297 945 346 dogmata
965 296 1168 346 religionis
1183 297 1417 334 christianae
1432 301 1526 335 sunt
1539 299 1736 347 objectum
1748 300 1943 336 naturalis

206 356 390 394 scientiae
411 368 480 394 seu
500 355 792 405 philosophiae3
816 358 855 392 et
876 355 1047 392 humana
1068 355 1168 392 ratio
1190 355 1377 393 historice
1399 358 1554 393 tantum
1578 359 1731 395 exculta
1752 360 1881 406 potest
1895 371 1941 395 ex

207 415 289 452 suis
310 415 559 452 naturalibus
581 414 734 452 viribus
755 416 795 451 et
816 413 1023 463 principiis
1046 414 1094 451 ad
1117 426 1245 451 veram
1268 414 1315 451 de
1337 416 1517 452 omnibus
1551 416 1669 453 etiam
1708 417 1941 455 reconditio-

205 474 316 511 ribus
338 474 588 524 dogmatibus
610 473 813 511 scientiam
833 473 1048 522 pervenire,
1084 473 1198 510 modo
1221 474 1314 510 haec
1345 474 1527 523 dogmata
1557 474 1632 522 ipsi
1664 475 1808 512 rationi
1839 479 1940 512 tam-

206 545 320 582 quam
342 534 537 582 objectum
559 532 759 581 proposita
779 531 969 569 fuerint<
1013 531 1066 570 Cf.
1088 532 1206 569 verba
1228 544 1331 569 conc.
1354 533 1586 570 vaticani
1608 546 1645 570 n.
1667 535 1781 573 1524.
1815 536 1943 578 Quare

205 592 363 641 probari
384 592 525 639 nequit
546 591 723 629 studium
745 591 1038 640 apologetarum
1072 591 1244 637 illorum,
1277 591 1345 640 qui
1377 592 1425 628 ad
1456 592 1803 629 commendandam
1834 606 1941 630 reve-

205 650 393 689 lationem
415 650 768 698 difficultatemque
789 649 882 686 fidei
902 649 1154 687 minuendam
1177 650 1425 695 contendant,
1461 651 1739 688 revelationem
1763 652 1941 688 christia-

205 722 296 747 nam
317 710 382 747 vix
405 710 623 758 quidquam
645 709 752 746 aliud
774 709 911 746 docere
947 721 1062 757 quam
1085 709 1190 757 quod
1220 710 1318 747 ratio
1351 722 1444 746 sana
1475 710 1598 759 exigit
1627 710 1690 747 vel
1721 711 1946 758 conjectura

206 769 373 818 quadam
390 769 474 818 jam
495 769 718 818 agnoverat,
753 768 816 805 vel
839 768 980 805 saltem
1014 770 1243 817 auguratur.
1286 768 1522 817 Deprimunt
1553 769 1657 806 enim
1691 769 1946 806 revelationis

205 830 458 874 momentum,
481 827 765 871 necessitatem,
790 826 1025 876 dignitatem
1046 828 1216 876 plusque
1239 827 1329 865 fidei
1352 830 1495 865 nocent
1526 841 1642 877 quam
1664 830 1845 876 prosunt.
1889 828 1943 869 Cf,

205 887 454 924 Heinrich
476 889 495 933 ἓ
523 893 603 926 124
627 899 654 923 s.

325 957 514 1006 Sequitur
536 954 578 997 3.
602 969 735 994 omnes
756 969 821 994 eos
844 969 984 1002 errare,
1009 957 1075 1005 qui
1099 957 1161 994 vel

324 1027 364 1058 a.
387 1018 580 1062 statuunt,
612 1016 816 1065 proprium
848 1016 1002 1054 divinae
1032 1016 1281 1054 revelationis
1315 1016 1517 1054 criterium
1547 1017 1589 1054 in
1620 1029 1664 1054 eo
1697 1029 1779 1054 esse
1810 1017 1944 1063 situm,

205 1078 252 1113 ut
273 1076 450 1125 ejusdem
472 1076 670 1124 objectum
691 1087 779 1112 cum
801 1075 953 1112 ratione
975 1075 1145 1123 positive
1167 1078 1360 1125 congruat
1382 1075 1585 1124 eidemque
1607 1077 1659 1113 sit
1680 1076 1880 1124 pervium3

324 1136 387 1172 vel
407 1133 453 1175 b.
476 1135 545 1183 qui
568 1135 717 1179 docent,
741 1134 881 1180 omnia,
913 1147 1013 1183 quae
1036 1135 1273 1172 revelatione
1296 1134 1511 1172 christiana
1532 1135 1786 1173 continentur
1818 1132 1940 1187 (ideo-

207 1206 283 1242 que
305 1195 424 1231 etiam
455 1206 483 1231 s.
508 1194 730 1243 Scripturae
762 1190 935 1245 sensum)
969 1193 1018 1230 ad
1039 1194 1203 1231 rationis
1238 1207 1414 1231 normam
1448 1196 1648 1243 tamquam
1683 1195 1729 1231 ad
1764 1194 1946 1244 regulam

206 1265 428 1302 supremam
450 1265 533 1291 esse
556 1252 813 1302 intelligenda
848 1254 888 1289 et
918 1253 1167 1301 explicanda:
1200 1266 1317 1301 quem
1349 1266 1521 1290 errorem
1552 1253 1776 1302 reprobavit
1799 1254 1945 1302 Grego-

149 1356 157 1363 ·
205 1312 289 1350 rius
303 1312 402 1350 XVI.
424 1312 542 1349 Brevi
567 1318 630 1351 26.
646 1311 751 1360 Sept.
780 1317 901 1357 18:35,
925 1324 1002 1360 quo
1024 1312 1225 1350 damnavit
1247 1325 1365 1361 opera
1379 1313 1420 1350 G.
1444 1312 1697 1350 Hermesii
1720 1313 1944 1357 statuentis,

207 1371 426 1416 ,rationem
455 1371 672 1420 principem
706 1382 884 1408 normam
917 1383 960 1408 ac
993 1371 1154 1408 unicum
1190 1371 1364 1409 medium
1399 1384 1493 1417 esse,
1529 1385 1606 1420 quo
1640 1373 1754 1410 homo
1790 1371 1945 1420 assequi

204 1430 330 1479 possit
343 1430 705 1479 supernaturalium
718 1429 933 1467 veritatum
947 1430 1221 1479 cognitionem.
1234 1435 1251 1454 «
1286 1431 1389 1468 Haec
1413 1431 1517 1468 enim
1532 1431 1715 1468 affirmari
1729 1432 1942 1479 nequeunt,

206 1490 304 1538 quin
326 1492 570 1538 supponatur
590 1488 842 1527 revelationis
866 1489 1097 1527 christianae
1120 1490 1318 1538 objectum
1340 1490 1485 1527 rationi
1507 1502 1590 1527 esse
1612 1491 1729 1539 plane
1751 1489 1946 1539 pervium,

206 1548 312 1597 quod
334 1548 475 1586 falsum
497 1561 579 1586 esse
602 1548 969 1586 demonstravimus.
1012 1549 1064 1585 Cf.
1086 1549 1280 1598 Kleutg
1295 1561 1352 1586 en
1374 1549 1412 1586 d.
1437 1556 1459 1588 4
1483 1561 1512 1586 c.
1540 1556 1575 1589 2.

324 1627 726 1682 491.P1·0positio
748 1628 840 1670 III.
883 1625 927 1667 Si
958 1628 1162 1668 revelatio
1198 1632 1239 1668 et
1270 1628 1391 1677 ratio,
1424 1628 1526 1669 fides
1549 1633 1591 1669 et
1612 1629 1801 1676 scientia,
1825 1628 1948 1668 theo-

204 1697 317 1750 logia
347 1702 389 1738 61
417 1698 688 1750 philosophia
718 1697 927 1750 obJective
958 1702 1217 1750 spectantur,
1251 1698 1442 1740 revelatio
1475 1707 1530 1739 est
1560 1712 1689 1753 supra
1728 1699 1947 1749 rationem,

206 1767 309 1809 fides
337 1780 466 1820 supra
487 1769 720 1818 scientiam,
742 1768 955 1821 theologia
977 1781 1106 1821 supra
1127 1769 1463 1822 philosophiam,
1487 1774 1528 1811 et
1549 1771 1592 1810 in
1614 1770 1838 1824 hypothesi
1860 1768 1947 1809 dis-

205 1839 310 1888 sidii,
330 1840 438 1880 ratio
462 1851 537 1892 per
558 1840 875 1889 revelationem,
910 1841 1086 1881 scientia
1117 1852 1192 1893 per
1213 1840 1351 1890 fidem,
1383 1841 1652 1894 philosophia
1682 1853 1758 1894 per
1778 1839 1944 1880 theolo-

205 1910 317 1962 giam
340 1915 404 1951 est
426 1910 688 1962 corrigenda,
711 1923 807 1951 cum
823 1911 933 1952 inter
946 1912 1145 1952 veritates
1160 1911 1371 1952 revelatas
1395 1916 1434 1952 et
1457 1912 1688 1953 rationales
1710 1911 1826 1952 nulla
1848 1922 1945 1952 esse

204 1981 339 2033 possit
360 1993 504 2034 pugna
527 1982 583 2037 (n.
606 1982 722 2037 487).
765 1980 905 2032 Quare
937 1982 1140 2023 revelatio
1172 1994 1276 2034 prae
1298 1983 1478 2032 ratione,
1501 1982 1604 2024 fides
1627 1994 1730 2035 prae
1752 1982 1944 2030 scientia,

204 2051 418 2103 theologia
449 2064 552 2104 prae
583 2052 852 2104 philosophia
879 2064 1102 2093 normae
1132 2052 1267 2093 instar
1301 2056 1365 2093 est
1396 2052 1628 2093 directricis
1660 2056 1701 2093 et
1733 2052 1944 2093 dominae.

211 2121 446 2173 „Quocirca
459 2121 660 2172 Ecclesia,
682 2128 728 2164 ut
750 2122 875 2163 docet
896 2122 1021 2164 Pius
1043 2123 1108 2163 IX.
1133 2123 1337 2164 adversus
1352 2123 1722 2169 Frohschammer,
1746 2134 1797 2163 ex
1820 2126 1944 2174 pote-

204 2197 314 2234 state
344 2193 425 2234 sibi
457 2206 483 2234 a
514 2194 656 2234 divino
689 2206 766 2234 suo
801 2193 988 2234 Auctore
1021 2193 1251 2234 commissa
1283 2206 1370 2234 non
1393 2194 1531 2234 solum
1549 2194 1629 2246 jus,
1662 2193 1737 2234 sed
1759 2192 1943 2233 officium

202 2264 455 2316 praesertim
486 2264 616 2305 habet
646 2276 734 2305 non
768 2264 988 2314 tolerandi,
1020 2264 1094 2305 sed
1124 2264 1419 2316 proscribendi
1451 2277 1501 2305 ac
1532 2263 1765 2305 damnandi
1791 2275 1941 2304 omnes

203 2346 382 2384 errores,
417 2335 453 2375 si
483 2336 541 2376 ita
567 2334 663 2376 fidei
684 2336 903 2388 integritas
927 2340 967 2376 et
990 2336 1228 2376 animarum
1252 2335 1367 2375 salus
1389 2335 1722 2387 postulaverint;
1753 2339 1795 2376 et
1827 2334 1945 2375 omni

201 2402 472 2458 philosopho,
495 2407 566 2458 qui
586 2405 801 2447 Ecclesiae
824 2406 932 2447 filius
954 2418 1048 2447 esse
1070 2406 1182 2456 velit,
1216 2418 1266 2446 ac
1290 2407 1417 2447 etiam
1439 2406 1734 2459 philosophiae
1757 2404 1941 2446 officium

202 2476 418 2525 incumbit,
449 2476 552 2517 nihil
573 2488 762 2529 unquam
785 2476 924 2517 dicere
948 2481 1097 2517 contra
1120 2488 1183 2526 ea,
1206 2488 1315 2529 quae
1337 2476 1528 2518 Ecclesia
1549 2477 1684 2526 docet,
1717 2482 1759 2517 et
1790 2488 1841 2517 ea
1872 2488 1941 2516 re-

201 2550 398 2597 tractare,
420 2547 472 2588 de
495 2547 646 2600 quibus
667 2546 857 2588 Ecclesia
880 2559 954 2588 eos
977 2548 1199 2590 monuerit.
1236 2546 1501 2589 Sententiam
1524 2552 1678 2597 autem,
1702 2559 1811 2600 quae
1834 2558 1940 2587 con-

202 2617 379 2658 trarium
402 2618 563 2666 edocet,
586 2618 761 2659 omnino
785 2629 1074 2659 erroneam
1099 2622 1140 2659 et
1162 2618 1241 2670 ipsi
1263 2618 1370 2668 fidei,
1402 2618 1616 2660 Ecclesiae
1639 2619 1814 2672 ejusque
1837 2629 1942 2659 auc-

201 2688 361 2729 toritati
392 2689 459 2729 vel
490 2689 674 2730 maxime
706 2688 953 2741 injuriosam
988 2700 1081 2729 esse
1114 2689 1317 2730 edicimus
1350 2694 1391 2730 et
1417 2690 1685 2731 declaramus
1706 2690 1769 2745 1).“
1819 2688 1941 2739 Quae

349 2816 370 2852 ¹)
388 2812 453 2856 Ep.
474 2813 520 2846 ad
538 2812 697 2856 archiep.
717 2822 858 2846 monac.
882 2816 935 2847 11.
956 2812 1036 2848 Dec,
1060 2813 1162 2853 1862,
1189 2812 1228 2845 in
1255 2823 1328 2856 qua
1354 2813 1540 2857 praeclare
1571 2812 1738 2847 doctrina
1759 2810 1940 2844 catholica

202 2864 246 2899 de
260 2865 394 2899 habitu
409 2865 507 2899 inter
532 2865 760 2910 theologiam
790 2867 827 2899 et
857 2865 1143 2910 philosophiam,
1173 2865 1439 2900 revelationem
1469 2867 1506 2900 et
1532 2866 1715 2900 rationem
1743 2865 1940 2909 exponitur

201 2918 312 2962 (apud
329 2917 361 2951 D
373 2919 515 2953 enzin
527 2929 581 2963 ge
593 2930 610 2952 r
627 2917 740 2952 Ench.
761 2918 1013 2962 symbolorum
1030 2919 1100 2953 etc.
1118 2929 1155 2952 n.
1176 2921 1268 2953 1524
1286 2921 1356 2963 ss).
1393 2919 1440 2953 Et
1466 2921 1505 2953 in
1530 2919 1649 2953 literis
1668 2922 1723 2952 21.
1743 2918 1825 2952 Dec.
1851 2919 1939 2951 1863

199 2973 371 3006 hortatur
387 2972 485 3006 idem
502 2972 680 3016 pontifex,
700 2974 743 3005 ut
760 2972 922 3005 humana
938 2970 1032 3005 ratio
1051 2971 1186 3006 finibus
1205 2972 1479 3016 circumscripta
1505 2973 1562 3007 vel
1588 2973 1627 3006 in
1646 2982 1770 3006 earum
1788 2970 1939 3004 investi-

200 3025 351 3070 gatione
368 3024 580 3066 veritatum,
598 3036 689 3069 quas
717 3025 875 3069 propriis
905 3024 1043 3058 viribus
1075 3026 1112 3059 et
1140 3024 1381 3060 facultatibus
1412 3026 1558 3069 assequi
1583 3028 1717 3070 potest,
1747 3025 1939 3058 veneretur

200 3074 363 3112 maxime
376 3077 575 3112 infallibile
595 3079 632 3112 et
648 3079 855 3112 increatum
875 3077 989 3112 divini
1008 3077 1224 3112 intellectus
1242 3079 1376 3120 lumen,
1395 3080 1492 3123 quod
1510 3080 1548 3113 in
1563 3079 1765 3113 christiana
1783 3078 1942 3112 veritate
