<?xml version="1.0" encoding="UTF-8"?>
<!DOCTYPE html PUBLIC "-//W3C//DTD XHTML 1.0 Transitional//EN"
    "http://www.w3.org/TR/xhtml1/DTD/xhtml1-transitional.dtd">
<html xmlns="http://www.w3.org/1999/xhtml" xml:lang="en" lang="en">
 <head>
  <title>
</title>
<meta http-equiv="Content-Type" content="text/html;charset=utf-8" />
  <meta name='ocr-system' content='tesseract 3.04.00' />
  <meta name='ocr-capabilities' content='ocr_page ocr_carea ocr_par ocr_line ocrx_word'/>
</head>
<body>
  <div class='ocr_page' id='page_1' title='image "./theologiaedogmat01hurt/theologiaedogmat01hurt_0452.png"; bbox 0 0 2175 3382; ppageno 0'>
   <div class='ocr_carea' id='block_1_1' title="bbox 0 2456 203 2590">
    <p class='ocr_par' dir='ltr' id='par_1_1' title="bbox 0 2456 203 2590">
     <span class='ocr_line' id='line_1_1' title="bbox 0 2456 203 2590; baseline 0 -7"><span class='ocrx_word' id='word_1_1' title='bbox 0 2456 203 2590; x_wconf 38' lang='grc' dir='ltr'>ζώῃ</span> 
     </span>
    </p>
   </div>
   <div class='ocr_carea' id='block_1_2' title="bbox 224 139 1769 188">
    <p class='ocr_par' dir='ltr' id='par_1_2' title="bbox 224 139 1769 188">
     <span class='ocr_line' id='line_1_2' title="bbox 224 139 1769 188; baseline 0 -13"><span class='ocrx_word' id='word_1_2' title='bbox 224 147 308 188; x_wconf 72' lang='lat'>442</span> <span class='ocrx_word' id='word_1_3' title='bbox 405 142 524 175; x_wconf 82' lang='lat' dir='ltr'>Tract.</span> <span class='ocrx_word' id='word_1_4' title='bbox 547 141 606 175; x_wconf 80' lang='grc' dir='ltr'><strong>ΙΙΙ.</strong></span> <span class='ocrx_word' id='word_1_5' title='bbox 626 141 670 175; x_wconf 86' lang='lat' dir='ltr'>de</span> <span class='ocrx_word' id='word_1_6' title='bbox 687 141 862 185; x_wconf 81' lang='lat' dir='ltr'>primatu.</span> <span class='ocrx_word' id='word_1_7' title='bbox 881 141 1008 175; x_wconf 77' lang='lat' dir='ltr'>Thesie</span> <span class='ocrx_word' id='word_1_8' title='bbox 1027 140 1183 175; x_wconf 79' lang='lat' dir='ltr'>Lxxlx.</span> <span class='ocrx_word' id='word_1_9' title='bbox 1203 139 1457 175; x_wconf 82' lang='lat' dir='ltr'>Insallibilitas</span> <span class='ocrx_word' id='word_1_10' title='bbox 1474 151 1564 175; x_wconf 87' lang='lat' dir='ltr'>rom.</span> <span class='ocrx_word' id='word_1_11' title='bbox 1584 141 1769 185; x_wconf 79' lang='lat' dir='ltr'>pontificis</span> 
     </span>
    </p>
   </div>
   <div class='ocr_carea' id='block_1_3' title="bbox 221 262 1963 1956">
    <p class='ocr_par' dir='ltr' id='par_1_3' title="bbox 222 262 1957 844">
     <span class='ocr_line' id='line_1_3' title="bbox 223 262 1957 312; baseline 0.001 -11"><span class='ocrx_word' id='word_1_12' title='bbox 223 265 328 302; x_wconf 79' lang='lat' dir='ltr'>trina</span> <span class='ocrx_word' id='word_1_13' title='bbox 364 264 468 301; x_wconf 84' lang='lat' dir='ltr'>Petri</span> <span class='ocrx_word' id='word_1_14' title='bbox 502 264 625 301; x_wconf 85' lang='lat' dir='ltr'>totius</span> <span class='ocrx_word' id='word_1_15' title='bbox 659 263 852 301; x_wconf 81' lang='lat' dir='ltr'>Ecclesiae</span> <span class='ocrx_word' id='word_1_16' title='bbox 887 265 1087 301; x_wconf 76' lang='lat' dir='ltr'><strong>structura</strong></span> <span class='ocrx_word' id='word_1_17' title='bbox 1121 262 1343 312; x_wconf 80' lang='lat' dir='ltr'>consurgit,</span> <span class='ocrx_word' id='word_1_18' title='bbox 1385 263 1505 301; x_wconf 89' lang='lat' dir='ltr'>donec</span> <span class='ocrx_word' id='word_1_19' title='bbox 1539 275 1789 302; x_wconf 86' lang='lat' dir='ltr'>occurramus</span> <span class='ocrx_word' id='word_1_20' title='bbox 1822 276 1957 303; x_wconf 82' lang='lat' dir='ltr'>omnes</span> 
     </span>
     <span class='ocr_line' id='line_1_4' title="bbox 224 322 1956 372; baseline 0.001 -12"><span class='ocrx_word' id='word_1_21' title='bbox 224 324 372 361; x_wconf 86' lang='lat' dir='ltr'>Christo</span> <span class='ocrx_word' id='word_1_22' title='bbox 405 323 444 360; x_wconf 89' lang='lat' dir='ltr'>in</span> <span class='ocrx_word' id='word_1_23' title='bbox 476 323 602 360; x_wconf 79' lang='lat' dir='ltr'>virum</span> <span class='ocrx_word' id='word_1_24' title='bbox 635 323 851 372; x_wconf 87' lang='lat' dir='ltr'>perfectum</span> <span class='ocrx_word' id='word_1_25' title='bbox 883 322 922 359; x_wconf 88' lang='lat' dir='ltr'>in</span> <span class='ocrx_word' id='word_1_26' title='bbox 953 322 1107 360; x_wconf 89' lang='lat' dir='ltr'>unitate</span> <span class='ocrx_word' id='word_1_27' title='bbox 1139 322 1229 359; x_wconf 82' lang='lat' dir='ltr'>fidei</span> <span class='ocrx_word' id='word_1_28' title='bbox 1261 326 1301 358; x_wconf 90' lang='lat' dir='ltr'>et</span> <span class='ocrx_word' id='word_1_29' title='bbox 1329 322 1529 371; x_wconf 81' lang='lat' dir='ltr'>agnitione</span> <span class='ocrx_word' id='word_1_30' title='bbox 1551 322 1642 360; x_wconf 87' lang='lat' dir='ltr'>Filii</span> <span class='ocrx_word' id='word_1_31' title='bbox 1663 323 1761 360; x_wconf 85' lang='lat' dir='ltr'>Dei?</span> <span class='ocrx_word' id='word_1_32' title='bbox 1792 323 1956 362; x_wconf 77' lang='lat' dir='ltr'><strong>Necesse</strong></span> 
     </span>
     <span class='ocr_line' id='line_1_5' title="bbox 223 381 1957 432; baseline 0 -12"><span class='ocrx_word' id='word_1_33' title='bbox 223 383 381 430; x_wconf 74' lang='lat' dir='ltr'>quidem</span> <span class='ocrx_word' id='word_1_34' title='bbox 404 386 461 419; x_wconf 82' lang='lat' dir='ltr'>est</span> <span class='ocrx_word' id='word_1_35' title='bbox 484 382 630 420; x_wconf 88' lang='lat' dir='ltr'>multos</span> <span class='ocrx_word' id='word_1_36' title='bbox 653 394 736 419; x_wconf 84' lang='lat' dir='ltr'>esse</span> <span class='ocrx_word' id='word_1_37' title='bbox 759 382 826 430; x_wconf 83' lang='lat' dir='ltr'>qui</span> <span class='ocrx_word' id='word_1_38' title='bbox 849 382 1041 430; x_wconf 77' lang='lat' dir='ltr'>plantent,</span> <span class='ocrx_word' id='word_1_39' title='bbox 1074 381 1220 418; x_wconf 85' lang='lat' dir='ltr'>multos</span> <span class='ocrx_word' id='word_1_40' title='bbox 1243 381 1311 429; x_wconf 87' lang='lat' dir='ltr'>qui</span> <span class='ocrx_word' id='word_1_41' title='bbox 1342 381 1510 430; x_wconf 86' lang='lat' dir='ltr'>irrigent</span> <span class='ocrx_word' id='word_1_42' title='bbox 1532 411 1539 418; x_wconf 91' lang='lat'>.</span> <span class='ocrx_word' id='word_1_43' title='bbox 1564 411 1571 418; x_wconf 83' lang='lat'>.</span> <span class='ocrx_word' id='word_1_44' title='bbox 1595 410 1602 417; x_wconf 96' lang='lat'>.</span> <span class='ocrx_word' id='word_1_45' title='bbox 1626 381 1700 419; x_wconf 88' lang='lat' dir='ltr'>Sed</span> <span class='ocrx_word' id='word_1_46' title='bbox 1731 382 1957 432; x_wconf 79' lang='lat' dir='ltr'>quicunque</span> 
     </span>
     <span class='ocr_line' id='line_1_6' title="bbox 223 435 1957 491; baseline 0.001 -13"><span class='ocrx_word' id='word_1_47' title='bbox 223 442 273 478; x_wconf 88' lang='lat' dir='ltr'>sit</span> <span class='ocrx_word' id='word_1_48' title='bbox 296 441 364 490; x_wconf 85' lang='lat' dir='ltr'>qui</span> <span class='ocrx_word' id='word_1_49' title='bbox 385 441 487 491; x_wconf 86' lang='lat' dir='ltr'>rigat</span> <span class='ocrx_word' id='word_1_50' title='bbox 509 443 579 478; x_wconf 86' lang='lat' dir='ltr'>aut</span> <span class='ocrx_word' id='word_1_51' title='bbox 600 441 764 489; x_wconf 85' lang='lat' dir='ltr'>plantat,</span> <span class='ocrx_word' id='word_1_52' title='bbox 798 441 901 478; x_wconf 81' lang='lat' dir='ltr'>Deus</span> <span class='ocrx_word' id='word_1_53' title='bbox 923 441 1025 477; x_wconf 91' lang='lat' dir='ltr'>nulli</span> <span class='ocrx_word' id='word_1_54' title='bbox 1047 439 1113 477; x_wconf 85' lang='lat' dir='ltr'>dat</span> <span class='ocrx_word' id='word_1_55' title='bbox 1136 435 1431 477; x_wconf 75' lang='lat' dir='ltr'>incrementum</span> <span class='ocrx_word' id='word_1_56' title='bbox 1451 440 1528 477; x_wconf 75' lang='lat' dir='ltr'>nisi</span> <span class='ocrx_word' id='word_1_57' title='bbox 1559 440 1630 485; x_wconf 90' lang='lat' dir='ltr'>illi,</span> <span class='ocrx_word' id='word_1_58' title='bbox 1662 441 1731 488; x_wconf 88' lang='lat' dir='ltr'>qui</span> <span class='ocrx_word' id='word_1_59' title='bbox 1761 441 1957 490; x_wconf 79' lang='lat' dir='ltr'>plantavit</span> 
     </span>
     <span class='ocr_line' id='line_1_7' title="bbox 223 499 1953 550; baseline 0.001 -13"><span class='ocrx_word' id='word_1_60' title='bbox 223 501 264 538; x_wconf 91' lang='lat' dir='ltr'>in</span> <span class='ocrx_word' id='word_1_61' title='bbox 286 500 360 537; x_wconf 89' lang='lat' dir='ltr'>fide</span> <span class='ocrx_word' id='word_1_62' title='bbox 382 500 487 537; x_wconf 87' lang='lat' dir='ltr'>Petri</span> <span class='ocrx_word' id='word_1_63' title='bbox 511 502 550 537; x_wconf 89' lang='lat' dir='ltr'>et</span> <span class='ocrx_word' id='word_1_64' title='bbox 571 500 768 537; x_wconf 84' lang='lat' dir='ltr'>doctrinae</span> <span class='ocrx_word' id='word_1_65' title='bbox 791 500 914 548; x_wconf 79' lang='lat' dir='ltr'>ipsius</span> <span class='ocrx_word' id='word_1_66' title='bbox 936 499 1156 548; x_wconf 71' lang='lat' dir='ltr'>acquiescit.</span> <span class='ocrx_word' id='word_1_67' title='bbox 1200 499 1296 536; x_wconf 90' lang='lat' dir='ltr'>Sane</span> <span class='ocrx_word' id='word_1_68' title='bbox 1330 499 1377 536; x_wconf 83' lang='lat' dir='ltr'>ad</span> <span class='ocrx_word' id='word_1_69' title='bbox 1409 511 1498 536; x_wconf 89' lang='lat' dir='ltr'>eum</span> <span class='ocrx_word' id='word_1_70' title='bbox 1531 499 1696 536; x_wconf 82' lang='lat' dir='ltr'>maxima</span> <span class='ocrx_word' id='word_1_71' title='bbox 1725 500 1862 549; x_wconf 88' lang='lat' dir='ltr'>populi</span> <span class='ocrx_word' id='word_1_72' title='bbox 1886 501 1953 550; x_wconf 90' lang='lat' dir='ltr'>ju·</span> 
     </span>
     <span class='ocr_line' id='line_1_8' title="bbox 223 558 1952 606; baseline 0.001 -10"><span class='ocrx_word' id='word_1_73' title='bbox 223 559 323 598; x_wconf 84' lang='lat' dir='ltr'>dicia</span> <span class='ocrx_word' id='word_1_74' title='bbox 344 560 572 597; x_wconf 86' lang='lat' dir='ltr'>referuntur</span> <span class='ocrx_word' id='word_1_75' title='bbox 593 572 614 596; x_wconf 84' lang='lat' dir='ltr'>a</span> <span class='ocrx_word' id='word_1_76' title='bbox 635 571 794 597; x_wconf 84' lang='lat' dir='ltr'>romano</span> <span class='ocrx_word' id='word_1_77' title='bbox 816 558 1071 596; x_wconf 81' lang='lat' dir='ltr'>examinanda</span> <span class='ocrx_word' id='word_1_78' title='bbox 1093 558 1288 605; x_wconf 67' lang='lat' dir='ltr'>pontifice,</span> <span class='ocrx_word' id='word_1_79' title='bbox 1312 562 1352 595; x_wconf 92' lang='lat' dir='ltr'>et</span> <span class='ocrx_word' id='word_1_80' title='bbox 1373 558 1553 606; x_wconf 80' lang='lat' dir='ltr'>dispositi</span> <span class='ocrx_word' id='word_1_81' title='bbox 1577 558 1650 595; x_wconf 88' lang='lat' dir='ltr'>sub</span> <span class='ocrx_word' id='word_1_82' title='bbox 1673 569 1718 596; x_wconf 90' lang='lat' dir='ltr'>eo</span> <span class='ocrx_word' id='word_1_83' title='bbox 1731 559 1867 597; x_wconf 84' lang='lat' dir='ltr'>matris</span> <span class='ocrx_word' id='word_1_84' title='bbox 1880 558 1952 597; x_wconf 88' lang='lat' dir='ltr'>Ec-</span> 
     </span>
     <span class='ocr_line' id='line_1_9' title="bbox 224 617 1956 668; baseline 0 -12"><span class='ocrx_word' id='word_1_85' title='bbox 224 619 361 656; x_wconf 82' lang='lat' dir='ltr'>clesiae</span> <span class='ocrx_word' id='word_1_86' title='bbox 392 618 660 668; x_wconf 77' lang='lat' dir='ltr'>magistratus,</span> <span class='ocrx_word' id='word_1_87' title='bbox 695 622 892 665; x_wconf 83' lang='lat' dir='ltr'>quatenus</span> <span class='ocrx_word' id='word_1_88' title='bbox 924 618 965 654; x_wconf 92' lang='lat' dir='ltr'>in</span> <span class='ocrx_word' id='word_1_89' title='bbox 995 622 1147 665; x_wconf 88' lang='lat' dir='ltr'>partem</span> <span class='ocrx_word' id='word_1_90' title='bbox 1177 617 1455 655; x_wconf 68' lang='lat' dir='ltr'>sollicitudinis</span> <span class='ocrx_word' id='word_1_91' title='bbox 1489 617 1602 654; x_wconf 86' lang='lat' dir='ltr'>acciti</span> <span class='ocrx_word' id='word_1_92' title='bbox 1632 619 1736 662; x_wconf 84' lang='lat' dir='ltr'>sunt,</span> <span class='ocrx_word' id='word_1_93' title='bbox 1769 618 1956 656; x_wconf 75' lang='lat' dir='ltr'>creditam</span> 
     </span>
     <span class='ocr_line' id='line_1_10' title="bbox 222 676 1954 726; baseline 0 -11"><span class='ocrx_word' id='word_1_94' title='bbox 222 680 401 715; x_wconf 81' lang='lat' dir='ltr'>exercent</span> <span class='ocrx_word' id='word_1_95' title='bbox 421 679 651 726; x_wconf 73' lang='lat' dir='ltr'>potestatem</span> <span class='ocrx_word' id='word_1_96' title='bbox 677 708 684 715; x_wconf 91' lang='lat'>.</span> <span class='ocrx_word' id='word_1_97' title='bbox 709 706 716 714; x_wconf 90' lang='lat'>.</span> <span class='ocrx_word' id='word_1_98' title='bbox 743 709 750 716; x_wconf 83' lang='lat'>‚</span> <span class='ocrx_word' id='word_1_99' title='bbox 775 677 959 713; x_wconf 72' lang='lat' dir='ltr'>Ordinem</span> <span class='ocrx_word' id='word_1_100' title='bbox 984 677 1087 713; x_wconf 87' lang='lat' dir='ltr'>bunc</span> <span class='ocrx_word' id='word_1_101' title='bbox 1110 677 1249 713; x_wconf 83' lang='lat' dir='ltr'>Petrus</span> <span class='ocrx_word' id='word_1_102' title='bbox 1273 676 1426 714; x_wconf 90' lang='lat' dir='ltr'>docuit:</span> <span class='ocrx_word' id='word_1_103' title='bbox 1460 676 1563 714; x_wconf 88' lang='lat' dir='ltr'>hunc</span> <span class='ocrx_word' id='word_1_104' title='bbox 1594 688 1717 724; x_wconf 89' lang='lat' dir='ltr'>usque</span> <span class='ocrx_word' id='word_1_105' title='bbox 1748 677 1862 715; x_wconf 89' lang='lat' dir='ltr'>modo</span> <span class='ocrx_word' id='word_1_106' title='bbox 1892 688 1954 714; x_wconf 84' lang='lat' dir='ltr'>ca-</span> 
     </span>
     <span class='ocr_line' id='line_1_11' title="bbox 222 735 1957 784; baseline -0.001 -10"><span class='ocrx_word' id='word_1_107' title='bbox 222 737 367 774; x_wconf 87' lang='lat' dir='ltr'>tholica</span> <span class='ocrx_word' id='word_1_108' title='bbox 388 737 559 774; x_wconf 77' lang='lat' dir='ltr'>servavit</span> <span class='ocrx_word' id='word_1_109' title='bbox 581 736 762 775; x_wconf 81' lang='lat' dir='ltr'>Ecclesia.</span> <span class='ocrx_word' id='word_1_110' title='bbox 786 748 856 772; x_wconf 87' lang='lat' dir='ltr'>nec</span> <span class='ocrx_word' id='word_1_111' title='bbox 879 748 1053 783; x_wconf 88' lang='lat' dir='ltr'>unquam</span> <span class='ocrx_word' id='word_1_112' title='bbox 1076 739 1232 772; x_wconf 87' lang='lat' dir='ltr'>auctore</span> <span class='ocrx_word' id='word_1_113' title='bbox 1254 735 1431 781; x_wconf 89' lang='lat' dir='ltr'>Domino,</span> <span class='ocrx_word' id='word_1_114' title='bbox 1454 735 1649 784; x_wconf 74' lang='lat' dir='ltr'>quidquid</span> <span class='ocrx_word' id='word_1_115' title='bbox 1671 736 1858 774; x_wconf 83' lang='lat' dir='ltr'>moliatur</span> <span class='ocrx_word' id='word_1_116' title='bbox 1878 736 1957 774; x_wconf 89' lang='lat' dir='ltr'>ini-</span> 
     </span>
     <span class='ocr_line' id='line_1_12' title="bbox 223 796 680 844; baseline -0.002 -11"><span class='ocrx_word' id='word_1_117' title='bbox 223 796 367 844; x_wconf 84' lang='lat' dir='ltr'>quitas.</span> <span class='ocrx_word' id='word_1_118' title='bbox 392 796 650 833; x_wconf 82' lang='lat' dir='ltr'>subvertetur.</span> <span class='ocrx_word' id='word_1_119' title='bbox 663 800 680 818; x_wconf 75' lang='lat'>«</span> 
     </span>
    </p>

    <p class='ocr_par' dir='ltr' id='par_1_4' title="bbox 221 860 1959 1412">
     <span class='ocr_line' id='line_1_13' title="bbox 342 860 1956 914; baseline -0.001 -9"><span class='ocrx_word' id='word_1_120' title='bbox 342 868 438 907; x_wconf 72' lang='lat'>4‘20.</span> <span class='ocrx_word' id='word_1_121' title='bbox 462 861 788 906; x_wconf 78' lang='lat' dir='ltr'>3.Censebat11r</span> <span class='ocrx_word' id='word_1_122' title='bbox 810 861 958 903; x_wconf 78' lang='lat' dir='ltr'>Petrus</span> <span class='ocrx_word' id='word_1_123' title='bbox 985 862 1027 902; x_wconf 93' lang='lat' dir='ltr'>in</span> <span class='ocrx_word' id='word_1_124' title='bbox 1050 873 1229 902; x_wconf 83' lang='lat' dir='ltr'>romano</span> <span class='ocrx_word' id='word_1_125' title='bbox 1253 860 1463 914; x_wconf 82' lang='lat' dir='ltr'>pontifice,</span> <span class='ocrx_word' id='word_1_126' title='bbox 1486 862 1556 914; x_wconf 86' lang='lat' dir='ltr'>qui</span> <span class='ocrx_word' id='word_1_127' title='bbox 1579 874 1656 914; x_wconf 90' lang='lat' dir='ltr'>pro</span> <span class='ocrx_word' id='word_1_128' title='bbox 1681 873 1855 903; x_wconf 88' lang='lat' dir='ltr'>munere</span> <span class='ocrx_word' id='word_1_129' title='bbox 1878 873 1956 903; x_wconf 91' lang='lat' dir='ltr'>suo</span> 
     </span>
     <span class='ocr_line' id='line_1_14' title="bbox 223 932 1959 986; baseline 0 -11"><span class='ocrx_word' id='word_1_130' title='bbox 223 933 453 975; x_wconf 70' lang='lat' dir='ltr'>Ecclesiam</span> <span class='ocrx_word' id='word_1_131' title='bbox 489 933 626 977; x_wconf 83' lang='lat' dir='ltr'>docet.</span> <span class='ocrx_word' id='word_1_132' title='bbox 671 933 797 985; x_wconf 73' lang='lat' dir='ltr'>loqui,</span> <span class='ocrx_word' id='word_1_133' title='bbox 841 932 1007 981; x_wconf 72' lang='lat' dir='ltr'>docere.</span> <span class='ocrx_word' id='word_1_134' title='bbox 1043 932 1274 973; x_wconf 83' lang='lat' dir='ltr'>Ecclesiam</span> <span class='ocrx_word' id='word_1_135' title='bbox 1315 944 1460 985; x_wconf 84' lang='lat' dir='ltr'>regere</span> <span class='ocrx_word' id='word_1_136' title='bbox 1496 938 1622 986; x_wconf 84' lang='lat' dir='ltr'>atque</span> <span class='ocrx_word' id='word_1_137' title='bbox 1657 933 1959 986; x_wconf 83' lang='lat' dir='ltr'>quaerentibus</span> 
     </span>
     <span class='ocr_line' id='line_1_15' title="bbox 223 1003 1958 1057; baseline -0.001 -11"><span class='ocrx_word' id='word_1_138' title='bbox 223 1010 441 1057; x_wconf 82' lang='lat' dir='ltr'>praestare</span> <span class='ocrx_word' id='word_1_139' title='bbox 465 1004 557 1045; x_wconf 85' lang='lat' dir='ltr'>fidei</span> <span class='ocrx_word' id='word_1_140' title='bbox 586 1004 816 1045; x_wconf 86' lang='lat' dir='ltr'>veritatem.</span> <span class='ocrx_word' id='word_1_141' title='bbox 840 1003 967 1057; x_wconf 83' lang='lat' dir='ltr'>Atqui</span> <span class='ocrx_word' id='word_1_142' title='bbox 990 1003 1102 1044; x_wconf 82' lang='lat' dir='ltr'>Petri</span> <span class='ocrx_word' id='word_1_143' title='bbox 1128 1003 1228 1044; x_wconf 76' lang='lat' dir='ltr'>{ides</span> <span class='ocrx_word' id='word_1_144' title='bbox 1249 1016 1468 1057; x_wconf 88' lang='lat' dir='ltr'>nunquam</span> <span class='ocrx_word' id='word_1_145' title='bbox 1491 1015 1594 1044; x_wconf 90' lang='lat' dir='ltr'>sane</span> <span class='ocrx_word' id='word_1_146' title='bbox 1617 1003 1783 1044; x_wconf 86' lang='lat' dir='ltr'>deficiet</span> <span class='ocrx_word' id='word_1_147' title='bbox 1804 1004 1958 1045; x_wconf 86' lang='lat' dir='ltr'>virtute</span> 
     </span>
     <span class='ocr_line' id='line_1_16' title="bbox 224 1074 1958 1128; baseline 0 -12"><span class='ocrx_word' id='word_1_148' title='bbox 224 1076 427 1117; x_wconf 86' lang='lat' dir='ltr'>orationis</span> <span class='ocrx_word' id='word_1_149' title='bbox 450 1074 602 1116; x_wconf 82' lang='lat' dir='ltr'>Christi</span> <span class='ocrx_word' id='word_1_150' title='bbox 624 1074 720 1118; x_wconf 75' lang='lat' dir='ltr'>Luc</span> <span class='ocrx_word' id='word_1_151' title='bbox 736 1076 803 1120; x_wconf 67' lang='lat'>522,</span> <span class='ocrx_word' id='word_1_152' title='bbox 829 1078 903 1122; x_wconf 64' lang='lat'>323</span> <span class='ocrx_word' id='word_1_153' title='bbox 930 1087 1028 1127; x_wconf 80' lang='lat' dir='ltr'>ergo</span> <span class='ocrx_word' id='word_1_154' title='bbox 1053 1087 1132 1115; x_wconf 85' lang='lat' dir='ltr'>nec</span> <span class='ocrx_word' id='word_1_155' title='bbox 1154 1075 1322 1116; x_wconf 88' lang='lat' dir='ltr'>heredis</span> <span class='ocrx_word' id='word_1_156' title='bbox 1337 1074 1464 1123; x_wconf 85' lang='lat' dir='ltr'>Petri,</span> <span class='ocrx_word' id='word_1_157' title='bbox 1486 1087 1560 1127; x_wconf 86' lang='lat' dir='ltr'>per</span> <span class='ocrx_word' id='word_1_158' title='bbox 1582 1087 1707 1128; x_wconf 91' lang='lat' dir='ltr'>quem</span> <span class='ocrx_word' id='word_1_159' title='bbox 1729 1075 1857 1117; x_wconf 85' lang='lat' dir='ltr'>veluti</span> <span class='ocrx_word' id='word_1_160' title='bbox 1879 1074 1958 1116; x_wconf 90' lang='lat' dir='ltr'>do-</span> 
     </span>
     <span class='ocr_line' id='line_1_17' title="bbox 223 1145 1959 1199; baseline -0.001 -12"><span class='ocrx_word' id='word_1_161' title='bbox 223 1152 300 1187; x_wconf 86' lang='lat' dir='ltr'>cet.</span> <span class='ocrx_word' id='word_1_162' title='bbox 345 1146 562 1187; x_wconf 81' lang='lat' dir='ltr'>Romanus</span> <span class='ocrx_word' id='word_1_163' title='bbox 584 1151 726 1187; x_wconf 85' lang='lat' dir='ltr'>autem</span> <span class='ocrx_word' id='word_1_164' title='bbox 752 1146 936 1198; x_wconf 81' lang='lat' dir='ltr'>pontifex</span> <span class='ocrx_word' id='word_1_165' title='bbox 961 1147 1085 1186; x_wconf 85' lang='lat' dir='ltr'>toties</span> <span class='ocrx_word' id='word_1_166' title='bbox 1109 1145 1219 1186; x_wconf 90' lang='lat' dir='ltr'>Petri</span> <span class='ocrx_word' id='word_1_167' title='bbox 1241 1146 1441 1187; x_wconf 87' lang='lat' dir='ltr'>heredem</span> <span class='ocrx_word' id='word_1_168' title='bbox 1464 1146 1580 1198; x_wconf 81' lang='lat' dir='ltr'>gerit.</span> <span class='ocrx_word' id='word_1_169' title='bbox 1612 1146 1778 1199; x_wconf 85' lang='lat' dir='ltr'>quoties</span> <span class='ocrx_word' id='word_1_170' title='bbox 1800 1158 1851 1187; x_wconf 86' lang='lat' dir='ltr'>ex</span> <span class='ocrx_word' id='word_1_171' title='bbox 1873 1147 1959 1199; x_wconf 90' lang='lat' dir='ltr'>pri-</span> 
     </span>
     <span class='ocr_line' id='line_1_18' title="bbox 223 1216 1958 1270; baseline 0 -13"><span class='ocrx_word' id='word_1_172' title='bbox 223 1222 361 1258; x_wconf 85' lang='lat' dir='ltr'>matus</span> <span class='ocrx_word' id='word_1_173' title='bbox 377 1217 634 1269; x_wconf 87' lang='lat' dir='ltr'>plenitudine</span> <span class='ocrx_word' id='word_1_174' title='bbox 659 1218 744 1270; x_wconf 84' lang='lat' dir='ltr'>agit</span> <span class='ocrx_word' id='word_1_175' title='bbox 767 1223 806 1258; x_wconf 81' lang='lat' dir='ltr'>et</span> <span class='ocrx_word' id='word_1_176' title='bbox 829 1217 1024 1270; x_wconf 84' lang='lat' dir='ltr'>loquitur.</span> <span class='ocrx_word' id='word_1_177' title='bbox 1049 1217 1156 1269; x_wconf 80' lang='lat' dir='ltr'>Ergo</span> <span class='ocrx_word' id='word_1_178' title='bbox 1172 1218 1252 1258; x_wconf 89' lang='lat' dir='ltr'>nisi</span> <span class='ocrx_word' id='word_1_179' title='bbox 1266 1216 1438 1258; x_wconf 89' lang='lat' dir='ltr'>Petrum</span> <span class='ocrx_word' id='word_1_180' title='bbox 1453 1218 1592 1269; x_wconf 89' lang='lat' dir='ltr'>ipsum</span> <span class='ocrx_word' id='word_1_181' title='bbox 1615 1217 1755 1258; x_wconf 85' lang='lat' dir='ltr'>dicere</span> <span class='ocrx_word' id='word_1_182' title='bbox 1778 1216 1958 1258; x_wconf 88' lang='lat' dir='ltr'>velimus</span> 
     </span>
     <span class='ocr_line' id='line_1_19' title="bbox 222 1287 1959 1341; baseline 0 -13"><span class='ocrx_word' id='word_1_183' title='bbox 222 1288 447 1335; x_wconf 75' lang='lat' dir='ltr'>fallibilem‚</span> <span class='ocrx_word' id='word_1_184' title='bbox 469 1288 656 1341; x_wconf 78' lang='lat' dir='ltr'>pontifex</span> <span class='ocrx_word' id='word_1_185' title='bbox 679 1288 793 1330; x_wconf 85' lang='lat' dir='ltr'>Petri</span> <span class='ocrx_word' id='word_1_186' title='bbox 815 1288 1014 1330; x_wconf 82' lang='lat' dir='ltr'>heredem</span> <span class='ocrx_word' id='word_1_187' title='bbox 1041 1301 1169 1340; x_wconf 83' lang='lat' dir='ltr'>agens</span> <span class='ocrx_word' id='word_1_188' title='bbox 1193 1301 1278 1330; x_wconf 90' lang='lat' dir='ltr'>non</span> <span class='ocrx_word' id='word_1_189' title='bbox 1302 1288 1471 1331; x_wconf 82' lang='lat' dir='ltr'>errabit.</span> <span class='ocrx_word' id='word_1_190' title='bbox 1505 1287 1646 1339; x_wconf 82' lang='lat' dir='ltr'>Quare</span> <span class='ocrx_word' id='word_1_191' title='bbox 1670 1288 1750 1328; x_wconf 86' lang='lat' dir='ltr'>hac</span> <span class='ocrx_word' id='word_1_192' title='bbox 1773 1287 1959 1329; x_wconf 85' lang='lat' dir='ltr'>solemni</span> 
     </span>
     <span class='ocr_line' id='line_1_20' title="bbox 221 1358 1790 1412; baseline -0.001 -12"><span class='ocrx_word' id='word_1_193' title='bbox 221 1359 419 1411; x_wconf 84' lang='lat' dir='ltr'>loquendi</span> <span class='ocrx_word' id='word_1_194' title='bbox 442 1358 578 1401; x_wconf 80' lang='lat' dir='ltr'>forma</span> <span class='ocrx_word' id='word_1_195' title='bbox 600 1359 907 1401; x_wconf 80' lang='lat' dir='ltr'>infallibilitatis</span> <span class='ocrx_word' id='word_1_196' title='bbox 931 1360 1193 1412; x_wconf 83' lang='lat' dir='ltr'>privilegium</span> <span class='ocrx_word' id='word_1_197' title='bbox 1217 1365 1283 1400; x_wconf 90' lang='lat' dir='ltr'>sat</span> <span class='ocrx_word' id='word_1_198' title='bbox 1306 1360 1418 1401; x_wconf 86' lang='lat' dir='ltr'>clare</span> <span class='ocrx_word' id='word_1_199' title='bbox 1442 1364 1505 1401; x_wconf 88' lang='lat' dir='ltr'>est</span> <span class='ocrx_word' id='word_1_200' title='bbox 1528 1371 1790 1412; x_wconf 85' lang='lat' dir='ltr'>expressum.</span> 
     </span>
    </p>

    <p class='ocr_par' dir='ltr' id='par_1_5' title="bbox 223 1433 1963 1956">
     <span class='ocr_line' id='line_1_21' title="bbox 343 1433 1960 1483; baseline 0 -13"><span class='ocrx_word' id='word_1_201' title='bbox 343 1437 404 1470; x_wconf 84' lang='lat' dir='ltr'>An</span> <span class='ocrx_word' id='word_1_202' title='bbox 425 1446 503 1471; x_wconf 87' lang='lat' dir='ltr'>non</span> <span class='ocrx_word' id='word_1_203' title='bbox 525 1434 626 1471; x_wconf 88' lang='lat' dir='ltr'>illud</span> <span class='ocrx_word' id='word_1_204' title='bbox 649 1435 837 1483; x_wconf 78' lang='lat' dir='ltr'>expressit</span> <span class='ocrx_word' id='word_1_205' title='bbox 852 1434 883 1471; x_wconf 85' lang='lat' dir='ltr'>X</span> <span class='ocrx_word' id='word_1_206' title='bbox 895 1448 919 1483; x_wconf 71' lang='lat' dir='ltr'>y</span> <span class='ocrx_word' id='word_1_207' title='bbox 933 1439 1046 1472; x_wconf 84' lang='lat' dir='ltr'>stus</span> <span class='ocrx_word' id='word_1_208' title='bbox 1069 1435 1149 1479; x_wconf 68' lang='lat'>111„</span> <span class='ocrx_word' id='word_1_209' title='bbox 1172 1446 1261 1471; x_wconf 90' lang='lat' dir='ltr'>cum</span> <span class='ocrx_word' id='word_1_210' title='bbox 1283 1434 1331 1471; x_wconf 87' lang='lat' dir='ltr'>ad</span> <span class='ocrx_word' id='word_1_211' title='bbox 1352 1434 1378 1471; x_wconf 85' lang='lat' dir='ltr'>J</span> <span class='ocrx_word' id='word_1_212' title='bbox 1381 1446 1543 1471; x_wconf 87' lang='lat' dir='ltr'>oannem</span> <span class='ocrx_word' id='word_1_213' title='bbox 1567 1433 1844 1471; x_wconf 76' lang='lat' dir='ltr'>antiochenum</span> <span class='ocrx_word' id='word_1_214' title='bbox 1865 1433 1960 1470; x_wconf 89' lang='lat' dir='ltr'>scri-</span> 
     </span>
     <span class='ocr_line' id='line_1_22' title="bbox 226 1490 1958 1546; baseline -0.001 -16"><span class='ocrx_word' id='word_1_215' title='bbox 226 1493 285 1530; x_wconf 82' lang='lat' dir='ltr'>bit-</span> <span class='ocrx_word' id='word_1_216' title='bbox 315 1506 373 1542; x_wconf 89' lang='lat' dir='ltr'>ep.</span> <span class='ocrx_word' id='word_1_217' title='bbox 399 1500 420 1532; x_wconf 75' lang='grc'>6</span> <span class='ocrx_word' id='word_1_218' title='bbox 444 1506 482 1530; x_wconf 89' lang='lat' dir='ltr'>n.</span> <span class='ocrx_word' id='word_1_219' title='bbox 509 1500 529 1533; x_wconf 85' lang='lat'>5</span> <span class='ocrx_word' id='word_1_220' title='bbox 555 1490 604 1545; x_wconf 83' lang='lat' dir='ltr'>(a.</span> <span class='ocrx_word' id='word_1_221' title='bbox 629 1491 750 1546; x_wconf 77' lang='lat'><strong>433):</strong></span> <span class='ocrx_word' id='word_1_222' title='bbox 786 1495 855 1537; x_wconf 64' lang='lat' dir='ltr'>„R</span> <span class='ocrx_word' id='word_1_223' title='bbox 880 1494 1019 1530; x_wconf 86' lang='lat' dir='ltr'>Petrus</span> <span class='ocrx_word' id='word_1_224' title='bbox 1052 1494 1252 1542; x_wconf 84' lang='lat' dir='ltr'>apostolus</span> <span class='ocrx_word' id='word_1_225' title='bbox 1282 1493 1322 1530; x_wconf 89' lang='lat' dir='ltr'>in</span> <span class='ocrx_word' id='word_1_226' title='bbox 1356 1493 1642 1530; x_wconf 86' lang='lat' dir='ltr'>successoribus</span> <span class='ocrx_word' id='word_1_227' title='bbox 1667 1494 1748 1530; x_wconf 86' lang='lat' dir='ltr'>suis</span> <span class='ocrx_word' id='word_1_228' title='bbox 1772 1491 1876 1541; x_wconf 89' lang='lat' dir='ltr'>quod</span> <span class='ocrx_word' id='word_1_229' title='bbox 1897 1503 1958 1530; x_wconf 87' lang='lat' dir='ltr'>ac-</span> 
     </span>
     <span class='ocr_line' id='line_1_23' title="bbox 225 1551 1962 1601; baseline -0.001 -11"><span class='ocrx_word' id='word_1_230' title='bbox 225 1553 338 1601; x_wconf 74' lang='lat' dir='ltr'>cepit,</span> <span class='ocrx_word' id='word_1_231' title='bbox 371 1552 441 1590; x_wconf 88' lang='lat' dir='ltr'>hoc</span> <span class='ocrx_word' id='word_1_232' title='bbox 473 1552 649 1589; x_wconf 73' lang='lat' dir='ltr'>tradidit.</span> <span class='ocrx_word' id='word_1_233' title='bbox 692 1552 784 1597; x_wconf 81' lang='lat' dir='ltr'>Quis</span> <span class='ocrx_word' id='word_1_234' title='bbox 816 1553 863 1590; x_wconf 87' lang='lat' dir='ltr'>ab</span> <span class='ocrx_word' id='word_1_235' title='bbox 895 1553 979 1600; x_wconf 76' lang='lat' dir='ltr'>ejus</span> <span class='ocrx_word' id='word_1_236' title='bbox 1011 1565 1050 1590; x_wconf 78' lang='lat' dir='ltr'>se</span> <span class='ocrx_word' id='word_1_237' title='bbox 1072 1553 1167 1589; x_wconf 78' lang='lat' dir='ltr'>velit</span> <span class='ocrx_word' id='word_1_238' title='bbox 1200 1565 1376 1601; x_wconf 86' lang='lat' dir='ltr'>separare</span> <span class='ocrx_word' id='word_1_239' title='bbox 1399 1552 1584 1596; x_wconf 84' lang='lat' dir='ltr'>doctrina,</span> <span class='ocrx_word' id='word_1_240' title='bbox 1613 1564 1733 1600; x_wconf 89' lang='lat' dir='ltr'>quam</span> <span class='ocrx_word' id='word_1_241' title='bbox 1755 1552 1836 1601; x_wconf 91' lang='lat' dir='ltr'>ipse</span> <span class='ocrx_word' id='word_1_242' title='bbox 1857 1551 1962 1588; x_wconf 85' lang='lat' dir='ltr'>inter</span> 
     </span>
     <span class='ocr_line' id='line_1_24' title="bbox 223 1611 1960 1662; baseline -0.001 -14"><span class='ocrx_word' id='word_1_243' title='bbox 223 1612 418 1661; x_wconf 88' lang='lat' dir='ltr'>apostolos</span> <span class='ocrx_word' id='word_1_244' title='bbox 429 1612 599 1660; x_wconf 89' lang='lat' dir='ltr'>primum</span> <span class='ocrx_word' id='word_1_245' title='bbox 615 1612 804 1662; x_wconf 80' lang='lat' dir='ltr'>magister</span> <span class='ocrx_word' id='word_1_246' title='bbox 824 1612 979 1649; x_wconf 80' lang='lat' dir='ltr'>edocuit</span> <span class='ocrx_word' id='word_1_247' title='bbox 991 1613 1007 1648; x_wconf 75' lang='grc' dir='ltr'>ἱ)</span> <span class='ocrx_word' id='word_1_248' title='bbox 1019 1618 1036 1634; x_wconf 76' lang='lat'>«</span> <span class='ocrx_word' id='word_1_249' title='bbox 1059 1612 1123 1649; x_wconf 78' lang='lat' dir='ltr'>vel</span> <span class='ocrx_word' id='word_1_250' title='bbox 1137 1612 1160 1648; x_wconf 83' lang='lat' dir='ltr'>S</span> <span class='ocrx_word' id='word_1_251' title='bbox 1174 1611 1184 1647; x_wconf 92' lang='lat' dir='ltr'>i</span> <span class='ocrx_word' id='word_1_252' title='bbox 1198 1625 1271 1660; x_wconf 91' lang='lat' dir='ltr'>mp</span> <span class='ocrx_word' id='word_1_253' title='bbox 1283 1612 1296 1648; x_wconf 90' lang='lat' dir='ltr'>l</span> <span class='ocrx_word' id='word_1_254' title='bbox 1308 1611 1321 1648; x_wconf 94' lang='lat' dir='ltr'>i</span> <span class='ocrx_word' id='word_1_255' title='bbox 1335 1612 1400 1649; x_wconf 87' lang='lat' dir='ltr'>cii</span> <span class='ocrx_word' id='word_1_256' title='bbox 1422 1623 1480 1659; x_wconf 89' lang='lat' dir='ltr'>ep.</span> <span class='ocrx_word' id='word_1_257' title='bbox 1498 1618 1519 1652; x_wconf 88' lang='lat'>3</span> <span class='ocrx_word' id='word_1_258' title='bbox 1548 1611 1596 1648; x_wconf 87' lang='lat' dir='ltr'>ad</span> <span class='ocrx_word' id='word_1_259' title='bbox 1609 1611 1838 1648; x_wconf 80' lang='lat' dir='ltr'>Basiliscum</span> <span class='ocrx_word' id='word_1_260' title='bbox 1861 1611 1960 1660; x_wconf 86' lang='lat' dir='ltr'>Aug.</span> 
     </span>
     <span class='ocr_line' id='line_1_25' title="bbox 223 1670 1963 1719; baseline -0.001 -11"><span class='ocrx_word' id='word_1_261' title='bbox 223 1684 261 1708; x_wconf 88' lang='lat' dir='ltr'>n.</span> <span class='ocrx_word' id='word_1_262' title='bbox 288 1678 330 1708; x_wconf 68' lang='lat'>53:</span> <span class='ocrx_word' id='word_1_263' title='bbox 366 1672 547 1715; x_wconf 67' lang='lat' dir='ltr'>»Perstat</span> <span class='ocrx_word' id='word_1_264' title='bbox 579 1672 684 1708; x_wconf 86' lang='lat' dir='ltr'>enim</span> <span class='ocrx_word' id='word_1_265' title='bbox 716 1671 758 1708; x_wconf 89' lang='lat' dir='ltr'>in</span> <span class='ocrx_word' id='word_1_266' title='bbox 791 1671 1080 1708; x_wconf 76' lang='lat' dir='ltr'>successoribus</span> <span class='ocrx_word' id='word_1_267' title='bbox 1114 1671 1196 1708; x_wconf 87' lang='lat' dir='ltr'>suis</span> <span class='ocrx_word' id='word_1_268' title='bbox 1229 1671 1320 1708; x_wconf 88' lang='lat' dir='ltr'>haec</span> <span class='ocrx_word' id='word_1_269' title='bbox 1352 1674 1390 1708; x_wconf 85' lang='lat' dir='ltr'>et</span> <span class='ocrx_word' id='word_1_270' title='bbox 1417 1670 1549 1708; x_wconf 90' lang='lat' dir='ltr'>eadem</span> <span class='ocrx_word' id='word_1_271' title='bbox 1571 1670 1805 1719; x_wconf 87' lang='lat' dir='ltr'>apostolicae</span> <span class='ocrx_word' id='word_1_272' title='bbox 1826 1680 1963 1707; x_wconf 85' lang='lat' dir='ltr'>norma</span> 
     </span>
     <span class='ocr_line' id='line_1_26' title="bbox 225 1729 1961 1778; baseline 0 -12"><span class='ocrx_word' id='word_1_273' title='bbox 225 1730 431 1774; x_wconf 81' lang='lat' dir='ltr'>doctrinae,</span> <span class='ocrx_word' id='word_1_274' title='bbox 457 1730 519 1767; x_wconf 90' lang='lat' dir='ltr'>cui</span> <span class='ocrx_word' id='word_1_275' title='bbox 542 1730 732 1767; x_wconf 86' lang='lat' dir='ltr'>Dominus</span> <span class='ocrx_word' id='word_1_276' title='bbox 757 1743 889 1767; x_wconf 88' lang='lat' dir='ltr'>curam</span> <span class='ocrx_word' id='word_1_277' title='bbox 910 1731 1034 1767; x_wconf 86' lang='lat' dir='ltr'>totius</span> <span class='ocrx_word' id='word_1_278' title='bbox 1059 1730 1174 1767; x_wconf 73' lang='lat' dir='ltr'>ovilis</span> <span class='ocrx_word' id='word_1_279' title='bbox 1197 1730 1382 1778; x_wconf 75' lang='lat' dir='ltr'>injunxit,</span> <span class='ocrx_word' id='word_1_280' title='bbox 1407 1730 1470 1766; x_wconf 89' lang='lat' dir='ltr'>cui</span> <span class='ocrx_word' id='word_1_281' title='bbox 1494 1742 1532 1766; x_wconf 88' lang='lat' dir='ltr'>se</span> <span class='ocrx_word' id='word_1_282' title='bbox 1555 1742 1679 1778; x_wconf 87' lang='lat' dir='ltr'>usque</span> <span class='ocrx_word' id='word_1_283' title='bbox 1701 1729 1742 1765; x_wconf 90' lang='lat' dir='ltr'>in</span> <span class='ocrx_word' id='word_1_284' title='bbox 1763 1729 1880 1766; x_wconf 88' lang='lat' dir='ltr'>finem</span> <span class='ocrx_word' id='word_1_285' title='bbox 1903 1740 1961 1766; x_wconf 90' lang='lat' dir='ltr'>se-</span> 
     </span>
     <span class='ocr_line' id='line_1_27' title="bbox 224 1787 1960 1838; baseline -0.002 -11"><span class='ocrx_word' id='word_1_286' title='bbox 224 1789 303 1827; x_wconf 86' lang='lat' dir='ltr'>culi</span> <span class='ocrx_word' id='word_1_287' title='bbox 325 1790 483 1827; x_wconf 86' lang='lat' dir='ltr'>minime</span> <span class='ocrx_word' id='word_1_288' title='bbox 506 1789 746 1835; x_wconf 85' lang='lat' dir='ltr'>defuturum,</span> <span class='ocrx_word' id='word_1_289' title='bbox 771 1790 833 1827; x_wconf 89' lang='lat' dir='ltr'>cui</span> <span class='ocrx_word' id='word_1_290' title='bbox 846 1792 979 1838; x_wconf 85' lang='lat' dir='ltr'>portas</span> <span class='ocrx_word' id='word_1_291' title='bbox 993 1789 1108 1826; x_wconf 87' lang='lat' dir='ltr'>inferi</span> <span class='ocrx_word' id='word_1_292' title='bbox 1123 1802 1328 1837; x_wconf 86' lang='lat' dir='ltr'>nunquam</span> <span class='ocrx_word' id='word_1_293' title='bbox 1344 1789 1628 1837; x_wconf 81' lang='lat' dir='ltr'>praevalituras</span> <span class='ocrx_word' id='word_1_294' title='bbox 1641 1800 1726 1825; x_wconf 89' lang='lat' dir='ltr'>esse</span> <span class='ocrx_word' id='word_1_295' title='bbox 1740 1787 1930 1836; x_wconf 84' lang='lat' dir='ltr'>promisit.</span> <span class='ocrx_word' id='word_1_296' title='bbox 1942 1792 1960 1810; x_wconf 79' lang='lat'>‘</span> 
     </span>
     <span class='ocr_line' id='line_1_28' title="bbox 224 1847 1960 1897; baseline -0.001 -12"><span class='ocrx_word' id='word_1_297' title='bbox 224 1848 326 1885; x_wconf 88' lang='lat' dir='ltr'>Hinc</span> <span class='ocrx_word' id='word_1_298' title='bbox 350 1849 726 1886; x_wconf 73' lang='lat' dir='ltr'>Constantinus</span> <span class='ocrx_word' id='word_1_299' title='bbox 758 1849 849 1897; x_wconf 88' lang='lat' dir='ltr'>imp.</span> <span class='ocrx_word' id='word_1_300' title='bbox 871 1848 912 1886; x_wconf 88' lang='lat' dir='ltr'>in</span> <span class='ocrx_word' id='word_1_301' title='bbox 943 1848 1071 1885; x_wconf 83' lang='lat' dir='ltr'>literis</span> <span class='ocrx_word' id='word_1_302' title='bbox 1102 1848 1149 1885; x_wconf 86' lang='lat' dir='ltr'>ad</span> <span class='ocrx_word' id='word_1_303' title='bbox 1180 1849 1348 1886; x_wconf 87' lang='lat' dir='ltr'>Leonem</span> <span class='ocrx_word' id='word_1_304' title='bbox 1379 1848 1427 1886; x_wconf 86' lang='lat' dir='ltr'>H.</span> <span class='ocrx_word' id='word_1_305' title='bbox 1451 1848 1498 1885; x_wconf 87' lang='lat' dir='ltr'>de</span> <span class='ocrx_word' id='word_1_306' title='bbox 1529 1860 1587 1896; x_wconf 88' lang='lat' dir='ltr'>ep.</span> <span class='ocrx_word' id='word_1_307' title='bbox 1620 1847 1838 1897; x_wconf 86' lang='lat' dir='ltr'>dogmatica</span> <span class='ocrx_word' id='word_1_308' title='bbox 1858 1848 1960 1896; x_wconf 85' lang='lat' dir='ltr'>Aga-</span> 
     </span>
     <span class='ocr_line' id='line_1_29' title="bbox 223 1905 1962 1956; baseline -0.001 -12"><span class='ocrx_word' id='word_1_309' title='bbox 223 1907 354 1944; x_wconf 87' lang='lat' dir='ltr'>thonis</span> <span class='ocrx_word' id='word_1_310' title='bbox 377 1908 533 1945; x_wconf 81' lang='lat' dir='ltr'>scribit:</span> <span class='ocrx_word' id='word_1_311' title='bbox 569 1908 730 1952; x_wconf 69' lang='lat' dir='ltr'>„Veluti</span> <span class='ocrx_word' id='word_1_312' title='bbox 762 1908 891 1956; x_wconf 87' lang='lat' dir='ltr'>ipsum</span> <span class='ocrx_word' id='word_1_313' title='bbox 914 1908 1131 1956; x_wconf 84' lang='lat' dir='ltr'>principem</span> <span class='ocrx_word' id='word_1_314' title='bbox 1153 1907 1357 1956; x_wconf 85' lang='lat' dir='ltr'>apostolici</span> <span class='ocrx_word' id='word_1_315' title='bbox 1379 1907 1486 1944; x_wconf 85' lang='lat' dir='ltr'>chori</span> <span class='ocrx_word' id='word_1_316' title='bbox 1507 1907 1733 1955; x_wconf 87' lang='lat' dir='ltr'>primaeque</span> <span class='ocrx_word' id='word_1_317' title='bbox 1756 1905 1962 1944; x_wconf 83' lang='lat' dir='ltr'>cathedrae</span> 
     </span>
    </p>
   </div>
   <div class='ocr_carea' id='block_1_4' title="bbox 216 1965 1958 2014">
    <p class='ocr_par' dir='ltr' id='par_1_6' title="bbox 216 1965 1958 2014">
     <span class='ocr_line' id='line_1_30' title="bbox 216 1965 1958 2014; baseline -0.001 -11"><span class='ocrx_word' id='word_1_318' title='bbox 216 1967 439 2007; x_wconf 64' lang='lat' dir='ltr'>&gt;antistitem</span> <span class='ocrx_word' id='word_1_319' title='bbox 462 1968 621 2004; x_wconf 89' lang='lat' dir='ltr'>Petrum</span> <span class='ocrx_word' id='word_1_320' title='bbox 653 1967 820 2004; x_wconf 88' lang='lat' dir='ltr'>contuiti</span> <span class='ocrx_word' id='word_1_321' title='bbox 852 1979 988 2004; x_wconf 85' lang='lat' dir='ltr'>sumus</span> <span class='ocrx_word' id='word_1_322' title='bbox 1020 1967 1213 2004; x_wconf 83' lang='lat' dir='ltr'>mentium</span> <span class='ocrx_word' id='word_1_323' title='bbox 1244 1970 1466 2004; x_wconf 85' lang='lat' dir='ltr'>nostrarum</span> <span class='ocrx_word' id='word_1_324' title='bbox 1499 1965 1623 2003; x_wconf 83' lang='lat' dir='ltr'>oculis</span> <span class='ocrx_word' id='word_1_325' title='bbox 1656 1965 1779 2003; x_wconf 85' lang='lat' dir='ltr'>totius</span> <span class='ocrx_word' id='word_1_326' title='bbox 1800 1965 1958 2014; x_wconf 88' lang='lat' dir='ltr'>dispen-</span> 
     </span>
    </p>
   </div>
   <div class='ocr_carea' id='block_1_5' title="bbox 224 2023 1961 2474">
    <p class='ocr_par' dir='ltr' id='par_1_7' title="bbox 224 2023 1961 2193">
     <span class='ocr_line' id='line_1_31' title="bbox 225 2023 1960 2075; baseline -0.001 -13"><span class='ocrx_word' id='word_1_327' title='bbox 225 2026 389 2062; x_wconf 82' lang='lat' dir='ltr'>sationis</span> <span class='ocrx_word' id='word_1_328' title='bbox 411 2027 643 2075; x_wconf 68' lang='lat' dir='ltr'>mysterium</span> <span class='ocrx_word' id='word_1_329' title='bbox 665 2026 859 2063; x_wconf 80' lang='lat' dir='ltr'>divinitus</span> <span class='ocrx_word' id='word_1_330' title='bbox 882 2027 1157 2074; x_wconf 54' lang='lat' dir='ltr'>eloquentem«</span> <span class='ocrx_word' id='word_1_331' title='bbox 1181 2028 1251 2066; x_wconf 88' lang='lat' dir='ltr'>etc.</span> <span class='ocrx_word' id='word_1_332' title='bbox 1294 2026 1344 2063; x_wconf 83' lang='lat' dir='ltr'>Et</span> <span class='ocrx_word' id='word_1_333' title='bbox 1367 2025 1413 2062; x_wconf 88' lang='lat' dir='ltr'>de</span> <span class='ocrx_word' id='word_1_334' title='bbox 1436 2024 1602 2062; x_wconf 75' lang='lat' dir='ltr'>Mac-ario</span> <span class='ocrx_word' id='word_1_335' title='bbox 1623 2025 1792 2074; x_wconf 84' lang='lat' dir='ltr'>legimus</span> <span class='ocrx_word' id='word_1_336' title='bbox 1815 2023 1913 2062; x_wconf 84' lang='lat' dir='ltr'>Har</span> <span class='ocrx_word' id='word_1_337' title='bbox 1925 2024 1960 2061; x_wconf 86' lang='lat' dir='ltr'>d.</span> 
     </span>
     <span class='ocr_line' id='line_1_32' title="bbox 224 2083 1961 2135; baseline -0.001 -13"><span class='ocrx_word' id='word_1_338' title='bbox 224 2086 253 2125; x_wconf 88' lang='grc' dir='ltr'>Ι.</span> <span class='ocrx_word' id='word_1_339' title='bbox 280 2091 410 2124; x_wconf 66' lang='grc' dir='ltr'><strong>1462ε</strong></span> <span class='ocrx_word' id='word_1_340' title='bbox 448 2085 622 2129; x_wconf 67' lang='lat' dir='ltr'>»Renuit</span> <span class='ocrx_word' id='word_1_341' title='bbox 652 2086 756 2122; x_wconf 88' lang='lat' dir='ltr'>enim</span> <span class='ocrx_word' id='word_1_342' title='bbox 788 2098 817 2122; x_wconf 89' lang='lat' dir='ltr'>s.</span> <span class='ocrx_word' id='word_1_343' title='bbox 840 2085 1058 2135; x_wconf 85' lang='lat' dir='ltr'>Agathonis</span> <span class='ocrx_word' id='word_1_344' title='bbox 1090 2085 1215 2122; x_wconf 85' lang='lat' dir='ltr'>literis</span> <span class='ocrx_word' id='word_1_345' title='bbox 1246 2084 1428 2122; x_wconf 84' lang='lat' dir='ltr'>assentiri</span> <span class='ocrx_word' id='word_1_346' title='bbox 1459 2084 1582 2121; x_wconf 75' lang='lat' dir='ltr'>veluti</span> <span class='ocrx_word' id='word_1_347' title='bbox 1615 2084 1658 2120; x_wconf 88' lang='lat' dir='ltr'>in</span> <span class='ocrx_word' id='word_1_348' title='bbox 1688 2083 1821 2132; x_wconf 86' lang='lat' dir='ltr'>ipsum</span> <span class='ocrx_word' id='word_1_349' title='bbox 1852 2095 1961 2132; x_wconf 85' lang='lat' dir='ltr'>cory-</span> 
     </span>
     <span class='ocr_line' id='line_1_33' title="bbox 224 2144 1455 2193; baseline 0 -13"><span class='ocrx_word' id='word_1_350' title='bbox 224 2144 393 2192; x_wconf 87' lang='lat' dir='ltr'>phaeum</span> <span class='ocrx_word' id='word_1_351' title='bbox 416 2156 458 2181; x_wconf 86' lang='lat' dir='ltr'>ac</span> <span class='ocrx_word' id='word_1_352' title='bbox 479 2145 697 2193; x_wconf 87' lang='lat' dir='ltr'>principem</span> <span class='ocrx_word' id='word_1_353' title='bbox 718 2146 882 2182; x_wconf 87' lang='lat' dir='ltr'>Petrum</span> <span class='ocrx_word' id='word_1_354' title='bbox 906 2144 1146 2181; x_wconf 77' lang='lat' dir='ltr'>insaniens«</span> <span class='ocrx_word' id='word_1_355' title='bbox 1190 2144 1242 2181; x_wconf 86' lang='lat' dir='ltr'>Cf.</span> <span class='ocrx_word' id='word_1_356' title='bbox 1265 2157 1302 2180; x_wconf 89' lang='lat' dir='ltr'>n.</span> <span class='ocrx_word' id='word_1_357' title='bbox 1328 2150 1408 2184; x_wconf 75' lang='lat'>368</span> <span class='ocrx_word' id='word_1_358' title='bbox 1428 2144 1455 2182; x_wconf 77' lang='lat'>3,</span> 
     </span>
    </p>

    <p class='ocr_par' dir='ltr' id='par_1_8' title="bbox 225 2209 1961 2474">
     <span class='ocr_line' id='line_1_34' title="bbox 343 2209 1960 2262; baseline -0.003 -7"><span class='ocrx_word' id='word_1_359' title='bbox 343 2214 441 2255; x_wconf 73' lang='lat'>421.</span> <span class='ocrx_word' id='word_1_360' title='bbox 464 2211 529 2251; x_wconf 87' lang='lat' dir='ltr'>Ad</span> <span class='ocrx_word' id='word_1_361' title='bbox 543 2211 651 2252; x_wconf 86' lang='lat' dir='ltr'>haec</span> <span class='ocrx_word' id='word_1_362' title='bbox 665 2213 708 2255; x_wconf 78' lang='lat'>4.</span> <span class='ocrx_word' id='word_1_363' title='bbox 725 2211 931 2252; x_wconf 81' lang='lat' dir='ltr'>cathedra</span> <span class='ocrx_word' id='word_1_364' title='bbox 946 2223 1127 2252; x_wconf 88' lang='lat' dir='ltr'>romana</span> <span class='ocrx_word' id='word_1_365' title='bbox 1141 2211 1185 2251; x_wconf 91' lang='lat' dir='ltr'>in</span> <span class='ocrx_word' id='word_1_366' title='bbox 1198 2210 1452 2252; x_wconf 85' lang='lat' dir='ltr'>damnandis</span> <span class='ocrx_word' id='word_1_367' title='bbox 1468 2209 1717 2251; x_wconf 85' lang='lat' dir='ltr'>haeresibus</span> <span class='ocrx_word' id='word_1_368' title='bbox 1731 2210 1960 2262; x_wconf 86' lang='lat' dir='ltr'>primatum</span> 
     </span>
     <span class='ocr_line' id='line_1_35' title="bbox 225 2280 1960 2334; baseline 0 -13"><span class='ocrx_word' id='word_1_369' title='bbox 225 2281 382 2322; x_wconf 83' lang='lat' dir='ltr'>habuit.</span> <span class='ocrx_word' id='word_1_370' title='bbox 415 2294 466 2322; x_wconf 88' lang='lat' dir='ltr'>ac</span> <span class='ocrx_word' id='word_1_371' title='bbox 496 2282 637 2334; x_wconf 87' lang='lat' dir='ltr'>plures</span> <span class='ocrx_word' id='word_1_372' title='bbox 668 2283 868 2323; x_wconf 86' lang='lat' dir='ltr'>haereses</span> <span class='ocrx_word' id='word_1_373' title='bbox 900 2289 990 2323; x_wconf 86' lang='lat' dir='ltr'>tum</span> <span class='ocrx_word' id='word_1_374' title='bbox 1023 2282 1195 2323; x_wconf 91' lang='lat' dir='ltr'>demum</span> <span class='ocrx_word' id='word_1_375' title='bbox 1227 2282 1512 2323; x_wconf 85' lang='lat' dir='ltr'>censebantur</span> <span class='ocrx_word' id='word_1_376' title='bbox 1533 2281 1817 2333; x_wconf 87' lang='lat' dir='ltr'>peremptorie</span> <span class='ocrx_word' id='word_1_377' title='bbox 1839 2280 1960 2321; x_wconf 89' lang='lat' dir='ltr'>dam—</span> 
     </span>
     <span class='ocr_line' id='line_1_36' title="bbox 225 2351 1960 2405; baseline -0.001 -13"><span class='ocrx_word' id='word_1_378' title='bbox 225 2356 364 2396; x_wconf 81' lang='lat' dir='ltr'>natae,</span> <span class='ocrx_word' id='word_1_379' title='bbox 399 2357 624 2405; x_wconf 88' lang='lat' dir='ltr'>postquam</span> <span class='ocrx_word' id='word_1_380' title='bbox 646 2352 784 2393; x_wconf 83' lang='lat' dir='ltr'>Roma</span> <span class='ocrx_word' id='word_1_381' title='bbox 819 2353 962 2393; x_wconf 87' lang='lat' dir='ltr'>locuta</span> <span class='ocrx_word' id='word_1_382' title='bbox 998 2358 1072 2394; x_wconf 89' lang='lat' dir='ltr'>est.</span> <span class='ocrx_word' id='word_1_383' title='bbox 1120 2351 1224 2392; x_wconf 89' lang='lat' dir='ltr'>Hinc</span> <span class='ocrx_word' id='word_1_384' title='bbox 1250 2352 1472 2392; x_wconf 89' lang='lat' dir='ltr'>notissima</span> <span class='ocrx_word' id='word_1_385' title='bbox 1502 2352 1574 2392; x_wconf 90' lang='lat' dir='ltr'>illa</span> <span class='ocrx_word' id='word_1_386' title='bbox 1605 2365 1636 2395; x_wconf 88' lang='lat' dir='ltr'>s.</span> <span class='ocrx_word' id='word_1_387' title='bbox 1668 2352 1847 2392; x_wconf 69' lang='lat' dir='ltr'>Aucus</span> <span class='ocrx_word' id='word_1_388' title='bbox 1887 2351 1894 2357; x_wconf 90' lang='lat'>&#39;</span> <span class='ocrx_word' id='word_1_389' title='bbox 1946 2351 1960 2391; x_wconf 91' lang='lat' dir='ltr'>i</span> 
     </span>
     <span class='ocr_line' id='line_1_37' title="bbox 226 2421 1961 2474; baseline 0 -12"><span class='ocrx_word' id='word_1_390' title='bbox 226 2434 349 2463; x_wconf 89' lang='lat' dir='ltr'>serm.</span> <span class='ocrx_word' id='word_1_391' title='bbox 376 2425 454 2466; x_wconf 81' lang='lat'>131</span> <span class='ocrx_word' id='word_1_392' title='bbox 480 2423 631 2464; x_wconf 75' lang='lat' dir='ltr'>verba:</span> <span class='ocrx_word' id='word_1_393' title='bbox 672 2423 788 2474; x_wconf 73' lang='lat' dir='ltr'>„Jam</span> <span class='ocrx_word' id='word_1_394' title='bbox 821 2425 933 2464; x_wconf 90' lang='lat' dir='ltr'>enim</span> <span class='ocrx_word' id='word_1_395' title='bbox 967 2423 1018 2464; x_wconf 91' lang='lat' dir='ltr'>de</span> <span class='ocrx_word' id='word_1_396' title='bbox 1049 2423 1132 2464; x_wconf 88' lang='lat' dir='ltr'>hac</span> <span class='ocrx_word' id='word_1_397' title='bbox 1163 2435 1294 2463; x_wconf 86' lang='lat' dir='ltr'>causa</span> <span class='ocrx_word' id='word_1_398' title='bbox 1325 2422 1409 2463; x_wconf 91' lang='lat' dir='ltr'>duo</span> <span class='ocrx_word' id='word_1_399' title='bbox 1433 2422 1613 2463; x_wconf 89' lang='lat' dir='ltr'>concilia</span> <span class='ocrx_word' id='word_1_400' title='bbox 1635 2423 1766 2463; x_wconf 87' lang='lat' dir='ltr'>missa</span> <span class='ocrx_word' id='word_1_401' title='bbox 1787 2425 1886 2463; x_wconf 85' lang='lat' dir='ltr'>sunt</span> <span class='ocrx_word' id='word_1_402' title='bbox 1906 2421 1961 2462; x_wconf 88' lang='lat' dir='ltr'>ad</span> 
     </span>
    </p>
   </div>
   <div class='ocr_carea' id='block_1_6' title="bbox 226 2492 1960 2546">
    <p class='ocr_par' dir='ltr' id='par_1_9' title="bbox 226 2492 1960 2546">
     <span class='ocr_line' id='line_1_38' title="bbox 226 2492 1960 2546; baseline -0.001 -13"><span class='ocrx_word' id='word_1_403' title='bbox 226 2493 370 2534; x_wconf 88' lang='lat' dir='ltr'>sedem</span> <span class='ocrx_word' id='word_1_404' title='bbox 393 2494 684 2546; x_wconf 72' lang='lat' dir='ltr'>apostolicam,</span> <span class='ocrx_word' id='word_1_405' title='bbox 706 2495 805 2535; x_wconf 87' lang='lat' dir='ltr'>inde</span> <span class='ocrx_word' id='word_1_406' title='bbox 829 2495 956 2535; x_wconf 87' lang='lat' dir='ltr'>etiam</span> <span class='ocrx_word' id='word_1_407' title='bbox 981 2494 1187 2546; x_wconf 85' lang='lat' dir='ltr'>rescripta</span> <span class='ocrx_word' id='word_1_408' title='bbox 1209 2498 1426 2534; x_wconf 83' lang='lat' dir='ltr'>venerunt.</span> <span class='ocrx_word' id='word_1_409' title='bbox 1470 2492 1610 2534; x_wconf 89' lang='lat' dir='ltr'>Causa</span> <span class='ocrx_word' id='word_1_410' title='bbox 1633 2492 1749 2534; x_wconf 85' lang='lat' dir='ltr'>finita</span> <span class='ocrx_word' id='word_1_411' title='bbox 1770 2496 1845 2541; x_wconf 83' lang='lat' dir='ltr'>est,</span> <span class='ocrx_word' id='word_1_412' title='bbox 1874 2492 1960 2532; x_wconf 89' lang='lat' dir='ltr'>uti-</span> 
     </span>
    </p>
   </div>
   <div class='ocr_carea' id='block_1_7' title="bbox 229 2649 406 2651">
    <p class='ocr_par' dir='ltr' id='par_1_10' title="bbox 229 2649 406 2651">
     <span class='ocr_line' id='line_1_39' title="bbox 229 2649 406 2651; baseline 0 0"><span class='ocrx_word' id='word_1_413' title='bbox 229 2649 406 2651; x_wconf 95' lang='lat' dir='ltr'> </span> 
     </span>
    </p>
   </div>
   <div class='ocr_carea' id='block_1_8' title="bbox 417 2650 507 2652">
    <p class='ocr_par' dir='ltr' id='par_1_11' title="bbox 417 2650 507 2652">
     <span class='ocr_line' id='line_1_40' title="bbox 417 2650 507 2652; baseline 0 0"><span class='ocrx_word' id='word_1_414' title='bbox 417 2650 507 2652; x_wconf 95' lang='lat' dir='ltr'> </span> 
     </span>
    </p>
   </div>
   <div class='ocr_carea' id='block_1_9' title="bbox 26 2561 1961 2662">
    <p class='ocr_par' dir='ltr' id='par_1_12' title="bbox 26 2561 1961 2662">
     <span class='ocr_line' id='line_1_41' title="bbox 26 2561 1961 2662; baseline 0 -59"><span class='ocrx_word' id='word_1_415' title='bbox 26 2595 33 2662; x_wconf 55' lang='grc' dir='ltr'>Ι</span> <span class='ocrx_word' id='word_1_416' title='bbox 128 2592 142 2628; x_wconf 60' lang='lat'><em>5</em></span> <span class='ocrx_word' id='word_1_417' title='bbox 225 2575 325 2604; x_wconf 88' lang='lat' dir='ltr'>nam</span> <span class='ocrx_word' id='word_1_418' title='bbox 349 2563 516 2605; x_wconf 86' lang='lat' dir='ltr'>finiatur</span> <span class='ocrx_word' id='word_1_419' title='bbox 539 2565 768 2617; x_wconf 84' lang='lat' dir='ltr'>aliquando</span> <span class='ocrx_word' id='word_1_420' title='bbox 792 2577 912 2606; x_wconf 87' lang='lat' dir='ltr'>error</span> <span class='ocrx_word' id='word_1_421' title='bbox 932 2566 996 2619; x_wconf 73' lang='lat'>1).“</span> <span class='ocrx_word' id='word_1_422' title='bbox 1046 2564 1279 2617; x_wconf 86' lang='lat' dir='ltr'>Propterea</span> <span class='ocrx_word' id='word_1_423' title='bbox 1301 2564 1466 2605; x_wconf 86' lang='lat' dir='ltr'>censuit</span> <span class='ocrx_word' id='word_1_424' title='bbox 1495 2563 1520 2604; x_wconf 93' lang='lat' dir='ltr'>l.</span> <span class='ocrx_word' id='word_1_425' title='bbox 1544 2567 1570 2608; x_wconf 78' lang='grc'><em>2</em></span> <span class='ocrx_word' id='word_1_426' title='bbox 1593 2575 1626 2605; x_wconf 80' lang='lat' dir='ltr'>c,</span> <span class='ocrx_word' id='word_1_427' title='bbox 1659 2563 1765 2604; x_wconf 89' lang='lat' dir='ltr'>duas</span> <span class='ocrx_word' id='word_1_428' title='bbox 1797 2574 1860 2615; x_wconf 89' lang='lat' dir='ltr'>ep.</span> <span class='ocrx_word' id='word_1_429' title='bbox 1882 2561 1961 2615; x_wconf 89' lang='lat' dir='ltr'>pel.</span> 
     </span>
    </p>
   </div>
   <div class='ocr_carea' id='block_1_10' title="bbox 225 2678 1962 3141">
    <p class='ocr_par' dir='ltr' id='par_1_13' title="bbox 225 2678 1962 3141">
     <span class='ocr_line' id='line_1_42' title="bbox 376 2678 1961 2726; baseline -0.001 -12"><span class='ocrx_word' id='word_1_430' title='bbox 376 2684 398 2721; x_wconf 79' lang='lat'>¹)</span> <span class='ocrx_word' id='word_1_431' title='bbox 419 2681 558 2714; x_wconf 87' lang='lat' dir='ltr'>Horum</span> <span class='ocrx_word' id='word_1_432' title='bbox 585 2682 890 2716; x_wconf 86' lang='lat' dir='ltr'>commentarium</span> <span class='ocrx_word' id='word_1_433' title='bbox 905 2681 1060 2726; x_wconf 86' lang='lat' dir='ltr'>praebet</span> <span class='ocrx_word' id='word_1_434' title='bbox 1085 2693 1112 2715; x_wconf 84' lang='lat' dir='ltr'>s.</span> <span class='ocrx_word' id='word_1_435' title='bbox 1132 2681 1286 2725; x_wconf 80' lang='lat' dir='ltr'>Prosper</span> <span class='ocrx_word' id='word_1_436' title='bbox 1304 2691 1334 2715; x_wconf 88' lang='lat' dir='ltr'>c.</span> <span class='ocrx_word' id='word_1_437' title='bbox 1352 2680 1568 2715; x_wconf 86' lang='lat' dir='ltr'>collatorem</span> <span class='ocrx_word' id='word_1_438' title='bbox 1593 2691 1621 2713; x_wconf 89' lang='lat' dir='ltr'>c.</span> <span class='ocrx_word' id='word_1_439' title='bbox 1641 2683 1682 2714; x_wconf 83' lang='lat'>21</span> <span class='ocrx_word' id='word_1_440' title='bbox 1702 2691 1737 2713; x_wconf 90' lang='lat' dir='ltr'>n.</span> <span class='ocrx_word' id='word_1_441' title='bbox 1757 2682 1820 2715; x_wconf 82' lang='lat'>68:</span> <span class='ocrx_word' id='word_1_442' title='bbox 1858 2678 1961 2718; x_wconf 83' lang='lat' dir='ltr'>,Non</span> 
     </span>
     <span class='ocr_line' id='line_1_43' title="bbox 227 2732 1962 2779; baseline -0.001 -12"><span class='ocrx_word' id='word_1_443' title='bbox 227 2744 312 2779; x_wconf 86' lang='lat' dir='ltr'>ergo</span> <span class='ocrx_word' id='word_1_444' title='bbox 332 2745 414 2768; x_wconf 88' lang='lat' dir='ltr'>cum</span> <span class='ocrx_word' id='word_1_445' title='bbox 432 2735 513 2768; x_wconf 86' lang='lat' dir='ltr'>istis</span> <span class='ocrx_word' id='word_1_446' title='bbox 532 2734 765 2779; x_wconf 80' lang='lat' dir='ltr'>(pelagianis)</span> <span class='ocrx_word' id='word_1_447' title='bbox 784 2745 876 2769; x_wconf 74' lang='lat' dir='ltr'>nova</span> <span class='ocrx_word' id='word_1_448' title='bbox 889 2736 967 2769; x_wconf 87' lang='lat' dir='ltr'>acie</span> <span class='ocrx_word' id='word_1_449' title='bbox 985 2734 1236 2768; x_wconf 80' lang='lat' dir='ltr'>dimicandum</span> <span class='ocrx_word' id='word_1_450' title='bbox 1255 2735 1320 2770; x_wconf 70' lang='lat' dir='ltr'>est,</span> <span class='ocrx_word' id='word_1_451' title='bbox 1339 2744 1404 2767; x_wconf 87' lang='lat' dir='ltr'>nec</span> <span class='ocrx_word' id='word_1_452' title='bbox 1417 2733 1521 2777; x_wconf 89' lang='lat' dir='ltr'>quasi</span> <span class='ocrx_word' id='word_1_453' title='bbox 1535 2735 1663 2767; x_wconf 80' lang='lat' dir='ltr'>contra</span> <span class='ocrx_word' id='word_1_454' title='bbox 1676 2733 1825 2778; x_wconf 87' lang='lat' dir='ltr'>ignotos</span> <span class='ocrx_word' id='word_1_455' title='bbox 1837 2732 1962 2767; x_wconf 84' lang='lat' dir='ltr'>hostes</span> 
     </span>
     <span class='ocr_line' id='line_1_44' title="bbox 227 2785 1958 2832; baseline -0.001 -12"><span class='ocrx_word' id='word_1_456' title='bbox 227 2787 403 2832; x_wconf 85' lang='lat' dir='ltr'>specialia</span> <span class='ocrx_word' id='word_1_457' title='bbox 434 2790 520 2821; x_wconf 90' lang='lat' dir='ltr'>sunt</span> <span class='ocrx_word' id='word_1_458' title='bbox 549 2788 710 2821; x_wconf 85' lang='lat' dir='ltr'>ineunda</span> <span class='ocrx_word' id='word_1_459' title='bbox 738 2789 951 2822; x_wconf 86' lang='lat' dir='ltr'>certamina.</span> <span class='ocrx_word' id='word_1_460' title='bbox 986 2788 1087 2821; x_wconf 87' lang='lat' dir='ltr'>Tunc</span> <span class='ocrx_word' id='word_1_461' title='bbox 1113 2788 1268 2821; x_wconf 82' lang='lat' dir='ltr'>istorum</span> <span class='ocrx_word' id='word_1_462' title='bbox 1295 2787 1490 2820; x_wconf 86' lang='lat' dir='ltr'>machinae</span> <span class='ocrx_word' id='word_1_463' title='bbox 1518 2788 1654 2820; x_wconf 78' lang='lat' dir='ltr'>fractae</span> <span class='ocrx_word' id='word_1_464' title='bbox 1681 2789 1778 2826; x_wconf 84' lang='lat' dir='ltr'>sunt,</span> <span class='ocrx_word' id='word_1_465' title='bbox 1805 2786 1896 2819; x_wconf 85' lang='lat' dir='ltr'>tunc</span> <span class='ocrx_word' id='word_1_466' title='bbox 1921 2785 1958 2818; x_wconf 85' lang='lat' dir='ltr'>in</span> 
     </span>
     <span class='ocr_line' id='line_1_45' title="bbox 229 2839 1961 2886; baseline -0.002 -12"><span class='ocrx_word' id='word_1_467' title='bbox 229 2841 423 2884; x_wconf 88' lang='lat' dir='ltr'>superbiae</span> <span class='ocrx_word' id='word_1_468' title='bbox 442 2851 527 2874; x_wconf 89' lang='lat' dir='ltr'>suae</span> <span class='ocrx_word' id='word_1_469' title='bbox 545 2841 651 2874; x_wconf 85' lang='lat' dir='ltr'>sociis</span> <span class='ocrx_word' id='word_1_470' title='bbox 670 2851 710 2874; x_wconf 88' lang='lat' dir='ltr'>ac</span> <span class='ocrx_word' id='word_1_471' title='bbox 730 2842 960 2886; x_wconf 81' lang='lat' dir='ltr'>principibus</span> <span class='ocrx_word' id='word_1_472' title='bbox 980 2842 1207 2880; x_wconf 79' lang='lat' dir='ltr'>corruerunt,</span> <span class='ocrx_word' id='word_1_473' title='bbox 1236 2839 1383 2884; x_wconf 86' lang='lat' dir='ltr'>quando</span> <span class='ocrx_word' id='word_1_474' title='bbox 1413 2840 1543 2873; x_wconf 86' lang='lat' dir='ltr'>beatae</span> <span class='ocrx_word' id='word_1_475' title='bbox 1569 2839 1768 2873; x_wconf 88' lang='lat' dir='ltr'>memoriae</span> <span class='ocrx_word' id='word_1_476' title='bbox 1786 2839 1961 2872; x_wconf 82' lang='lat' dir='ltr'>Innocen-</span> 
     </span>
     <span class='ocr_line' id='line_1_46' title="bbox 225 2891 1960 2938; baseline -0.002 -11"><span class='ocrx_word' id='word_1_477' title='bbox 225 2894 300 2927; x_wconf 82' lang='lat' dir='ltr'>tius</span> <span class='ocrx_word' id='word_1_478' title='bbox 318 2893 471 2927; x_wconf 75' lang='lat' dir='ltr'>nefandi</span> <span class='ocrx_word' id='word_1_479' title='bbox 489 2894 618 2927; x_wconf 87' lang='lat' dir='ltr'>erroris</span> <span class='ocrx_word' id='word_1_480' title='bbox 637 2894 763 2938; x_wconf 80' lang='lat' dir='ltr'>capita</span> <span class='ocrx_word' id='word_1_481' title='bbox 780 2894 981 2938; x_wconf 82' lang='lat' dir='ltr'>apostolico</span> <span class='ocrx_word' id='word_1_482' title='bbox 1000 2904 1176 2928; x_wconf 84' lang='lat' dir='ltr'>mucrone</span> <span class='ocrx_word' id='word_1_483' title='bbox 1195 2893 1393 2938; x_wconf 79' lang='lat' dir='ltr'>percussit3</span> <span class='ocrx_word' id='word_1_484' title='bbox 1422 2892 1569 2936; x_wconf 82' lang='lat' dir='ltr'>quando</span> <span class='ocrx_word' id='word_1_485' title='bbox 1587 2891 1778 2936; x_wconf 82' lang='lat' dir='ltr'>Pelagium</span> <span class='ocrx_word' id='word_1_486' title='bbox 1808 2891 1853 2925; x_wconf 85' lang='lat' dir='ltr'>ad</span> <span class='ocrx_word' id='word_1_487' title='bbox 1879 2901 1960 2935; x_wconf 87' lang='lat' dir='ltr'>pro-</span> 
     </span>
     <span class='ocr_line' id='line_1_47' title="bbox 227 2944 1960 2990; baseline -0.002 -10"><span class='ocrx_word' id='word_1_488' title='bbox 227 2946 416 2981; x_wconf 85' lang='lat' dir='ltr'>ferendam</span> <span class='ocrx_word' id='word_1_489' title='bbox 432 2946 472 2980; x_wconf 89' lang='lat' dir='ltr'>in</span> <span class='ocrx_word' id='word_1_490' title='bbox 489 2956 526 2980; x_wconf 81' lang='lat' dir='ltr'>se</span> <span class='ocrx_word' id='word_1_491' title='bbox 544 2957 700 2990; x_wconf 86' lang='lat' dir='ltr'>suosque</span> <span class='ocrx_word' id='word_1_492' title='bbox 719 2947 942 2981; x_wconf 83' lang='lat' dir='ltr'>sententiam</span> <span class='ocrx_word' id='word_1_493' title='bbox 960 2946 1252 2990; x_wconf 86' lang='lat' dir='ltr'>palaestinorum</span> <span class='ocrx_word' id='word_1_494' title='bbox 1281 2946 1534 2990; x_wconf 81' lang='lat' dir='ltr'>episcoporum</span> <span class='ocrx_word' id='word_1_495' title='bbox 1563 2944 1712 2989; x_wconf 86' lang='lat' dir='ltr'>synodis</span> <span class='ocrx_word' id='word_1_496' title='bbox 1740 2944 1960 2981; x_wconf 75' lang='lat' dir='ltr'>coarctavit3</span> 
     </span>
     <span class='ocr_line' id='line_1_48' title="bbox 227 2998 1961 3044; baseline -0.002 -10"><span class='ocrx_word' id='word_1_497' title='bbox 227 3000 375 3044; x_wconf 88' lang='lat' dir='ltr'>quando</span> <span class='ocrx_word' id='word_1_498' title='bbox 395 3000 640 3033; x_wconf 85' lang='lat' dir='ltr'>africanorum</span> <span class='ocrx_word' id='word_1_499' title='bbox 660 3000 899 3034; x_wconf 82' lang='lat' dir='ltr'>conciliorum</span> <span class='ocrx_word' id='word_1_500' title='bbox 918 3001 1072 3034; x_wconf 83' lang='lat' dir='ltr'>decretis</span> <span class='ocrx_word' id='word_1_501' title='bbox 1092 3000 1220 3034; x_wconf 80' lang='lat' dir='ltr'>beatae</span> <span class='ocrx_word' id='word_1_502' title='bbox 1237 2998 1504 3033; x_wconf 83' lang='lat' dir='ltr'>recordationis</span> <span class='ocrx_word' id='word_1_503' title='bbox 1522 3009 1619 3043; x_wconf 82' lang='lat' dir='ltr'>papa</span> <span class='ocrx_word' id='word_1_504' title='bbox 1637 2998 1799 3032; x_wconf 82' lang='lat' dir='ltr'>Zosimus</span> <span class='ocrx_word' id='word_1_505' title='bbox 1817 2999 1961 3031; x_wconf 88' lang='lat' dir='ltr'>senten-</span> 
     </span>
     <span class='ocr_line' id='line_1_49' title="bbox 226 3050 1960 3097; baseline -0.002 -10"><span class='ocrx_word' id='word_1_506' title='bbox 226 3053 300 3087; x_wconf 79' lang='lat' dir='ltr'>tiae</span> <span class='ocrx_word' id='word_1_507' title='bbox 319 3064 405 3087; x_wconf 87' lang='lat' dir='ltr'>suae</span> <span class='ocrx_word' id='word_1_508' title='bbox 422 3053 536 3087; x_wconf 84' lang='lat' dir='ltr'>robur</span> <span class='ocrx_word' id='word_1_509' title='bbox 554 3051 732 3087; x_wconf 82' lang='lat' dir='ltr'>adnexuit</span> <span class='ocrx_word' id='word_1_510' title='bbox 749 3054 785 3086; x_wconf 79' lang='lat' dir='ltr'>et</span> <span class='ocrx_word' id='word_1_511' title='bbox 813 3054 859 3086; x_wconf 82' lang='lat' dir='ltr'>ad</span> <span class='ocrx_word' id='word_1_512' title='bbox 886 3054 1085 3097; x_wconf 87' lang='lat' dir='ltr'>impiorum</span> <span class='ocrx_word' id='word_1_513' title='bbox 1114 3052 1426 3086; x_wconf 83' lang='lat' dir='ltr'>detruncationem</span> <span class='ocrx_word' id='word_1_514' title='bbox 1454 3051 1578 3096; x_wconf 86' lang='lat' dir='ltr'>gladio</span> <span class='ocrx_word' id='word_1_515' title='bbox 1596 3051 1695 3085; x_wconf 71' lang='lat' dir='ltr'>Petri</span> <span class='ocrx_word' id='word_1_516' title='bbox 1723 3050 1870 3084; x_wconf 81' lang='lat' dir='ltr'>dextras</span> <span class='ocrx_word' id='word_1_517' title='bbox 1887 3060 1960 3084; x_wconf 89' lang='lat' dir='ltr'>om-</span> 
     </span>
     <span class='ocr_line' id='line_1_50' title="bbox 226 3105 1008 3141; baseline 0 -1"><span class='ocrx_word' id='word_1_518' title='bbox 226 3107 329 3141; x_wconf 88' lang='lat' dir='ltr'>nium</span> <span class='ocrx_word' id='word_1_519' title='bbox 348 3106 506 3140; x_wconf 84' lang='lat' dir='ltr'>armavit</span> <span class='ocrx_word' id='word_1_520' title='bbox 523 3105 767 3140; x_wconf 59' lang='lat' dir='ltr'>antistitum.ss</span> <span class='ocrx_word' id='word_1_521' title='bbox 804 3105 854 3140; x_wconf 87' lang='lat' dir='ltr'>cf.</span> <span class='ocrx_word' id='word_1_522' title='bbox 874 3118 909 3140; x_wconf 87' lang='lat' dir='ltr'>n.</span> <span class='ocrx_word' id='word_1_523' title='bbox 929 3109 1008 3141; x_wconf 80' lang='lat'>382.</span> 
     </span>
    </p>
   </div>
  </div>
 </body>
</html>
