2175 3382
918 93 1129 128 Prastantia
1146 94 1240 131 fidei.
1866 100 1921 142 47
1931 100 1951 140 l

214 212 280 253 nis
303 224 390 253 non
413 212 711 262 ascenderunt,
733 212 958 265 patefiunt;
981 225 1066 265 qua
1088 212 1394 254 introducimur
1416 214 1459 254 in
1482 215 1573 267 ipsa
1597 214 1805 267 profunda
1829 214 1902 256 Dei
1928 219 1949 259 1

215 282 310 324 Cor.
326 287 364 332 2,
387 287 425 332 9,
447 283 759 336 participesque
782 282 998 324 reddimur
1019 288 1283 324 secretorum
1306 283 1558 336 divinorum,
1583 297 1692 337 quae
1707 286 1834 327 Filius
1856 288 1953 327 uni-

213 355 378 405 genitus
401 355 444 395 in
466 355 561 395 sinu
586 359 764 406 paterno
787 354 1042 395 recumbens
1065 354 1188 395 nobis
1212 356 1457 395 ennarravit
1479 355 1541 396 Jo.
1570 358 1605 404 1,
1633 359 1696 401 18.

331 428 434 465 Ηί110
465 439 494 464 s.
525 428 820 465 Bernardus
852 428 899 465 de
930 428 1006 464 fide
1038 428 1234 465 disserens
1266 441 1293 465 S.
1319 435 1369 467 76
1404 429 1445 465 111
1473 432 1571 470 cant,
1596 443 1631 466 11.
1659 437 1701 469 6ς
1736 432 1950 481 »Αῒῖ11181ῒ,

210 486 353 535 inquit,
376 488 582 532 inaccessa,
606 487 863 535 deprehendit
886 488 1029 536 ignota,
1053 487 1349 535 comprehendit
1371 489 1570 531 immensa,
1594 490 1849 537 apprehendit
1876 503 1948 527 no-

213 547 382 590 vissima,
423 546 548 592 ipsam
581 546 747 593 denique
779 546 1051 583 aeternitatem
1093 558 1162 583 suo
1194 547 1263 583 illo
1295 547 1385 584 sinu
1416 548 1634 584 vastissimo
1667 549 1951 596 quodammodo

213 605 499 642 circumcludit.
542 604 726 641 Fidenter
757 605 931 649 dixerim,
965 610 1163 642 aeternam
1193 605 1425 654 beatamque
1449 606 1693 651 Trinitatem,
1726 620 1842 655 quam
1874 621 1952 645 non

211 664 405 713 intelligo,
439 663 571 701 credo:
604 668 641 700 et
675 663 749 700 fide
780 668 907 709 teneo,
941 676 1056 711 quam
1089 677 1164 701 non
1195 664 1302 713 capio
1325 668 1495 705 mente«
1540 665 1664 709 Quam
1687 669 1798 703 acute
1821 669 1950 704 autem

211 723 251 760 111
285 723 387 760 001111
409 723 580 767 videant,
614 723 813 771 praeclare
845 723 1030 760 describit
1052 723 1446 772 chrysostomus
1472 725 1572 761 hom.
1599 731 1649 765 28
1674 725 1714 761 111
1737 725 1828 762 Gen.
1852 738 1889 761 n.
1915 733 1949 770 3,

210 782 281 819 ubi
303 782 349 818 de
371 782 418 819 iis
441 782 551 818 dicit:
572 775 788 830 „Supernis
809 782 930 818 radiis
951 782 1142 819 illustrati
1167 782 1308 827 omnia,
1333 795 1433 831 quae
1455 784 1496 820 in
1519 783 1589 821 hac
1602 784 1685 820 vita
1707 787 1813 828 sunt,
1838 786 1950 832 quasi

211 841 393 878 umbram
425 843 465 878 et
496 840 690 878 somnium
721 843 939 885 transeunt,
972 853 1051 878 non
1082 841 1155 878 ulli
1187 842 1292 878 ultra
1317 841 1541 890 deceptioni
1566 843 1721 880 obnoxii
1744 846 1847 888 sunt,
1881 856 1951 881 nec

212 900 489 937 circumveniri
511 905 687 948 possunt,
711 899 777 937 sed
800 900 954 937 etiamsi
976 913 1067 948 opes
1082 900 1264 946 viderint,
1289 901 1423 938 statim
1438 901 1617 939 derident
1632 903 1809 945 scientes,
1834 915 1951 950 quam

210 959 378 1009 fugitivo
411 959 550 1007 quovis
582 958 820 996 infideliores
844 959 892 996 ab
913 971 991 996 uno
1015 960 1062 996 ad
1085 959 1206 996 alium
1227 962 1480 1003 transeant3<<
1514 973 1551 997 n.
1577 967 1622 1000 4:
1656 987 1673 1005 »
1684 961 1858 1005 Vidistis,
1892 962 1950 998 di-

210 1018 313 1061 lecti,
338 1031 455 1066 quam
479 1021 591 1054 acute
613 1018 771 1055 videant
794 1018 896 1055 oculi
919 1018 1020 1061 fidei,
1046 1019 1079 1055 si
1102 1018 1258 1066 quando
1279 1019 1320 1056 in
1347 1020 1471 1056 Deum
1493 1032 1602 1057 mens
1625 1020 1779 1057 intenta
1799 1020 1950 1057 fuerit?

210 1076 388 1117 Vidistis,
412 1076 606 1125 quomodo
630 1090 651 1114 a
674 1077 785 1113 nulla
808 1090 847 1113 re
871 1077 1017 1114 visibili
1040 1077 1163 1126 decipi
1189 1078 1354 1126 possint,
1378 1078 1443 1115 sed
1467 1079 1637 1116 habeant
1653 1082 1801 1117 rectum
1818 1093 1950 1117 rerum

205 1136 412 1185 judicium,
436 1148 563 1184 neque
585 1136 627 1172 in
650 1136 733 1172 ullo
755 1136 998 1173 fallanturP«
1023 1140 1114 1180 eta,
1139 1137 1183 1173 cf.
1207 1150 1243 1174 n.
1270 1144 1304 1176 6.
1347 1138 1455 1174 Belle
1477 1138 1766 1176 Balduinus
1793 1151 1949 1187 quoque

212 1197 384 1232 cantuar.
415 1198 464 1233 tr.
494 1202 509 1234 1
538 1194 583 1231 de
607 1207 655 1231 ss.
678 1195 786 1232 euch.
811 1208 906 1232 sacr.
939 1193 1064 1246 (Mig.
1091 1202 1185 1240 204,
1221 1194 1321 1249 403)
1355 1197 1551 1234 occasione
1573 1198 1782 1235 verborum
1809 1198 1858 1235 Is.
1884 1205 1950 1241 45,

217 1261 287 1293 15:
329 1254 421 1290 Vere
442 1254 548 1291 Deus
579 1254 820 1291 absconditus
851 1259 891 1291 tu
923 1267 974 1301 es,
1007 1266 1076 1292 rea:
1099 1255 1221 1291 Israel
1247 1256 1436 1304 Salvator,
1471 1256 1626 1293 scribit:
1661 1257 1950 1301 „Absconditus

209 1313 288 1350 fuit
302 1313 479 1350 Christus
502 1313 549 1350 ab
571 1313 686 1350 initio
707 1314 748 1350 in
771 1314 860 1350 sinu
878 1313 1021 1356 Patris;
1045 1314 1297 1351 absconditus
1318 1314 1395 1351 fuit
1416 1318 1507 1364 post
1523 1315 1627 1352 idem
1640 1316 1682 1352 in
1695 1316 1819 1353 forma
1836 1318 1949 1359 servi,

211 1385 327 1420 quarn
361 1372 597 1420 assumpsit;
629 1372 880 1410 absconditus
913 1378 971 1410 est
997 1376 1037 1410 et
1058 1385 1163 1410 nunc
1184 1373 1226 1409 in
1250 1378 1501 1418 sacramento,
1534 1375 1639 1423 quod
1661 1375 1742 1423 ipse
1765 1375 1950 1415 instituit.

210 1431 497 1468 Absconditum
519 1430 561 1468 in
586 1431 677 1468 sinu
692 1432 819 1468 Patris
842 1432 935 1468 fides
959 1432 1132 1476 invenit,
1156 1433 1429 1470 absconditum
1450 1433 1492 1470 in
1515 1434 1670 1470 homine
1693 1434 1787 1471 tides
1808 1435 1950 1472 nihilo-

209 1491 340 1527 minus
363 1490 528 1533 invenit,
551 1490 705 1527 invenit
726 1493 766 1528 et
787 1491 873 1538 ipsa
894 1490 990 1528 fides
1011 1491 1052 1527 in
1078 1496 1318 1529 sacramento
1345 1492 1627 1530 absconditum.
1663 1494 1802 1542 Magna
1825 1494 1952 1531 virtus

209 1548 301 1586 fidei
323 1562 505 1598 magnam
529 1549 647 1586 habet
668 1549 947 1587 familiaritatis
969 1550 1135 1599 gratiam
1159 1551 1262 1599 apud
1284 1551 1419 1588 Deum.
1464 1552 1538 1588 Ubi
1561 1553 1631 1589 ubi
1657 1553 1861 1598 invenerit,
1890 1566 1950 1590 30-

210 1620 361 1645 cessum
384 1609 501 1646 habet
534 1609 581 1645 ad
609 1621 698 1645 eum
721 1611 761 1646 et
783 1609 950 1656 quodam
974 1609 1183 1646 domestico
1205 1610 1487 1647 familiaritatis
1509 1623 1608 1648 ausu
1630 1612 1713 1660 ipsa
1734 1613 1951 1660 penetralia

209 1668 418 1715 ipsumque
441 1667 666 1704 cubiculum
690 1668 902 1716 irrumpit«
926 1670 996 1706 etc.
1034 1669 1068 1705 S.
1093 1669 1190 1705 Tho
1205 1681 1303 1706 mas
1324 1682 1449 1717 expos.
1471 1670 1512 1706 in
1536 1671 1657 1719 symb.
1682 1672 1950 1719 apostolorum

209 1739 247 1766 11.
275 1734 287 1766 ]
319 1739 447 1775 opusc
473 1727 521 1763 VI
544 1728 583 1763 et
604 1726 707 1763 infra
728 1727 783 1764 th.
809 1734 858 1767 85
883 1740 919 1775 p.
946 1734 981 1768 3.

329 1796 373 1837 6.
398 1794 520 1835 Fides
543 1799 635 1834 tuta
657 1800 720 1835 est
741 1795 784 1835 in
806 1795 975 1836 turbido
993 1796 1231 1847 praesentis
1246 1796 1358 1837 vitae
1374 1798 1482 1837 mari
1497 1802 1647 1838 contra
1669 1802 1731 1839 tot
1753 1810 1947 1838 errorum

210 1865 420 1918 procellas
442 1865 613 1917 pharus,
637 1877 746 1918 quae
767 1867 871 1906 recti
894 1867 1056 1907 itineris
1080 1867 1276 1907 semitam
1300 1867 1530 1920 salutisque
1553 1874 1722 1920 portum
1746 1869 1948 1914 ostendit;

211 1941 274 1977 est
300 1935 420 1977 stella
442 1936 652 1976 matutina
674 1936 798 1977 nobis
819 1937 1084 1989 praelucens,
1117 1938 1238 1978 suavi
1270 1950 1348 1978 sua
1379 1938 1471 1979 luce
1504 1943 1567 1979 tot
1598 1939 1807 1992 dissipans
1829 1945 1949 1980 tene-

209 2007 321 2054 bras,
353 2011 479 2060 atque
504 2006 644 2052 dubia,
667 2007 819 2060 quibus
842 2008 1109 2055 involvimur,
1133 2009 1418 2061 peremptorie
1441 2010 1630 2057 solvens;
1653 2016 1717 2051 est
1739 2011 1946 2051 luminare

211 2078 359 2130 majus,
392 2078 459 2118 cui
491 2078 738 2130 disciplinae
769 2083 938 2119 ceterae
970 2079 1162 2119 ancillari
1193 2079 1360 2121 debent.
1402 2080 1491 2121 11110
1526 2081 1835 2133 quadamtenus
1867 2081 1948 2122 dici

209 2153 360 2200 potest,
397 2148 511 2201 quod
544 2154 606 2189 est
638 2150 680 2189 in
712 2149 860 2190 ordine
891 2149 1075 2190 naturali
1111 2150 1185 2197 sol,
1222 2155 1286 2191 est
1320 2163 1421 2203 prae
1445 2162 1598 2204 genere
1622 2152 1809 2193 humano
1833 2152 1946 2193 fides.

211 2217 328 2260 Sicut
350 2219 413 2260 sol
434 2219 653 2260 illuminat.
677 2219 880 2269 calefacit,
903 2220 1120 2261 fecundat:
1158 2221 1216 2261 ita
1246 2227 1286 2262 et
1317 2220 1420 2262 fides
1452 2222 1628 2274 dissipat
1658 2227 1720 2263 tot
1750 2223 1948 2275 ignoran-

209 2292 294 2331 tiae
316 2291 516 2331 tenebras
540 2291 595 2346 (n.
628 2294 675 2334 12
699 2304 751 2338 s.;
776 2294 860 2345 68),
893 2303 1083 2332 amorem
1110 2291 1183 2332 Dei
1207 2297 1247 2332 et
1270 2293 1451 2344 proximi
1474 2293 1692 2334 succendit
1714 2298 1755 2334 et
1777 2294 1831 2334 ad
1854 2307 1946 2335 om-

210 2373 308 2402 nem
330 2366 553 2413 promovet
574 2362 771 2402 virtutem
794 2362 850 2417 (n.
867 2365 919 2406 87
937 2363 998 2418 5.).
1035 2361 1288 2404 Conferatur
1310 2363 1520 2404 fructuum
1546 2365 1680 2416 copia,
1703 2365 1821 2417 cujus
1844 2364 1947 2406 fides

211 2437 275 2473 est
295 2432 428 2479 radix,
453 2444 548 2472 cum
573 2432 792 2473 sterilitate
815 2432 1121 2485 philosophiae.

330 2504 368 2547 7.
391 2503 517 2544 Fides
550 2508 614 2543 est
644 2503 996 2555 specialissimum
1019 2517 1071 2546 ss.
1095 2504 1311 2545 Trinitatis
1334 2505 1492 2546 donum
1517 2510 1643 2558 atque
1667 2506 1858 2548 effectus:
1892 2507 1945 2548 ad

213 2586 309 2615 eam
332 2574 633 2624 inchoandam,
665 2573 891 2615 fovendam
914 2575 1269 2628 nutriendamque
1293 2577 1430 2617 omnis
1453 2576 1644 2628 dirigitur
1666 2576 1802 2618 Patris
1826 2589 1945 2619 reve-

209 2644 331 2692 1311ος
364 2644 417 2685 ad
450 2657 546 2686 eam
569 2645 808 2686 docendam
830 2645 1268 2699 promulgandamque
1292 2659 1378 2688 non
1400 2647 1649 2700 dedignatus
1672 2654 1736 2689 est
1757 2648 1945 2690 Verbum

210 2714 300 2756 fieri
332 2727 434 2756 caro
457 2720 685 2769 nosterque
707 2716 930 2768 magister:
962 2716 1016 2756 ad
1049 2728 1144 2757 eam
1176 2718 1328 2758 animis
1359 2718 1630 2760 inserendam
1654 2720 1791 2760 omnis
1814 2719 1945 2760 tendit

211 2783 391 2837 Spiritus
413 2799 444 2826 s.
466 2786 710 2834 illustratio;
734 2787 788 2827 ad
811 2798 906 2827 eam
920 2787 1253 2839 praedicandam
1269 2789 1692 2842 conservandamque
1707 2790 1942 2830 institutum

210 2860 275 2896 est
304 2855 518 2898 infallibile
539 2857 753 2898 Ecclesiae
786 2858 1088 2909 magisterium.
1132 2857 1346 2908 Quantum
1378 2859 1473 2901 fidei
1504 2861 1697 2913 pretium,
1730 2861 1783 2901 ad
1816 2873 1941 2913 quam

210 2931 353 2966 tantus
377 2928 636 2979 operationis
659 2929 826 2970 divinae
850 2933 1081 2980 apparatus
1105 2930 1348 2970 concurrit?

329 2998 372 3040 8.
405 2997 529 3039 Fides
551 2998 838 3040 nobilissimus
871 3003 936 3039 est
966 2999 1143 3040 rationis
1166 3000 1380 3042 humanae
1403 3003 1537 3054 gratia
1560 3002 1791 3043 illustratae
1815 3006 1942 3054 atque

216 3067 448 3109 roboratae
471 3073 602 3119 actus,
624 3068 715 3120 flos,
737 3070 993 3121 homagium,
1017 3069 1278 3124 obsequium,
1300 3071 1608 3122 holocaustum,
1631 3073 1683 3113 ad
1706 3071 1818 3125 quod
1841 3071 1943 3113 offe-
