<?xml version="1.0" encoding="UTF-8"?>
<!DOCTYPE html PUBLIC "-//W3C//DTD XHTML 1.0 Transitional//EN"
    "http://www.w3.org/TR/xhtml1/DTD/xhtml1-transitional.dtd">
<html xmlns="http://www.w3.org/1999/xhtml" xml:lang="en" lang="en">
 <head>
  <title>
</title>
<meta http-equiv="Content-Type" content="text/html;charset=utf-8" />
  <meta name='ocr-system' content='tesseract 3.04.00' />
  <meta name='ocr-capabilities' content='ocr_page ocr_carea ocr_par ocr_line ocrx_word'/>
</head>
<body>
  <div class='ocr_page' id='page_1' title='image "./theologiaedogmat01hurt/theologiaedogmat01hurt_0423.png"; bbox 0 0 2175 3382; ppageno 0'>
   <div class='ocr_carea' id='block_1_1' title="bbox 425 130 1911 177">
    <p class='ocr_par' dir='ltr' id='par_1_1' title="bbox 425 130 1911 177">
     <span class='ocr_line' id='line_1_1' title="bbox 425 130 1911 177; baseline -0.003 -10"><span class='ocrx_word' id='word_1_1' title='bbox 425 133 607 168; x_wconf 77' lang='lat' dir='ltr'>primatus</span> <span class='ocrx_word' id='word_1_2' title='bbox 625 131 884 177; x_wconf 73' lang='lat' dir='ltr'>complectitur</span> <span class='ocrx_word' id='word_1_3' title='bbox 900 131 1127 176; x_wconf 74' lang='lat' dir='ltr'>potestatem</span> <span class='ocrx_word' id='word_1_4' title='bbox 1139 130 1410 175; x_wconf 80' lang='lat' dir='ltr'>jurisdictionis</span> <span class='ocrx_word' id='word_1_5' title='bbox 1428 130 1655 175; x_wconf 78' lang='lat' dir='ltr'>episcopalis.</span> <span class='ocrx_word' id='word_1_6' title='bbox 1824 135 1911 175; x_wconf 73' lang='lat'>413</span> 
     </span>
    </p>
   </div>
   <div class='ocr_carea' id='block_1_2' title="bbox 173 248 1913 447">
    <p class='ocr_par' dir='ltr' id='par_1_2' title="bbox 173 248 1913 447">
     <span class='ocr_line' id='line_1_2' title="bbox 293 248 1913 305; baseline -0.005 -7"><span class='ocrx_word' id='word_1_7' title='bbox 293 257 389 299; x_wconf 87' lang='lat'><strong>391.</strong></span> <span class='ocrx_word' id='word_1_8' title='bbox 412 252 466 295; x_wconf 89' lang='lat' dir='ltr'>Ut</span> <span class='ocrx_word' id='word_1_9' title='bbox 487 263 586 305; x_wconf 85' lang='lat' dir='ltr'>ergo</span> <span class='ocrx_word' id='word_1_10' title='bbox 610 263 719 304; x_wconf 88' lang='lat' dir='ltr'>quae</span> <span class='ocrx_word' id='word_1_11' title='bbox 741 250 955 291; x_wconf 80' lang='lat' dir='ltr'>Ecclesiae</span> <span class='ocrx_word' id='word_1_12' title='bbox 977 248 1291 290; x_wconf 89' lang='lat' dir='ltr'>definitionibus</span> <span class='ocrx_word' id='word_1_13' title='bbox 1314 250 1608 298; x_wconf 86' lang='lat' dir='ltr'>enunciantur,</span> <span class='ocrx_word' id='word_1_14' title='bbox 1640 260 1834 302; x_wconf 89' lang='lat' dir='ltr'>quaeque</span> <span class='ocrx_word' id='word_1_15' title='bbox 1857 249 1913 291; x_wconf 90' lang='lat' dir='ltr'>de</span> 
     </span>
     <span class='ocr_line' id='line_1_3' title="bbox 175 319 1909 376; baseline -0.003 -10"><span class='ocrx_word' id='word_1_16' title='bbox 175 325 343 367; x_wconf 90' lang='lat' dir='ltr'>romani</span> <span class='ocrx_word' id='word_1_17' title='bbox 364 322 572 376; x_wconf 89' lang='lat' dir='ltr'>pontificis</span> <span class='ocrx_word' id='word_1_18' title='bbox 588 322 754 375; x_wconf 89' lang='lat' dir='ltr'>juribus</span> <span class='ocrx_word' id='word_1_19' title='bbox 776 326 818 362; x_wconf 92' lang='lat' dir='ltr'>et</span> <span class='ocrx_word' id='word_1_20' title='bbox 839 321 1146 373; x_wconf 84' lang='lat' dir='ltr'>praerogativis</span> <span class='ocrx_word' id='word_1_21' title='bbox 1168 319 1355 361; x_wconf 89' lang='lat' dir='ltr'>tenenda</span> <span class='ocrx_word' id='word_1_22' title='bbox 1377 325 1486 368; x_wconf 90' lang='lat' dir='ltr'>sunt,</span> <span class='ocrx_word' id='word_1_23' title='bbox 1517 320 1571 360; x_wconf 91' lang='lat' dir='ltr'>ad</span> <span class='ocrx_word' id='word_1_24' title='bbox 1603 320 1815 372; x_wconf 88' lang='lat' dir='ltr'>quaedam</span> <span class='ocrx_word' id='word_1_25' title='bbox 1839 331 1909 361; x_wconf 88' lang='lat' dir='ltr'>re-</span> 
     </span>
     <span class='ocr_line' id='line_1_4' title="bbox 173 394 770 447; baseline -0.008 -9"><span class='ocrx_word' id='word_1_26' title='bbox 173 407 376 438; x_wconf 84' lang='lat' dir='ltr'>vocemus</span> <span class='ocrx_word' id='word_1_27' title='bbox 397 395 550 447; x_wconf 82' lang='lat' dir='ltr'>capita,</span> <span class='ocrx_word' id='word_1_28' title='bbox 571 394 770 434; x_wconf 83' lang='lat' dir='ltr'>dicimus:</span> 
     </span>
    </p>
   </div>
   <div class='ocr_carea' id='block_1_3' title="bbox 175 472 1919 2019">
    <p class='ocr_par' dir='ltr' id='par_1_3' title="bbox 175 472 1919 2019">
     <span class='ocr_line' id='line_1_5' title="bbox 294 472 1911 531; baseline -0.004 -12"><span class='ocrx_word' id='word_1_29' title='bbox 294 477 336 520; x_wconf 92' lang='lat'>1.</span> <span class='ocrx_word' id='word_1_30' title='bbox 370 477 599 531; x_wconf 70' lang='lat' dir='ltr'>primatum</span> <span class='ocrx_word' id='word_1_31' title='bbox 632 475 800 516; x_wconf 90' lang='lat' dir='ltr'>romani</span> <span class='ocrx_word' id='word_1_32' title='bbox 832 472 1042 526; x_wconf 84' lang='lat' dir='ltr'>pontificis</span> <span class='ocrx_word' id='word_1_33' title='bbox 1075 473 1282 527; x_wconf 75' lang='lat' dir='ltr'>complecti</span> <span class='ocrx_word' id='word_1_34' title='bbox 1315 485 1403 514; x_wconf 92' lang='lat' dir='ltr'>non</span> <span class='ocrx_word' id='word_1_35' title='bbox 1438 476 1602 513; x_wconf 90' lang='lat' dir='ltr'>tantum</span> <span class='ocrx_word' id='word_1_36' title='bbox 1637 472 1820 514; x_wconf 85' lang='lat' dir='ltr'>officium</span> <span class='ocrx_word' id='word_1_37' title='bbox 1845 475 1911 513; x_wconf 91' lang='lat' dir='ltr'>in-</span> 
     </span>
     <span class='ocr_line' id='line_1_6' title="bbox 176 543 1911 601; baseline -0.003 -12"><span class='ocrx_word' id='word_1_38' title='bbox 176 547 404 601; x_wconf 88' lang='lat' dir='ltr'>spectionis</span> <span class='ocrx_word' id='word_1_39' title='bbox 437 551 480 587; x_wconf 87' lang='lat' dir='ltr'>et</span> <span class='ocrx_word' id='word_1_40' title='bbox 512 546 766 594; x_wconf 81' lang='lat' dir='ltr'>directionis,</span> <span class='ocrx_word' id='word_1_41' title='bbox 800 549 847 586; x_wconf 92' lang='lat' dir='ltr'>ut</span> <span class='ocrx_word' id='word_1_42' title='bbox 879 544 1140 585; x_wconf 91' lang='lat' dir='ltr'>contendunt</span> <span class='ocrx_word' id='word_1_43' title='bbox 1172 543 1222 584; x_wconf 89' lang='lat' dir='ltr'>M.</span> <span class='ocrx_word' id='word_1_44' title='bbox 1246 543 1293 585; x_wconf 92' lang='lat' dir='ltr'>A.</span> <span class='ocrx_word' id='word_1_45' title='bbox 1321 543 1382 585; x_wconf 92' lang='lat' dir='ltr'>de</span> <span class='ocrx_word' id='word_1_46' title='bbox 1405 543 1672 593; x_wconf 89' lang='lat' dir='ltr'>Dominis,</span> <span class='ocrx_word' id='word_1_47' title='bbox 1705 544 1911 585; x_wconf 90' lang='lat' dir='ltr'>Febro-</span> 
     </span>
     <span class='ocr_line' id='line_1_7' title="bbox 175 615 1912 669; baseline -0.003 -9"><span class='ocrx_word' id='word_1_48' title='bbox 175 619 318 668; x_wconf 91' lang='lat' dir='ltr'>nius,</span> <span class='ocrx_word' id='word_1_49' title='bbox 339 617 409 658; x_wconf 90' lang='lat' dir='ltr'>Ta</span> <span class='ocrx_word' id='word_1_50' title='bbox 421 630 461 658; x_wconf 92' lang='lat' dir='ltr'>m</span> <span class='ocrx_word' id='word_1_51' title='bbox 474 616 500 657; x_wconf 91' lang='lat' dir='ltr'>b</span> <span class='ocrx_word' id='word_1_52' title='bbox 512 630 539 658; x_wconf 93' lang='lat' dir='ltr'>u</span> <span class='ocrx_word' id='word_1_53' title='bbox 551 617 657 657; x_wconf 92' lang='lat' dir='ltr'>rini</span> <span class='ocrx_word' id='word_1_54' title='bbox 679 621 768 664; x_wconf 91' lang='lat' dir='ltr'>etc.,</span> <span class='ocrx_word' id='word_1_55' title='bbox 783 616 857 657; x_wconf 90' lang='lat' dir='ltr'>sed</span> <span class='ocrx_word' id='word_1_56' title='bbox 869 619 1106 669; x_wconf 71' lang='lat' dir='ltr'>potestatem</span> <span class='ocrx_word' id='word_1_57' title='bbox 1118 615 1435 668; x_wconf 59' lang='lat' dir='ltr'>jurisdictionis,</span> <span class='ocrx_word' id='word_1_58' title='bbox 1452 626 1561 667; x_wconf 89' lang='lat' dir='ltr'>quae</span> <span class='ocrx_word' id='word_1_59' title='bbox 1577 626 1674 656; x_wconf 90' lang='lat' dir='ltr'>vere</span> <span class='ocrx_word' id='word_1_60' title='bbox 1690 627 1712 656; x_wconf 92' lang='lat' dir='ltr'>e</span> <span class='ocrx_word' id='word_1_61' title='bbox 1726 628 1750 667; x_wconf 87' lang='lat' dir='ltr'>p</span> <span class='ocrx_word' id='word_1_62' title='bbox 1763 615 1806 655; x_wconf 90' lang='lat' dir='ltr'>is</span> <span class='ocrx_word' id='word_1_63' title='bbox 1819 627 1841 655; x_wconf 92' lang='lat' dir='ltr'>c</span> <span class='ocrx_word' id='word_1_64' title='bbox 1854 627 1878 655; x_wconf 93' lang='lat' dir='ltr'>o</span> <span class='ocrx_word' id='word_1_65' title='bbox 1892 639 1912 645; x_wconf 90' lang='lat'>-</span> 
     </span>
     <span class='ocr_line' id='line_1_8' title="bbox 175 684 1915 742; baseline -0.003 -12"><span class='ocrx_word' id='word_1_66' title='bbox 175 689 318 742; x_wconf 89' lang='lat' dir='ltr'>palis</span> <span class='ocrx_word' id='word_1_67' title='bbox 339 689 405 738; x_wconf 86' lang='lat' dir='ltr'>sit,</span> <span class='ocrx_word' id='word_1_68' title='bbox 425 693 472 729; x_wconf 88' lang='lat' dir='ltr'>ut</span> <span class='ocrx_word' id='word_1_69' title='bbox 493 686 636 728; x_wconf 83' lang='lat' dir='ltr'>definit</span> <span class='ocrx_word' id='word_1_70' title='bbox 658 686 884 728; x_wconf 89' lang='lat' dir='ltr'>concilium</span> <span class='ocrx_word' id='word_1_71' title='bbox 906 687 1235 727; x_wconf 87' lang='lat' dir='ltr'>vaticanum.</span> <span class='ocrx_word' id='word_1_72' title='bbox 1270 684 1466 726; x_wconf 84' lang='lat' dir='ltr'>Potestas</span> <span class='ocrx_word' id='word_1_73' title='bbox 1489 690 1632 726; x_wconf 91' lang='lat' dir='ltr'>autem</span> <span class='ocrx_word' id='word_1_74' title='bbox 1656 685 1915 738; x_wconf 84' lang='lat' dir='ltr'>episcopalis</span> 
     </span>
     <span class='ocr_line' id='line_1_9' title="bbox 176 756 1912 811; baseline -0.002 -11"><span class='ocrx_word' id='word_1_75' title='bbox 176 763 240 800; x_wconf 88' lang='lat' dir='ltr'>est</span> <span class='ocrx_word' id='word_1_76' title='bbox 261 762 451 811; x_wconf 89' lang='lat' dir='ltr'>potestas</span> <span class='ocrx_word' id='word_1_77' title='bbox 471 769 572 799; x_wconf 89' lang='lat' dir='ltr'>vere</span> <span class='ocrx_word' id='word_1_78' title='bbox 593 757 830 810; x_wconf 88' lang='lat' dir='ltr'>pastoralis,</span> <span class='ocrx_word' id='word_1_79' title='bbox 852 762 1054 810; x_wconf 84' lang='lat' dir='ltr'>potestas,</span> <span class='ocrx_word' id='word_1_80' title='bbox 1076 769 1205 810; x_wconf 87' lang='lat' dir='ltr'>quam</span> <span class='ocrx_word' id='word_1_81' title='bbox 1228 757 1362 809; x_wconf 89' lang='lat' dir='ltr'>quivis</span> <span class='ocrx_word' id='word_1_82' title='bbox 1377 756 1602 809; x_wconf 90' lang='lat' dir='ltr'>episcopus</span> <span class='ocrx_word' id='word_1_83' title='bbox 1627 756 1668 796; x_wconf 92' lang='lat' dir='ltr'>in</span> <span class='ocrx_word' id='word_1_84' title='bbox 1691 768 1769 797; x_wconf 91' lang='lat' dir='ltr'>sua</span> <span class='ocrx_word' id='word_1_85' title='bbox 1792 756 1912 796; x_wconf 84' lang='lat' dir='ltr'>dioe-</span> 
     </span>
     <span class='ocr_line' id='line_1_10' title="bbox 176 826 1910 881; baseline -0.002 -11"><span class='ocrx_word' id='word_1_86' title='bbox 176 830 263 871; x_wconf 90' lang='lat' dir='ltr'>cesi</span> <span class='ocrx_word' id='word_1_87' title='bbox 275 829 416 878; x_wconf 87' lang='lat' dir='ltr'>habet,</span> <span class='ocrx_word' id='word_1_88' title='bbox 439 834 481 870; x_wconf 89' lang='lat' dir='ltr'>et</span> <span class='ocrx_word' id='word_1_89' title='bbox 494 829 687 870; x_wconf 85' lang='lat' dir='ltr'>consistit</span> <span class='ocrx_word' id='word_1_90' title='bbox 699 829 742 869; x_wconf 92' lang='lat' dir='ltr'>in</span> <span class='ocrx_word' id='word_1_91' title='bbox 756 833 966 881; x_wconf 85' lang='lat' dir='ltr'>potestate</span> <span class='ocrx_word' id='word_1_92' title='bbox 981 828 1194 881; x_wconf 88' lang='lat' dir='ltr'>pascendi,</span> <span class='ocrx_word' id='word_1_93' title='bbox 1212 827 1385 880; x_wconf 89' lang='lat' dir='ltr'>regendi</span> <span class='ocrx_word' id='word_1_94' title='bbox 1399 840 1451 868; x_wconf 88' lang='lat' dir='ltr'>ac</span> <span class='ocrx_word' id='word_1_95' title='bbox 1465 826 1726 880; x_wconf 86' lang='lat' dir='ltr'>gubernandi</span> <span class='ocrx_word' id='word_1_96' title='bbox 1742 838 1910 879; x_wconf 80' lang='lat' dir='ltr'>gregem</span> 
     </span>
     <span class='ocr_line' id='line_1_11' title="bbox 176 897 1910 952; baseline -0.002 -11"><span class='ocrx_word' id='word_1_97' title='bbox 176 900 256 942; x_wconf 89' lang='lat' dir='ltr'>sibi</span> <span class='ocrx_word' id='word_1_98' title='bbox 277 900 563 942; x_wconf 76' lang='lat' dir='ltr'>commissum.</span> <span class='ocrx_word' id='word_1_99' title='bbox 585 899 731 941; x_wconf 88' lang='lat' dir='ltr'>Talem</span> <span class='ocrx_word' id='word_1_100' title='bbox 746 903 1001 952; x_wconf 89' lang='lat' dir='ltr'>potestatem</span> <span class='ocrx_word' id='word_1_101' title='bbox 1023 900 1066 940; x_wconf 90' lang='lat' dir='ltr'>in</span> <span class='ocrx_word' id='word_1_102' title='bbox 1088 899 1331 940; x_wconf 88' lang='lat' dir='ltr'>universam</span> <span class='ocrx_word' id='word_1_103' title='bbox 1346 898 1578 939; x_wconf 67' lang='lat' dir='ltr'>Ecclesiam</span> <span class='ocrx_word' id='word_1_104' title='bbox 1594 897 1792 938; x_wconf 80' lang='lat' dir='ltr'>collatam</span> <span class='ocrx_word' id='word_1_105' title='bbox 1816 909 1910 938; x_wconf 90' lang='lat' dir='ltr'>esse</span> 
     </span>
     <span class='ocr_line' id='line_1_12' title="bbox 177 967 1911 1023; baseline -0.003 -11"><span class='ocrx_word' id='word_1_106' title='bbox 177 971 303 1013; x_wconf 89' lang='lat' dir='ltr'>Petro</span> <span class='ocrx_word' id='word_1_107' title='bbox 326 976 368 1012; x_wconf 90' lang='lat' dir='ltr'>et</span> <span class='ocrx_word' id='word_1_108' title='bbox 388 971 431 1012; x_wconf 94' lang='lat' dir='ltr'>in</span> <span class='ocrx_word' id='word_1_109' title='bbox 454 970 582 1012; x_wconf 90' lang='lat' dir='ltr'>Petro</span> <span class='ocrx_word' id='word_1_110' title='bbox 606 970 696 1023; x_wconf 87' lang='lat' dir='ltr'>ejus</span> <span class='ocrx_word' id='word_1_111' title='bbox 718 970 1050 1019; x_wconf 87' lang='lat' dir='ltr'>successoribus,</span> <span class='ocrx_word' id='word_1_112' title='bbox 1070 975 1188 1023; x_wconf 90' lang='lat' dir='ltr'>patet</span> <span class='ocrx_word' id='word_1_113' title='bbox 1209 983 1251 1013; x_wconf 86' lang='lat' dir='ltr'>a.</span> <span class='ocrx_word' id='word_1_114' title='bbox 1276 982 1326 1011; x_wconf 83' lang='lat' dir='ltr'>ex</span> <span class='ocrx_word' id='word_1_115' title='bbox 1349 970 1450 1022; x_wconf 89' lang='lat' dir='ltr'>ipsis</span> <span class='ocrx_word' id='word_1_116' title='bbox 1473 967 1628 1010; x_wconf 82' lang='lat' dir='ltr'>Christi</span> <span class='ocrx_word' id='word_1_117' title='bbox 1649 968 1796 1016; x_wconf 77' lang='lat' dir='ltr'>effatis,</span> <span class='ocrx_word' id='word_1_118' title='bbox 1819 968 1911 1020; x_wconf 91' lang='lat' dir='ltr'>qui-</span> 
     </span>
     <span class='ocr_line' id='line_1_13' title="bbox 177 1039 1913 1095; baseline -0.003 -12"><span class='ocrx_word' id='word_1_119' title='bbox 177 1042 256 1083; x_wconf 91' lang='lat' dir='ltr'>bus</span> <span class='ocrx_word' id='word_1_120' title='bbox 269 1042 498 1095; x_wconf 88' lang='lat' dir='ltr'>primatum</span> <span class='ocrx_word' id='word_1_121' title='bbox 521 1042 586 1083; x_wconf 91' lang='lat' dir='ltr'>vel</span> <span class='ocrx_word' id='word_1_122' title='bbox 608 1042 802 1094; x_wconf 88' lang='lat' dir='ltr'>promisit</span> <span class='ocrx_word' id='word_1_123' title='bbox 815 1041 882 1083; x_wconf 90' lang='lat' dir='ltr'>vel</span> <span class='ocrx_word' id='word_1_124' title='bbox 896 1041 1095 1082; x_wconf 84' lang='lat' dir='ltr'>contulit:</span> <span class='ocrx_word' id='word_1_125' title='bbox 1118 1053 1272 1082; x_wconf 88' lang='lat' dir='ltr'>munus</span> <span class='ocrx_word' id='word_1_126' title='bbox 1287 1041 1400 1082; x_wconf 92' lang='lat' dir='ltr'>enim</span> <span class='ocrx_word' id='word_1_127' title='bbox 1424 1052 1484 1092; x_wconf 90' lang='lat' dir='ltr'>pe</span> <span class='ocrx_word' id='word_1_128' title='bbox 1498 1045 1614 1080; x_wconf 90' lang='lat' dir='ltr'>trae</span> <span class='ocrx_word' id='word_1_129' title='bbox 1637 1039 1913 1080; x_wconf 81' lang='lat' dir='ltr'>sustentantis</span> 
     </span>
     <span class='ocr_line' id='line_1_14' title="bbox 177 1110 1914 1165; baseline -0.003 -11"><span class='ocrx_word' id='word_1_130' title='bbox 177 1112 422 1162; x_wconf 81' lang='lat' dir='ltr'>Ecclesiam,</span> <span class='ocrx_word' id='word_1_131' title='bbox 453 1111 873 1154; x_wconf 88' lang='lat' dir='ltr'>confirmatoris</span> <span class='ocrx_word' id='word_1_132' title='bbox 904 1112 1094 1161; x_wconf 78' lang='lat' dir='ltr'>fratrum,</span> <span class='ocrx_word' id='word_1_133' title='bbox 1125 1112 1373 1165; x_wconf 88' lang='lat' dir='ltr'>pastoris</span> <span class='ocrx_word' id='word_1_134' title='bbox 1406 1111 1526 1152; x_wconf 90' lang='lat' dir='ltr'>ovilis</span> <span class='ocrx_word' id='word_1_135' title='bbox 1549 1110 1760 1159; x_wconf 88' lang='lat' dir='ltr'>dominici,</span> <span class='ocrx_word' id='word_1_136' title='bbox 1793 1121 1914 1150; x_wconf 88' lang='lat' dir='ltr'>com—</span> 
     </span>
     <span class='ocr_line' id='line_1_15' title="bbox 177 1181 1917 1236; baseline -0.003 -11"><span class='ocrx_word' id='word_1_137' title='bbox 177 1183 383 1236; x_wconf 86' lang='lat' dir='ltr'>plectitur,</span> <span class='ocrx_word' id='word_1_138' title='bbox 404 1189 450 1224; x_wconf 93' lang='lat' dir='ltr'>ut</span> <span class='ocrx_word' id='word_1_139' title='bbox 471 1183 664 1232; x_wconf 90' lang='lat' dir='ltr'>vidimus,</span> <span class='ocrx_word' id='word_1_140' title='bbox 681 1183 985 1236; x_wconf 87' lang='lat' dir='ltr'>jurisdictionis</span> <span class='ocrx_word' id='word_1_141' title='bbox 999 1187 1266 1236; x_wconf 87' lang='lat' dir='ltr'>potestatem.</span> <span class='ocrx_word' id='word_1_142' title='bbox 1289 1182 1410 1223; x_wconf 86' lang='lat' dir='ltr'>Patet</span> <span class='ocrx_word' id='word_1_143' title='bbox 1433 1183 1477 1226; x_wconf 85' lang='lat' dir='ltr'>b.</span> <span class='ocrx_word' id='word_1_144' title='bbox 1500 1181 1802 1234; x_wconf 87' lang='lat' dir='ltr'>praetermisso</span> <span class='ocrx_word' id='word_1_145' title='bbox 1826 1185 1917 1221; x_wconf 87' lang='lat' dir='ltr'>tra-</span> 
     </span>
     <span class='ocr_line' id='line_1_16' title="bbox 179 1251 1914 1307; baseline -0.003 -11"><span class='ocrx_word' id='word_1_146' title='bbox 179 1254 349 1296; x_wconf 90' lang='lat' dir='ltr'>ditionis</span> <span class='ocrx_word' id='word_1_147' title='bbox 362 1255 623 1296; x_wconf 87' lang='lat' dir='ltr'>theoreticae</span> <span class='ocrx_word' id='word_1_148' title='bbox 637 1254 834 1307; x_wconf 82' lang='lat' dir='ltr'>suffragio</span> <span class='ocrx_word' id='word_1_149' title='bbox 857 1266 909 1295; x_wconf 79' lang='lat' dir='ltr'>ex</span> <span class='ocrx_word' id='word_1_150' title='bbox 930 1254 1158 1295; x_wconf 81' lang='lat' dir='ltr'>traditione</span> <span class='ocrx_word' id='word_1_151' title='bbox 1181 1254 1455 1306; x_wconf 89' lang='lat' dir='ltr'>practica,</span> <span class='ocrx_word' id='word_1_152' title='bbox 1479 1264 1608 1306; x_wconf 88' lang='lat' dir='ltr'>quam</span> <span class='ocrx_word' id='word_1_153' title='bbox 1631 1251 1817 1304; x_wconf 88' lang='lat' dir='ltr'>pluribus</span> <span class='ocrx_word' id='word_1_154' title='bbox 1841 1262 1914 1292; x_wconf 86' lang='lat' dir='ltr'>ex-</span> 
     </span>
     <span class='ocr_line' id='line_1_17' title="bbox 177 1322 1911 1378; baseline -0.003 -11"><span class='ocrx_word' id='word_1_155' title='bbox 177 1326 397 1378; x_wconf 90' lang='lat' dir='ltr'>posuimus</span> <span class='ocrx_word' id='word_1_156' title='bbox 427 1338 466 1368; x_wconf 90' lang='lat' dir='ltr'>n.</span> <span class='ocrx_word' id='word_1_157' title='bbox 499 1329 583 1369; x_wconf 83' lang='lat'>372</span> <span class='ocrx_word' id='word_1_158' title='bbox 606 1338 659 1366; x_wconf 91' lang='lat' dir='ltr'>ss.</span> <span class='ocrx_word' id='word_1_159' title='bbox 702 1324 823 1366; x_wconf 87' lang='lat' dir='ltr'>Patet</span> <span class='ocrx_word' id='word_1_160' title='bbox 854 1338 896 1369; x_wconf 87' lang='lat' dir='ltr'>c.</span> <span class='ocrx_word' id='word_1_161' title='bbox 930 1337 982 1366; x_wconf 79' lang='lat' dir='ltr'>ex</span> <span class='ocrx_word' id='word_1_162' title='bbox 1013 1324 1122 1366; x_wconf 91' lang='lat' dir='ltr'>fine</span> <span class='ocrx_word' id='word_1_163' title='bbox 1153 1325 1332 1366; x_wconf 90' lang='lat' dir='ltr'>instituti</span> <span class='ocrx_word' id='word_1_164' title='bbox 1365 1325 1582 1376; x_wconf 90' lang='lat' dir='ltr'>primatus.</span> <span class='ocrx_word' id='word_1_165' title='bbox 1625 1322 1768 1364; x_wconf 88' lang='lat' dir='ltr'>Voluit</span> <span class='ocrx_word' id='word_1_166' title='bbox 1799 1322 1911 1363; x_wconf 90' lang='lat' dir='ltr'>enim</span> 
     </span>
     <span class='ocr_line' id='line_1_18' title="bbox 180 1392 1919 1448; baseline -0.002 -11"><span class='ocrx_word' id='word_1_167' title='bbox 180 1395 369 1438; x_wconf 87' lang='lat' dir='ltr'>Christus</span> <span class='ocrx_word' id='word_1_168' title='bbox 391 1395 446 1437; x_wconf 90' lang='lat' dir='ltr'>ad</span> <span class='ocrx_word' id='word_1_169' title='bbox 467 1396 674 1437; x_wconf 91' lang='lat' dir='ltr'>unitatem</span> <span class='ocrx_word' id='word_1_170' title='bbox 696 1395 951 1437; x_wconf 91' lang='lat' dir='ltr'>catholicam</span> <span class='ocrx_word' id='word_1_171' title='bbox 975 1395 1238 1437; x_wconf 81' lang='lat' dir='ltr'>efficiendam</span> <span class='ocrx_word' id='word_1_172' title='bbox 1257 1395 1555 1448; x_wconf 89' lang='lat' dir='ltr'>tuendamque,</span> <span class='ocrx_word' id='word_1_173' title='bbox 1577 1399 1624 1435; x_wconf 93' lang='lat' dir='ltr'>ut</span> <span class='ocrx_word' id='word_1_174' title='bbox 1646 1407 1755 1435; x_wconf 91' lang='lat' dir='ltr'>unus</span> <span class='ocrx_word' id='word_1_175' title='bbox 1771 1392 1919 1434; x_wconf 85' lang='lat' dir='ltr'>Eccle-</span> 
     </span>
     <span class='ocr_line' id='line_1_19' title="bbox 180 1465 1915 1520; baseline -0.002 -13"><span class='ocrx_word' id='word_1_176' title='bbox 180 1467 269 1508; x_wconf 87' lang='lat' dir='ltr'>siae</span> <span class='ocrx_word' id='word_1_177' title='bbox 291 1467 449 1519; x_wconf 86' lang='lat' dir='ltr'>praesit</span> <span class='ocrx_word' id='word_1_178' title='bbox 471 1471 626 1519; x_wconf 90' lang='lat' dir='ltr'>pastor.</span> <span class='ocrx_word' id='word_1_179' title='bbox 668 1466 795 1520; x_wconf 91' lang='lat' dir='ltr'>Atqui</span> <span class='ocrx_word' id='word_1_180' title='bbox 822 1467 877 1508; x_wconf 90' lang='lat' dir='ltr'>ad</span> <span class='ocrx_word' id='word_1_181' title='bbox 898 1466 1111 1508; x_wconf 88' lang='lat' dir='ltr'>Ecclesiae</span> <span class='ocrx_word' id='word_1_182' title='bbox 1133 1467 1341 1507; x_wconf 86' lang='lat' dir='ltr'>unitatem</span> <span class='ocrx_word' id='word_1_183' title='bbox 1364 1465 1630 1507; x_wconf 85' lang='lat' dir='ltr'>efticiendam</span> <span class='ocrx_word' id='word_1_184' title='bbox 1653 1476 1915 1506; x_wconf 90' lang='lat' dir='ltr'>conservan-</span> 
     </span>
     <span class='ocr_line' id='line_1_20' title="bbox 182 1534 1917 1590; baseline -0.002 -12"><span class='ocrx_word' id='word_1_185' title='bbox 182 1538 365 1590; x_wconf 92' lang='lat' dir='ltr'>damque</span> <span class='ocrx_word' id='word_1_186' title='bbox 386 1550 470 1579; x_wconf 90' lang='lat' dir='ltr'>non</span> <span class='ocrx_word' id='word_1_187' title='bbox 495 1537 646 1578; x_wconf 83' lang='lat' dir='ltr'>sufficit</span> <span class='ocrx_word' id='word_1_188' title='bbox 665 1537 757 1579; x_wconf 90' lang='lat' dir='ltr'>sola</span> <span class='ocrx_word' id='word_1_189' title='bbox 778 1538 984 1590; x_wconf 88' lang='lat' dir='ltr'>inspectio</span> <span class='ocrx_word' id='word_1_190' title='bbox 1008 1543 1049 1579; x_wconf 93' lang='lat' dir='ltr'>et</span> <span class='ocrx_word' id='word_1_191' title='bbox 1070 1538 1258 1587; x_wconf 90' lang='lat' dir='ltr'>directio,</span> <span class='ocrx_word' id='word_1_192' title='bbox 1281 1537 1355 1579; x_wconf 92' lang='lat' dir='ltr'>sed</span> <span class='ocrx_word' id='word_1_193' title='bbox 1370 1537 1596 1590; x_wconf 85' lang='lat' dir='ltr'>requiritur</span> <span class='ocrx_word' id='word_1_194' title='bbox 1612 1534 1917 1588; x_wconf 68' lang='lat' dir='ltr'>praecipiendi,</span> 
     </span>
     <span class='ocr_line' id='line_1_21' title="bbox 181 1606 1909 1662; baseline -0.002 -13"><span class='ocrx_word' id='word_1_195' title='bbox 181 1608 370 1660; x_wconf 88' lang='lat' dir='ltr'>cogendi,</span> <span class='ocrx_word' id='word_1_196' title='bbox 395 1608 616 1661; x_wconf 85' lang='lat' dir='ltr'>judicandi</span> <span class='ocrx_word' id='word_1_197' title='bbox 637 1614 765 1662; x_wconf 86' lang='lat' dir='ltr'>atque</span> <span class='ocrx_word' id='word_1_198' title='bbox 787 1609 987 1662; x_wconf 90' lang='lat' dir='ltr'>puniendi</span> <span class='ocrx_word' id='word_1_199' title='bbox 1009 1609 1243 1650; x_wconf 86' lang='lat' dir='ltr'>auctoritas</span> <span class='ocrx_word' id='word_1_200' title='bbox 1265 1620 1341 1649; x_wconf 89' lang='lat' dir='ltr'>seu</span> <span class='ocrx_word' id='word_1_201' title='bbox 1362 1608 1452 1649; x_wconf 89' lang='lat' dir='ltr'>veri</span> <span class='ocrx_word' id='word_1_202' title='bbox 1472 1607 1657 1648; x_wconf 89' lang='lat' dir='ltr'>nominis</span> <span class='ocrx_word' id='word_1_203' title='bbox 1674 1606 1909 1659; x_wconf 82' lang='lat' dir='ltr'>jurisdictio</span> 
     </span>
     <span class='ocr_line' id='line_1_22' title="bbox 181 1678 1918 1735; baseline -0.002 -15"><span class='ocrx_word' id='word_1_204' title='bbox 181 1678 300 1735; x_wconf 89' lang='lat' dir='ltr'>(cf.n.</span> <span class='ocrx_word' id='word_1_205' title='bbox 316 1682 431 1731; x_wconf 81' lang='lat'><em>339).</em></span> <span class='ocrx_word' id='word_1_206' title='bbox 463 1678 572 1732; x_wconf 89' lang='lat' dir='ltr'>Ergo</span> <span class='ocrx_word' id='word_1_207' title='bbox 594 1680 802 1732; x_wconf 88' lang='lat' dir='ltr'>primatus</span> <span class='ocrx_word' id='word_1_208' title='bbox 824 1680 1117 1733; x_wconf 90' lang='lat' dir='ltr'>complectitur</span> <span class='ocrx_word' id='word_1_209' title='bbox 1134 1679 1439 1732; x_wconf 79' lang='lat' dir='ltr'>jurisdictionis</span> <span class='ocrx_word' id='word_1_210' title='bbox 1462 1683 1717 1731; x_wconf 85' lang='lat' dir='ltr'>potestatem</span> <span class='ocrx_word' id='word_1_211' title='bbox 1740 1689 1814 1718; x_wconf 90' lang='lat' dir='ltr'>seu</span> <span class='ocrx_word' id='word_1_212' title='bbox 1838 1689 1918 1729; x_wconf 89' lang='lat' dir='ltr'>po-</span> 
     </span>
     <span class='ocr_line' id='line_1_23' title="bbox 181 1749 1914 1803; baseline -0.001 -12"><span class='ocrx_word' id='word_1_213' title='bbox 181 1754 378 1791; x_wconf 87' lang='lat' dir='ltr'>testatem</span> <span class='ocrx_word' id='word_1_214' title='bbox 393 1750 690 1802; x_wconf 87' lang='lat' dir='ltr'>episcopalem.</span> <span class='ocrx_word' id='word_1_215' title='bbox 712 1749 818 1791; x_wconf 90' lang='lat' dir='ltr'>Hinc</span> <span class='ocrx_word' id='word_1_216' title='bbox 831 1751 988 1803; x_wconf 84' lang='lat' dir='ltr'>passim</span> <span class='ocrx_word' id='word_1_217' title='bbox 1004 1763 1207 1792; x_wconf 90' lang='lat' dir='ltr'>romanus</span> <span class='ocrx_word' id='word_1_218' title='bbox 1223 1751 1410 1803; x_wconf 82' lang='lat' dir='ltr'>pontifex</span> <span class='ocrx_word' id='word_1_219' title='bbox 1433 1750 1569 1790; x_wconf 88' lang='lat' dir='ltr'>dictus</span> <span class='ocrx_word' id='word_1_220' title='bbox 1592 1754 1656 1790; x_wconf 87' lang='lat' dir='ltr'>est</span> <span class='ocrx_word' id='word_1_221' title='bbox 1677 1749 1914 1801; x_wconf 90' lang='lat' dir='ltr'>,episcopus</span> 
     </span>
     <span class='ocr_line' id='line_1_24' title="bbox 182 1819 1915 1874; baseline -0.002 -12"><span class='ocrx_word' id='word_1_222' title='bbox 182 1821 492 1873; x_wconf 89' lang='lat' dir='ltr'>episcoporum,</span> <span class='ocrx_word' id='word_1_223' title='bbox 523 1821 747 1874; x_wconf 88' lang='lat' dir='ltr'>episcopus</span> <span class='ocrx_word' id='word_1_224' title='bbox 777 1820 991 1863; x_wconf 88' lang='lat' dir='ltr'>Ecclesiae</span> <span class='ocrx_word' id='word_1_225' title='bbox 1022 1822 1273 1871; x_wconf 85' lang='lat' dir='ltr'>catholicae,</span> <span class='ocrx_word' id='word_1_226' title='bbox 1304 1826 1451 1874; x_wconf 87' lang='lat' dir='ltr'>pastor</span> <span class='ocrx_word' id='word_1_227' title='bbox 1482 1827 1715 1873; x_wconf 62' lang='lat' dir='ltr'>pastorum*</span> <span class='ocrx_word' id='word_1_228' title='bbox 1747 1824 1823 1861; x_wconf 87' lang='lat' dir='ltr'>etc.</span> <span class='ocrx_word' id='word_1_229' title='bbox 1866 1819 1915 1860; x_wconf 88' lang='lat' dir='ltr'>Et</span> 
     </span>
     <span class='ocr_line' id='line_1_25' title="bbox 182 1889 1916 1948; baseline -0.002 -16"><span class='ocrx_word' id='word_1_230' title='bbox 182 1903 286 1932; x_wconf 87' lang='lat' dir='ltr'>sane</span> <span class='ocrx_word' id='word_1_231' title='bbox 307 1891 342 1932; x_wconf 89' lang='lat' dir='ltr'>si</span> <span class='ocrx_word' id='word_1_232' title='bbox 357 1889 547 1933; x_wconf 82' lang='lat' dir='ltr'>Christus</span> <span class='ocrx_word' id='word_1_233' title='bbox 562 1897 738 1933; x_wconf 88' lang='lat' dir='ltr'>vocatur</span> <span class='ocrx_word' id='word_1_234' title='bbox 754 1896 903 1946; x_wconf 76' lang='lat' dir='ltr'>pastor</span> <span class='ocrx_word' id='word_1_235' title='bbox 924 1897 961 1932; x_wconf 77' lang='lat' dir='ltr'>et</span> <span class='ocrx_word' id='word_1_236' title='bbox 983 1894 1195 1948; x_wconf 74' lang='lat' dir='ltr'>episcopus</span> <span class='ocrx_word' id='word_1_237' title='bbox 1219 1893 1461 1933; x_wconf 71' lang='lat' dir='ltr'>animarum</span> <span class='ocrx_word' id='word_1_238' title='bbox 1484 1897 1717 1932; x_wconf 69' lang='lat' dir='ltr'>nostrarum</span> <span class='ocrx_word' id='word_1_239' title='bbox 1735 1890 1916 1946; x_wconf 82' lang='lat' dir='ltr'>(1.Petr.</span> 
     </span>
     <span class='ocr_line' id='line_1_26' title="bbox 182 1961 1916 2019; baseline -0.002 -14"><span class='ocrx_word' id='word_1_240' title='bbox 182 1964 221 2011; x_wconf 81' lang='lat'>2,</span> <span class='ocrx_word' id='word_1_241' title='bbox 237 1966 325 2019; x_wconf 81' lang='lat'>25),</span> <span class='ocrx_word' id='word_1_242' title='bbox 347 1962 496 2005; x_wconf 88' lang='lat' dir='ltr'>Petrus</span> <span class='ocrx_word' id='word_1_243' title='bbox 518 1964 589 2015; x_wconf 90' lang='lat' dir='ltr'>qui</span> <span class='ocrx_word' id='word_1_244' title='bbox 611 1962 666 2003; x_wconf 84' lang='lat' dir='ltr'>ab</span> <span class='ocrx_word' id='word_1_245' title='bbox 687 1962 779 2015; x_wconf 92' lang='lat' dir='ltr'>ipso</span> <span class='ocrx_word' id='word_1_246' title='bbox 795 1963 996 2015; x_wconf 88' lang='lat' dir='ltr'>pascendi</span> <span class='ocrx_word' id='word_1_247' title='bbox 1012 1968 1268 2015; x_wconf 89' lang='lat' dir='ltr'>potestatem</span> <span class='ocrx_word' id='word_1_248' title='bbox 1283 1963 1448 2015; x_wconf 89' lang='lat' dir='ltr'>accepit</span> <span class='ocrx_word' id='word_1_249' title='bbox 1462 1962 1637 2015; x_wconf 84' lang='lat' dir='ltr'>ejusque</span> <span class='ocrx_word' id='word_1_250' title='bbox 1659 1963 1765 2014; x_wconf 89' lang='lat' dir='ltr'>gerit</span> <span class='ocrx_word' id='word_1_251' title='bbox 1788 1961 1916 2009; x_wconf 86' lang='lat' dir='ltr'>vices,</span> 
     </span>
    </p>
   </div>
   <div class='ocr_carea' id='block_1_4' title="bbox 181 2033 1918 2150">
    <p class='ocr_par' dir='ltr' id='par_1_4' title="bbox 181 2033 1918 2150">
     <span class='ocr_line' id='line_1_27' title="bbox 181 2033 1918 2088; baseline 0.002 -14"><span class='ocrx_word' id='word_1_252' title='bbox 181 2034 311 2074; x_wconf 91' lang='lat' dir='ltr'>totius</span> <span class='ocrx_word' id='word_1_253' title='bbox 332 2035 468 2086; x_wconf 86' lang='lat' dir='ltr'>gregis</span> <span class='ocrx_word' id='word_1_254' title='bbox 489 2035 570 2076; x_wconf 90' lang='lat' dir='ltr'>sibi</span> <span class='ocrx_word' id='word_1_255' title='bbox 591 2035 807 2076; x_wconf 89' lang='lat' dir='ltr'>commissi</span> <span class='ocrx_word' id='word_1_256' title='bbox 828 2036 1053 2088; x_wconf 88' lang='lat' dir='ltr'>episcopus</span> <span class='ocrx_word' id='word_1_257' title='bbox 1075 2035 1230 2088; x_wconf 88' lang='lat' dir='ltr'>poterit</span> <span class='ocrx_word' id='word_1_258' title='bbox 1253 2035 1345 2075; x_wconf 93' lang='lat' dir='ltr'>dici.</span> <span class='ocrx_word' id='word_1_259' title='bbox 1374 2033 1430 2077; x_wconf 87' lang='lat' dir='ltr'>Cf.</span> <span class='ocrx_word' id='word_1_260' title='bbox 1455 2033 1807 2075; x_wconf 88' lang='lat' dir='ltr'>Granderath</span> <span class='ocrx_word' id='word_1_261' title='bbox 1829 2047 1866 2086; x_wconf 93' lang='lat' dir='ltr'>p.</span> <span class='ocrx_word' id='word_1_262' title='bbox 1890 2038 1918 2078; x_wconf 74' lang='lat'><strong>2</strong></span> 
     </span>
     <span class='ocr_line' id='line_1_28' title="bbox 182 2106 458 2150; baseline 0 -5"><span class='ocrx_word' id='word_1_263' title='bbox 182 2116 216 2145; x_wconf 90' lang='lat' dir='ltr'>c.</span> <span class='ocrx_word' id='word_1_264' title='bbox 239 2106 266 2147; x_wconf 77' lang='lat'><strong><em>2</em></strong></span> <span class='ocrx_word' id='word_1_265' title='bbox 287 2116 396 2145; x_wconf 87' lang='lat' dir='ltr'>com.</span> <span class='ocrx_word' id='word_1_266' title='bbox 419 2109 458 2150; x_wconf 82' lang='lat'>5.</span> 
     </span>
    </p>
   </div>
   <div class='ocr_carea' id='block_1_5' title="bbox 183 2188 1920 2671">
    <p class='ocr_par' dir='ltr' id='par_1_5' title="bbox 183 2188 1920 2671">
     <span class='ocr_line' id='line_1_29' title="bbox 301 2188 1917 2243; baseline -0.004 -10"><span class='ocrx_word' id='word_1_267' title='bbox 301 2192 398 2234; x_wconf 83' lang='lat'>392.</span> <span class='ocrx_word' id='word_1_268' title='bbox 431 2191 474 2233; x_wconf 79' lang='lat'>2.</span> <span class='ocrx_word' id='word_1_269' title='bbox 498 2189 745 2231; x_wconf 87' lang='lat' dir='ltr'>Tenendum</span> <span class='ocrx_word' id='word_1_270' title='bbox 768 2195 832 2231; x_wconf 90' lang='lat' dir='ltr'>est</span> <span class='ocrx_word' id='word_1_271' title='bbox 853 2190 964 2231; x_wconf 90' lang='lat' dir='ltr'>hanc</span> <span class='ocrx_word' id='word_1_272' title='bbox 975 2190 1284 2242; x_wconf 69' lang='lat' dir='ltr'>jurisdictionis</span> <span class='ocrx_word' id='word_1_273' title='bbox 1302 2193 1543 2243; x_wconf 76' lang='lat' dir='ltr'>potestatem</span> <span class='ocrx_word' id='word_1_274' title='bbox 1567 2201 1650 2229; x_wconf 78' lang='lat' dir='ltr'>esse</span> <span class='ocrx_word' id='word_1_275' title='bbox 1671 2188 1795 2241; x_wconf 77' lang='lat' dir='ltr'>plane</span> <span class='ocrx_word' id='word_1_276' title='bbox 1817 2190 1917 2228; x_wconf 74' lang='lat' dir='ltr'>uni-</span> 
     </span>
     <span class='ocr_line' id='line_1_30' title="bbox 185 2258 1919 2314; baseline -0.002 -13"><span class='ocrx_word' id='word_1_277' title='bbox 185 2261 393 2314; x_wconf 77' lang='lat' dir='ltr'>versalem,</span> <span class='ocrx_word' id='word_1_278' title='bbox 414 2272 537 2313; x_wconf 87' lang='lat' dir='ltr'>„erga</span> <span class='ocrx_word' id='word_1_279' title='bbox 551 2273 690 2314; x_wconf 87' lang='lat' dir='ltr'>quam,</span> <span class='ocrx_word' id='word_1_280' title='bbox 704 2265 750 2302; x_wconf 87' lang='lat' dir='ltr'>ut</span> <span class='ocrx_word' id='word_1_281' title='bbox 764 2261 947 2313; x_wconf 86' lang='lat' dir='ltr'>explicat</span> <span class='ocrx_word' id='word_1_282' title='bbox 959 2273 1077 2302; x_wconf 89' lang='lat' dir='ltr'>conc.</span> <span class='ocrx_word' id='word_1_283' title='bbox 1098 2274 1124 2302; x_wconf 91' lang='lat' dir='ltr'><strong>v</strong></span> <span class='ocrx_word' id='word_1_284' title='bbox 1135 2261 1245 2302; x_wconf 87' lang='lat' dir='ltr'>atic</span> <span class='ocrx_word' id='word_1_285' title='bbox 1256 2273 1282 2301; x_wconf 90' lang='lat' dir='ltr'>a</span> <span class='ocrx_word' id='word_1_286' title='bbox 1294 2273 1321 2301; x_wconf 92' lang='lat' dir='ltr'>n</span> <span class='ocrx_word' id='word_1_287' title='bbox 1332 2273 1359 2301; x_wconf 93' lang='lat' dir='ltr'>u</span> <span class='ocrx_word' id='word_1_288' title='bbox 1372 2273 1413 2300; x_wconf 92' lang='lat' dir='ltr'>m</span> <span class='ocrx_word' id='word_1_289' title='bbox 1431 2259 1598 2300; x_wconf 88' lang='lat' dir='ltr'>concilii</span> <span class='ocrx_word' id='word_1_290' title='bbox 1620 2258 1656 2299; x_wconf 88' lang='lat' dir='ltr'>fl</span> <span class='ocrx_word' id='word_1_291' title='bbox 1670 2271 1695 2299; x_wconf 93' lang='lat' dir='ltr'>o</span> <span class='ocrx_word' id='word_1_292' title='bbox 1707 2271 1728 2299; x_wconf 88' lang='lat' dir='ltr'>r</span> <span class='ocrx_word' id='word_1_293' title='bbox 1739 2270 1762 2299; x_wconf 93' lang='lat' dir='ltr'>e</span> <span class='ocrx_word' id='word_1_294' title='bbox 1775 2258 1891 2298; x_wconf 90' lang='lat' dir='ltr'>ntin</span> <span class='ocrx_word' id='word_1_295' title='bbox 1905 2258 1919 2298; x_wconf 93' lang='lat' dir='ltr'>i</span> 
     </span>
     <span class='ocr_line' id='line_1_31' title="bbox 183 2329 1911 2385; baseline -0.002 -13"><span class='ocrx_word' id='word_1_296' title='bbox 183 2330 482 2378; x_wconf 83' lang='lat' dir='ltr'>definitionem,</span> <span class='ocrx_word' id='word_1_297' title='bbox 514 2331 803 2385; x_wconf 88' lang='lat' dir='ltr'>cujuscunque</span> <span class='ocrx_word' id='word_1_298' title='bbox 833 2333 937 2373; x_wconf 88' lang='lat' dir='ltr'>ritus</span> <span class='ocrx_word' id='word_1_299' title='bbox 969 2337 1010 2373; x_wconf 90' lang='lat' dir='ltr'>et</span> <span class='ocrx_word' id='word_1_300' title='bbox 1039 2332 1252 2383; x_wconf 88' lang='lat' dir='ltr'>dignitatis</span> <span class='ocrx_word' id='word_1_301' title='bbox 1283 2336 1477 2383; x_wconf 85' lang='lat' dir='ltr'>pastores</span> <span class='ocrx_word' id='word_1_302' title='bbox 1509 2336 1636 2383; x_wconf 82' lang='lat' dir='ltr'>atque</span> <span class='ocrx_word' id='word_1_303' title='bbox 1660 2329 1801 2370; x_wconf 83' lang='lat' dir='ltr'>fideles</span> <span class='ocrx_word' id='word_1_304' title='bbox 1826 2334 1911 2370; x_wconf 92' lang='lat' dir='ltr'>tam</span> 
     </span>
     <span class='ocr_line' id='line_1_32' title="bbox 184 2400 1909 2455; baseline -0.002 -12"><span class='ocrx_word' id='word_1_305' title='bbox 184 2402 362 2443; x_wconf 88' lang='lat' dir='ltr'>seorsim</span> <span class='ocrx_word' id='word_1_306' title='bbox 394 2402 558 2454; x_wconf 88' lang='lat' dir='ltr'>singuli,</span> <span class='ocrx_word' id='word_1_307' title='bbox 591 2415 719 2455; x_wconf 88' lang='lat' dir='ltr'>quam</span> <span class='ocrx_word' id='word_1_308' title='bbox 749 2403 873 2444; x_wconf 92' lang='lat' dir='ltr'>simul</span> <span class='ocrx_word' id='word_1_309' title='bbox 904 2415 1053 2445; x_wconf 91' lang='lat' dir='ltr'>omnes</span> <span class='ocrx_word' id='word_1_310' title='bbox 1075 2402 1212 2444; x_wconf 74' lang='lat' dir='ltr'>officio</span> <span class='ocrx_word' id='word_1_311' title='bbox 1236 2402 1527 2443; x_wconf 86' lang='lat' dir='ltr'>hierarchicae</span> <span class='ocrx_word' id='word_1_312' title='bbox 1549 2400 1909 2442; x_wconf 87' lang='lat' dir='ltr'>subordinationis</span> 
     </span>
     <span class='ocr_line' id='line_1_33' title="bbox 183 2472 1914 2527; baseline -0.001 -14"><span class='ocrx_word' id='word_1_313' title='bbox 183 2483 395 2526; x_wconf 84' lang='lat' dir='ltr'>veraeque</span> <span class='ocrx_word' id='word_1_314' title='bbox 418 2472 685 2515; x_wconf 89' lang='lat' dir='ltr'>obedientiae</span> <span class='ocrx_word' id='word_1_315' title='bbox 708 2474 1037 2527; x_wconf 85' lang='lat' dir='ltr'>obstringuntur,</span> <span class='ocrx_word' id='word_1_316' title='bbox 1070 2487 1156 2516; x_wconf 91' lang='lat' dir='ltr'>non</span> <span class='ocrx_word' id='word_1_317' title='bbox 1177 2474 1315 2515; x_wconf 88' lang='lat' dir='ltr'>solum</span> <span class='ocrx_word' id='word_1_318' title='bbox 1338 2474 1380 2514; x_wconf 90' lang='lat' dir='ltr'>in</span> <span class='ocrx_word' id='word_1_319' title='bbox 1403 2473 1545 2521; x_wconf 91' lang='lat' dir='ltr'>rebus,</span> <span class='ocrx_word' id='word_1_320' title='bbox 1579 2485 1689 2526; x_wconf 91' lang='lat' dir='ltr'>quae</span> <span class='ocrx_word' id='word_1_321' title='bbox 1715 2472 1769 2513; x_wconf 89' lang='lat' dir='ltr'>ad</span> <span class='ocrx_word' id='word_1_322' title='bbox 1793 2472 1914 2513; x_wconf 87' lang='lat' dir='ltr'>fidem</span> 
     </span>
     <span class='ocr_line' id='line_1_34' title="bbox 185 2543 1920 2598; baseline -0.001 -13"><span class='ocrx_word' id='word_1_323' title='bbox 185 2548 226 2585; x_wconf 91' lang='lat' dir='ltr'>et</span> <span class='ocrx_word' id='word_1_324' title='bbox 247 2556 400 2588; x_wconf 79' lang='lat' dir='ltr'>mores,</span> <span class='ocrx_word' id='word_1_325' title='bbox 423 2544 498 2585; x_wconf 89' lang='lat' dir='ltr'>sed</span> <span class='ocrx_word' id='word_1_326' title='bbox 519 2545 647 2585; x_wconf 88' lang='lat' dir='ltr'>etiam</span> <span class='ocrx_word' id='word_1_327' title='bbox 669 2545 713 2585; x_wconf 91' lang='lat' dir='ltr'>in</span> <span class='ocrx_word' id='word_1_328' title='bbox 737 2545 799 2593; x_wconf 89' lang='lat' dir='ltr'>iis,</span> <span class='ocrx_word' id='word_1_329' title='bbox 829 2557 939 2598; x_wconf 87' lang='lat' dir='ltr'>quae</span> <span class='ocrx_word' id='word_1_330' title='bbox 962 2545 1016 2585; x_wconf 91' lang='lat' dir='ltr'>ad</span> <span class='ocrx_word' id='word_1_331' title='bbox 1038 2545 1304 2597; x_wconf 81' lang='lat' dir='ltr'>disciplinam</span> <span class='ocrx_word' id='word_1_332' title='bbox 1328 2549 1370 2585; x_wconf 89' lang='lat' dir='ltr'>et</span> <span class='ocrx_word' id='word_1_333' title='bbox 1391 2555 1581 2597; x_wconf 82' lang='lat' dir='ltr'>regimen</span> <span class='ocrx_word' id='word_1_334' title='bbox 1603 2543 1816 2584; x_wconf 85' lang='lat' dir='ltr'>Ecclesiae</span> <span class='ocrx_word' id='word_1_335' title='bbox 1844 2554 1920 2594; x_wconf 90' lang='lat' dir='ltr'>per</span> 
     </span>
     <span class='ocr_line' id='line_1_35' title="bbox 184 2613 1914 2671; baseline -0.001 -16"><span class='ocrx_word' id='word_1_336' title='bbox 184 2619 320 2656; x_wconf 90' lang='lat' dir='ltr'>totum</span> <span class='ocrx_word' id='word_1_337' title='bbox 343 2614 491 2656; x_wconf 90' lang='lat' dir='ltr'>orbem</span> <span class='ocrx_word' id='word_1_338' title='bbox 513 2615 689 2656; x_wconf 84' lang='lat' dir='ltr'>diffusae</span> <span class='ocrx_word' id='word_1_339' title='bbox 711 2616 921 2668; x_wconf 87' lang='lat' dir='ltr'>pertinent</span> <span class='ocrx_word' id='word_1_340' title='bbox 938 2620 1005 2671; x_wconf 84' lang='lat'>¹).“</span> <span class='ocrx_word' id='word_1_341' title='bbox 1053 2615 1332 2668; x_wconf 88' lang='lat' dir='ltr'>Quapropter,</span> <span class='ocrx_word' id='word_1_342' title='bbox 1353 2614 1500 2656; x_wconf 89' lang='lat' dir='ltr'>scribit</span> <span class='ocrx_word' id='word_1_343' title='bbox 1520 2614 1552 2655; x_wconf 85' lang='grc' dir='ltr'>Β</span> <span class='ocrx_word' id='word_1_344' title='bbox 1567 2613 1837 2665; x_wconf 64' lang='lat' dir='ltr'>ernaLdus</span> <span class='ocrx_word' id='word_1_345' title='bbox 1860 2613 1914 2654; x_wconf 89' lang='lat' dir='ltr'>ad</span> 
     </span>
    </p>
   </div>
   <div class='ocr_carea' id='block_1_6' title="bbox 184 2767 1919 3133">
    <p class='ocr_par' dir='ltr' id='par_1_6' title="bbox 184 2767 1919 3133">
     <span class='ocr_line' id='line_1_36' title="bbox 333 2767 1917 2813; baseline -0.003 -11"><span class='ocrx_word' id='word_1_346' title='bbox 333 2772 354 2810; x_wconf 87' lang='lat'>¹)</span> <span class='ocrx_word' id='word_1_347' title='bbox 373 2767 410 2802; x_wconf 87' lang='lat' dir='ltr'>Si</span> <span class='ocrx_word' id='word_1_348' title='bbox 438 2768 638 2812; x_wconf 84' lang='lat' dir='ltr'>quaeritur,</span> <span class='ocrx_word' id='word_1_349' title='bbox 665 2768 845 2812; x_wconf 90' lang='lat' dir='ltr'>quomodo</span> <span class='ocrx_word' id='word_1_350' title='bbox 872 2779 963 2802; x_wconf 85' lang='lat' dir='ltr'>rom.</span> <span class='ocrx_word' id='word_1_351' title='bbox 989 2769 1155 2813; x_wconf 87' lang='lat' dir='ltr'>pontifex</span> <span class='ocrx_word' id='word_1_352' title='bbox 1182 2769 1309 2802; x_wconf 80' lang='lat' dir='ltr'>teneat</span> <span class='ocrx_word' id='word_1_353' title='bbox 1335 2768 1538 2812; x_wconf 80' lang='lat' dir='ltr'>primatum</span> <span class='ocrx_word' id='word_1_354' title='bbox 1567 2768 1606 2802; x_wconf 87' lang='lat' dir='ltr'>in</span> <span class='ocrx_word' id='word_1_355' title='bbox 1635 2767 1917 2800; x_wconf 82' lang='lat' dir='ltr'>universum</span> 
     </span>
     <span class='ocr_line' id='line_1_37' title="bbox 185 2818 1919 2866; baseline -0.002 -11"><span class='ocrx_word' id='word_1_356' title='bbox 185 2831 204 2854; x_wconf 95' lang='lat' dir='ltr'>o</span> <span class='ocrx_word' id='word_1_357' title='bbox 216 2821 356 2861; x_wconf 87' lang='lat' dir='ltr'>rbem,</span> <span class='ocrx_word' id='word_1_358' title='bbox 375 2822 417 2854; x_wconf 73' lang='lat' dir='ltr'>ut</span> <span class='ocrx_word' id='word_1_359' title='bbox 433 2821 567 2855; x_wconf 79' lang='lat' dir='ltr'>dicitur</span> <span class='ocrx_word' id='word_1_360' title='bbox 583 2821 623 2855; x_wconf 86' lang='lat' dir='ltr'>in</span> <span class='ocrx_word' id='word_1_361' title='bbox 639 2822 852 2856; x_wconf 81' lang='lat' dir='ltr'>definitione</span> <span class='ocrx_word' id='word_1_362' title='bbox 870 2821 1075 2863; x_wconf 82' lang='lat' dir='ltr'>florentina,</span> <span class='ocrx_word' id='word_1_363' title='bbox 1101 2821 1364 2866; x_wconf 78' lang='lat' dir='ltr'>respondemus</span> <span class='ocrx_word' id='word_1_364' title='bbox 1391 2831 1475 2855; x_wconf 87' lang='lat' dir='ltr'>eum</span> <span class='ocrx_word' id='word_1_365' title='bbox 1501 2821 1614 2855; x_wconf 83' lang='lat' dir='ltr'>talem</span> <span class='ocrx_word' id='word_1_366' title='bbox 1633 2819 1768 2853; x_wconf 84' lang='lat' dir='ltr'>habere</span> <span class='ocrx_word' id='word_1_367' title='bbox 1787 2818 1919 2861; x_wconf 75' lang='lat' dir='ltr'>prima-</span> 
     </span>
     <span class='ocr_line' id='line_1_38' title="bbox 184 2870 1918 2918; baseline -0.003 -9"><span class='ocrx_word' id='word_1_368' title='bbox 184 2877 264 2909; x_wconf 81' lang='lat' dir='ltr'>tum</span> <span class='ocrx_word' id='word_1_369' title='bbox 283 2875 319 2909; x_wconf 87' lang='lat'>1.</span> <span class='ocrx_word' id='word_1_370' title='bbox 338 2874 594 2915; x_wconf 76' lang='lat' dir='ltr'>destinatione,</span> <span class='ocrx_word' id='word_1_371' title='bbox 612 2877 793 2918; x_wconf 82' lang='lat' dir='ltr'>quatenus</span> <span class='ocrx_word' id='word_1_372' title='bbox 811 2874 971 2908; x_wconf 78' lang='lat' dir='ltr'>Ecclesia</span> <span class='ocrx_word' id='word_1_373' title='bbox 997 2885 1045 2908; x_wconf 74' lang='lat' dir='ltr'>ca</span> <span class='ocrx_word' id='word_1_374' title='bbox 1057 2874 1138 2908; x_wconf 84' lang='lat' dir='ltr'>tho</span> <span class='ocrx_word' id='word_1_375' title='bbox 1152 2874 1249 2908; x_wconf 85' lang='lat' dir='ltr'>lica</span> <span class='ocrx_word' id='word_1_376' title='bbox 1275 2874 1465 2908; x_wconf 72' lang='lat' dir='ltr'>destinata</span> <span class='ocrx_word' id='word_1_377' title='bbox 1492 2875 1549 2907; x_wconf 79' lang='lat' dir='ltr'>est</span> <span class='ocrx_word' id='word_1_378' title='bbox 1574 2877 1616 2907; x_wconf 80' lang='lat' dir='ltr'>ut</span> <span class='ocrx_word' id='word_1_379' title='bbox 1643 2884 1679 2906; x_wconf 78' lang='lat' dir='ltr'>se</span> <span class='ocrx_word' id='word_1_380' title='bbox 1714 2883 1775 2915; x_wconf 74' lang='lat' dir='ltr'>per</span> <span class='ocrx_word' id='word_1_381' title='bbox 1793 2870 1918 2904; x_wconf 79' lang='lat' dir='ltr'>orbem</span> 
     </span>
     <span class='ocr_line' id='line_1_39' title="bbox 186 2926 1918 2971; baseline -0.003 -10"><span class='ocrx_word' id='word_1_382' title='bbox 186 2927 388 2965; x_wconf 78' lang='lat' dir='ltr'>diffundat:</span> <span class='ocrx_word' id='word_1_383' title='bbox 415 2927 452 2962; x_wconf 79' lang='lat'>2.</span> <span class='ocrx_word' id='word_1_384' title='bbox 470 2933 651 2971; x_wconf 80' lang='lat' dir='ltr'>quatenus</span> <span class='ocrx_word' id='word_1_385' title='bbox 679 2939 741 2963; x_wconf 90' lang='lat' dir='ltr'>om</span> <span class='ocrx_word' id='word_1_386' title='bbox 754 2938 836 2963; x_wconf 86' lang='lat' dir='ltr'>nes</span> <span class='ocrx_word' id='word_1_387' title='bbox 861 2929 1028 2962; x_wconf 80' lang='lat' dir='ltr'>homines</span> <span class='ocrx_word' id='word_1_388' title='bbox 1054 2930 1201 2962; x_wconf 78' lang='lat' dir='ltr'>tenen</span> <span class='ocrx_word' id='word_1_389' title='bbox 1213 2928 1265 2961; x_wconf 74' lang='lat' dir='ltr'>tu</span> <span class='ocrx_word' id='word_1_390' title='bbox 1277 2939 1293 2961; x_wconf 86' lang='lat' dir='ltr'>r</span> <span class='ocrx_word' id='word_1_391' title='bbox 1321 2927 1520 2961; x_wconf 83' lang='lat' dir='ltr'>Ecclesiam</span> <span class='ocrx_word' id='word_1_392' title='bbox 1540 2926 1684 2970; x_wconf 83' lang='lat' dir='ltr'>ingredi</span> <span class='ocrx_word' id='word_1_393' title='bbox 1702 2936 1811 2968; x_wconf 74' lang='lat' dir='ltr'>seque</span> <span class='ocrx_word' id='word_1_394' title='bbox 1829 2934 1918 2957; x_wconf 83' lang='lat' dir='ltr'>rom.</span> 
     </span>
     <span class='ocr_line' id='line_1_40' title="bbox 185 2976 1917 3026; baseline -0.002 -13"><span class='ocrx_word' id='word_1_395' title='bbox 185 2980 350 3026; x_wconf 75' lang='lat' dir='ltr'>pontifici</span> <span class='ocrx_word' id='word_1_396' title='bbox 368 2979 563 3024; x_wconf 80' lang='lat' dir='ltr'>subjicere;</span> <span class='ocrx_word' id='word_1_397' title='bbox 581 2983 618 3016; x_wconf 75' lang='lat'>3.</span> <span class='ocrx_word' id='word_1_398' title='bbox 636 2986 817 3025; x_wconf 80' lang='lat' dir='ltr'>quatenus</span> <span class='ocrx_word' id='word_1_399' title='bbox 835 2981 972 3024; x_wconf 89' lang='lat' dir='ltr'>ubique</span> <span class='ocrx_word' id='word_1_400' title='bbox 990 2981 1168 3015; x_wconf 73' lang='lat' dir='ltr'>terrarum</span> <span class='ocrx_word' id='word_1_401' title='bbox 1196 2982 1321 3025; x_wconf 68' lang='lat' dir='ltr'>potest:</span> <span class='ocrx_word' id='word_1_402' title='bbox 1346 2980 1429 3024; x_wconf 83' lang='lat' dir='ltr'>jura</span> <span class='ocrx_word' id='word_1_403' title='bbox 1455 2990 1630 3019; x_wconf 81' lang='lat' dir='ltr'>exercere,</span> <span class='ocrx_word' id='word_1_404' title='bbox 1658 2978 1836 3021; x_wconf 87' lang='lat' dir='ltr'>siquidem</span> <span class='ocrx_word' id='word_1_405' title='bbox 1864 2976 1917 3010; x_wconf 86' lang='lat' dir='ltr'>ibi</span> 
     </span>
     <span class='ocr_line' id='line_1_41' title="bbox 188 3028 1918 3079; baseline -0.006 -8"><span class='ocrx_word' id='word_1_406' title='bbox 188 3037 261 3071; x_wconf 83' lang='lat' dir='ltr'>sint</span> <span class='ocrx_word' id='word_1_407' title='bbox 280 3037 416 3076; x_wconf 82' lang='lat' dir='ltr'>fideles,</span> <span class='ocrx_word' id='word_1_408' title='bbox 435 3038 472 3069; x_wconf 81' lang='lat' dir='ltr'>et</span> <span class='ocrx_word' id='word_1_409' title='bbox 488 3036 524 3070; x_wconf 71' lang='lat'>4.</span> <span class='ocrx_word' id='word_1_410' title='bbox 543 3041 724 3079; x_wconf 84' lang='lat' dir='ltr'>quatenus</span> <span class='ocrx_word' id='word_1_411' title='bbox 746 3037 829 3078; x_wconf 80' lang='lat' dir='ltr'>jure</span> <span class='ocrx_word' id='word_1_412' title='bbox 855 3033 972 3079; x_wconf 77' lang='lat' dir='ltr'>pollet</span> <span class='ocrx_word' id='word_1_413' title='bbox 999 3033 1173 3067; x_wconf 83' lang='lat' dir='ltr'>mittendi</span> <span class='ocrx_word' id='word_1_414' title='bbox 1199 3043 1472 3078; x_wconf 79' lang='lat' dir='ltr'>quaquaversus</span> <span class='ocrx_word' id='word_1_415' title='bbox 1499 3033 1595 3067; x_wconf 87' lang='lat' dir='ltr'>viros</span> <span class='ocrx_word' id='word_1_416' title='bbox 1624 3031 1844 3075; x_wconf 69' lang='lat' dir='ltr'>apostolicos</span> <span class='ocrx_word' id='word_1_417' title='bbox 1871 3028 1918 3062; x_wconf 80' lang='lat' dir='ltr'>ad</span> 
     </span>
     <span class='ocr_line' id='line_1_42' title="bbox 187 3088 786 3133; baseline -0.002 -10"><span class='ocrx_word' id='word_1_418' title='bbox 187 3090 394 3124; x_wconf 86' lang='lat' dir='ltr'>fundandas</span> <span class='ocrx_word' id='word_1_419' title='bbox 411 3088 587 3123; x_wconf 75' lang='lat' dir='ltr'>ecclesias</span> <span class='ocrx_word' id='word_1_420' title='bbox 605 3089 653 3133; x_wconf 88' lang='lat' dir='ltr'>(n.</span> <span class='ocrx_word' id='word_1_421' title='bbox 673 3090 742 3123; x_wconf 79' lang='lat'>226</span> <span class='ocrx_word' id='word_1_422' title='bbox 753 3088 786 3133; x_wconf 86' lang='lat'>¹).</span> 
     </span>
    </p>
   </div>
  </div>
 </body>
</html>
