2175 3382
688 133 815 166 contra
835 131 1019 165 Ecclesiae
1038 129 1293 164 visibilitatem
1314 129 1457 164 satisfit.
1851 139 1942 182 225

202 257 459 308 jurejurando
482 257 528 292 de
552 255 720 304 singulis
748 252 961 291 asseverari
984 254 1163 299 nequeat.
1187 252 1267 288 Imo
1291 262 1331 291 c.
1355 252 1425 289 hoc
1447 255 1507 289 est
1528 253 1621 290 adeo
1644 258 1805 300 certum,
1839 256 1944 295 sicut

208 319 360 355 certum
390 317 459 357 est,
493 314 690 351 Christum
732 312 954 350 instituisse
984 311 1195 347 Ecclesiam
1227 323 1389 357 eamque
1422 311 1616 349 visibilem
1648 316 1686 350 et
1719 327 1941 362 perennem.

207 376 349 413 Eadem
372 374 474 411 enim
498 372 689 422 sapientia
710 375 749 408 et
771 369 1057 418 omnipotentia
1079 369 1222 414 divina,
1247 381 1324 415 qua
1346 368 1453 405 illam
1476 370 1651 407 instituit
1673 374 1711 409 et
1727 377 1939 420 conservat,

207 433 429 483 providebit
459 445 507 469 ne
540 433 868 469 sacramentorum
902 428 1191 466 administratio
1224 428 1264 464 in
1296 428 1478 475 plurimis
1510 429 1735 469 frustretur.
1780 433 1817 469 Si
1850 446 1941 483 ergo

209 493 328 530 semel
359 494 463 529 certo
495 492 647 528 constet
677 489 793 526 alicui
825 488 954 525 coetui
987 486 1192 524 convenire
1224 488 1337 523 notas
1360 499 1471 524 verae
1499 487 1701 533 Ecclesiae,
1736 490 1941 529 indubium

207 556 278 596 est,
302 552 438 589 saltem
460 551 500 586 in
523 561 675 599 genere,
700 547 871 595 ejusdem
888 546 1062 583 membra
1077 558 1159 582 esse
1175 545 1249 581 rite
1264 545 1474 593 baptizata.
1497 547 1632 594 Neque
1655 548 1765 585 obest
1779 547 1822 589 d,
1837 551 1941 599 quod

208 612 254 648 de
277 609 448 660 singulis
470 609 510 645 id
532 620 685 656 semper
706 609 812 644 certo
835 605 1018 643 affirmari
1041 617 1119 641 non
1141 604 1284 652 possit:
1308 617 1398 640 nam
1420 604 1628 642 visibilitas
1649 605 1842 645 Ecclesiae
1865 620 1942 646 non

207 670 333 707 oritur
363 681 407 706 ex
430 666 663 704 visibilitate
695 666 942 715 singulorum
977 663 1140 701 seorsim
1173 663 1516 706 consideratorum,
1551 664 1616 701 sed
1647 677 1691 701 ex
1715 666 1942 705 visibilitate

208 728 447 766 collectionis
478 730 516 763 et
548 724 835 773 conjunctionis
856 723 1043 772 plurium,
1078 722 1146 770 qui
1170 722 1327 770 quidem
1352 735 1485 759 omnes
1508 726 1600 760 sunt
1622 723 1820 772 baptizati,
1851 739 1940 774 pro-

207 788 372 825 fitentur
393 786 553 823 eandem
576 784 690 821 fidem
714 785 798 827 etc.‚
823 786 862 820 et
884 783 930 819 de
955 794 1122 830 quorum
1146 781 1311 818 maxima
1332 784 1447 829 parte
1470 784 1623 819 constat
1645 795 1688 819 ex
1714 784 1863 821 ratione
1878 797 1942 822 su-

206 859 278 895 pra
300 846 401 890 data,
424 856 488 882 eos
510 844 587 881 rite
608 855 692 880 esse
714 842 943 890 baptizatos,
967 853 1094 888 neque
1118 840 1246 888 specie
1267 842 1425 877 tantum
1446 841 1619 888 profiteri
1641 841 1801 879 eandem
1817 843 1942 880 fidem.

207 906 388 943 Ceterum
410 914 451 944 (3.
476 902 687 940 difficultas
710 902 869 950 penitus
891 900 1115 937 excluditur
1136 899 1184 936 ab
1206 898 1265 944 iis,
1290 899 1358 947 qui
1382 901 1530 948 negent
1543 900 1692 948 requiri
1705 900 1943 949 baptismum

207 964 335 1002 valide
357 963 554 1006 collatum,
579 964 626 998 ut
647 961 736 1009 quis
761 960 813 997 sit
835 967 1054 997 membrum
1078 958 1273 995 Ecclesiae
1306 958 1486 995 visibilis.
1531 959 1696 996 Censent
1721 960 1821 997 enim
1846 973 1943 998 non·

207 1023 319 1068 nulli,
344 1022 522 1060 sufficere
545 1021 592 1058 ad
607 1022 796 1058 rationem
812 1018 976 1056 membri
991 1018 1193 1061 Ecclesiae,
1218 1020 1412 1065 quatenus
1427 1020 1489 1054 est
1510 1030 1526 1054 s
1538 1030 1559 1055 o
1572 1018 1614 1055 ci
1627 1031 1645 1055 e
1659 1027 1707 1055 ta
1719 1031 1735 1055 s
1759 1019 1942 1066 visibilis,

206 1085 253 1120 ut
274 1082 361 1131 quis
384 1080 512 1118 subsit
533 1079 771 1121 auctoritati,
796 1091 873 1126 qua
894 1078 1049 1127 regitur
1070 1076 1240 1114 Ecclesia
1262 1080 1301 1113 et
1323 1089 1421 1124 quae
1444 1078 1502 1113 est
1516 1077 1724 1121 Ecclesiae,
1749 1080 1943 1125 quatenus

207 1144 267 1179 est
289 1141 460 1184 societas,
485 1139 724 1188 principium
747 1137 921 1174 formale.

327 1220 370 1262 5.
397 1222 571 1270 Denique
594 1223 743 1258 ceterae
764 1220 895 1263 tricae,
920 1231 1018 1267 quae
1041 1219 1143 1255 fiunt
1169 1221 1306 1255 contra
1321 1218 1513 1255 Ecclesiae
1534 1219 1820 1266 visibilitatem,
1844 1221 1943 1257 nihil

206 1282 391 1331 probant:
435 1281 567 1318 eadem
602 1280 707 1317 enim
740 1282 876 1316 contra
908 1277 1184 1316 visibilitatem
1219 1277 1416 1314 societatis
1451 1279 1719 1327 cujuscunque
1752 1279 1945 1316 humanae

207 1341 342 1390 urgeri
363 1342 549 1389 possunt:
573 1352 663 1376 nam
687 1338 887 1387 quaelibet
911 1338 1073 1375 societas
1096 1337 1279 1384 humana,
1303 1338 1350 1373 ut
1372 1337 1529 1385 proprie
1543 1337 1612 1375 hoc
1626 1340 1774 1375 mereat
1788 1351 1942 1383 nomen,

207 1400 330 1449 exigit
351 1412 429 1436 non
460 1399 584 1436 solum
616 1398 803 1435 unionem
835 1409 1053 1446 corporum,
1087 1396 1152 1432 sed
1186 1398 1224 1432 et
1255 1395 1495 1440 animorum;
1529 1396 1631 1433 sicut
1663 1409 1754 1446 ergo
1785 1400 1944 1446 propter

206 1459 304 1496 hanc
334 1458 434 1495 nihil
465 1457 597 1494 damni
628 1457 780 1505 patitur
810 1456 920 1493 illius
951 1455 1173 1499 visibilitas,
1208 1468 1296 1491 nam
1329 1454 1546 1492 animorum
1580 1456 1802 1504 conjunctio
1833 1456 1943 1493 reddi

206 1520 335 1566 potest
357 1517 524 1554 mediate
547 1517 685 1553 saltem
706 1515 887 1561 visibilis,
917 1515 973 1551 ita
1005 1517 1044 1551 et
1079 1514 1391 1562 supernaturalis
1423 1513 1596 1550 fidelium
1621 1515 1842 1563 conjunctio
1865 1528 1943 1553 non

205 1577 333 1614 oberit
354 1575 577 1613 visibilitati
600 1575 805 1612 Ecclesiae.

961 1748 1200 1802 Caputlt

733 1831 800 1872 De
834 1830 1120 1870 Ecclesiae
1154 1830 1413 1870 essentia.

324 1929 419 1970 201.
443 1926 650 1968 Ecclesiae
682 1939 844 1967 causae.
867 1950 921 1955 -—
958 1923 1011 1965 Ut
1043 1924 1220 1977 alicujus
1253 1925 1312 1964 rei
1345 1924 1592 1964 essentia
1625 1928 1666 1964 et
1665 1924 1942 1997 &mutuno

204 1998 352 2038 intima
374 1998 452 2038 rite
475 2002 769 2049 cognoscatur,
792 1997 848 2036 nil
871 1996 1161 2048 opportunius,
1184 2007 1312 2048 quam
1336 2007 1484 2036 omnes
1508 1995 1597 2047 ers
1614 1981 1760 2035 rimari
1776 2006 1940 2037 causae.

206 2068 440 2109 Causarum
463 2081 564 2109 vero
588 2068 745 2108 multae
768 2068 1080 2145 distinguantur
1102 2066 1296 2176 spaetpcssieg¹
1339 2078 1358 2106 r
1390 2066 1565 2118 ecipuae
1588 2069 1705 2105 sunt:
1728 2077 1858 2105 causa
1881 1981 2175 2136 efff-frd

1154 2150 1173 2177 r
1222 2137 1310 2186 alis,
1946 2095 2175 2196 W

204 2139 361 2188 ficiens,
383 2139 531 2187 finalis,
555 2139 819 2191 exemplaria
844 2114 1149 2185 materiffliffio
1335 2136 1628 2177 ministerialis.
1662 2135 1722 2176 De
1754 2136 1818 2176 his
1841 2148 1940 2187 ergo

204 2209 417 2251 Ecclesiae
448 2211 588 2251 causis
625 2221 674 2250 ex
699 2209 846 2250 ordine
869 2208 1135 2250 disseremus.
1179 2207 1238 2248 De
1262 2219 1392 2248 causa
1414 2207 1627 2247 Ecclesiae
1650 2206 1802 2247 effici
1818 2166 2175 2247 enteab'ffl

204 2280 404 2332 principe,
427 2292 535 2333 quae
559 2285 623 2321 est
645 2279 783 2328 Pater,
806 2279 931 2319 Filius
954 2285 995 2318 et
1018 2277 1196 2330 Spiritus
1219 2292 1262 2324 3.,
1287 2277 1401 2318 nulla
1424 2282 1488 2318 est
1509 2276 1742 2318 difficultas.

325 2378 460 2426 Neque
483 2377 693 2415 difficultas
727 2379 788 2414 est
810 2377 856 2414 de
879 2389 991 2414 causa
1014 2376 1316 2424 exemplari:
1340 2375 1536 2423 triplex
1570 2374 1759 2423 assignari
1790 2377 1939 2422 potest:

208 2435 248 2477 l.
272 2438 362 2485 Ipsa
385 2449 432 2474 ss.
455 2437 636 2476 Trinitas.
661 2449 749 2473 cum
773 2436 950 2473 Christus
973 2435 1218 2472 discessurus
1251 2434 1296 2470 de
1319 2434 1388 2471 hoc
1420 2434 1567 2471 mundo
1599 2434 1769 2470 oraverit
1788 2433 1849 2470 Jo.
1878 2440 1939 2478 17,

208 2502 271 2537 20.
298 2502 370 2535 21:
397 2496 484 2533 Non
503 2508 578 2544 pro
601 2497 652 2532 eis
674 2500 799 2532 autem
822 2507 911 2544 νοέω
934 2499 1094 2540 tantum,
1130 2494 1194 2530 secl
1216 2498 1247 2529 et
1266 2505 1340 2541 pro
1363 2494 1426 2541 eis,
1452 2494 1517 2542 qui
1539 2493 1725 2529 credituri
1755 2497 1842 2529 sunt
1869 2505 1941 2540 per

207 2556 355 2592 verbum
378 2567 506 2592 eorum
529 2557 569 2591 *in
592 2567 662 2602 me,
686 2560 726 2591 ut
749 2566 875 2590 omnes
896 2566 1015 2590 uuum
1037 2554 1126 2599 sint,
1162 2554 1258 2589 sicut
1280 2558 1320 2589 tu
1344 2552 1459 2589 Pater
1480 2553 1519 2588 in
1542 2565 1598 2588 me
1621 2557 1653 2588 et
1676 2564 1738 2601 eqo
1763 2553 1800 2587 in
1822 2556 1867 2598 te,
1900 2556 1940 2587 ut

205 2619 237 2650 et
260 2615 335 2662 ipsi
356 2615 395 2650 in
418 2614 525 2651 nobis
549 2627 668 2650 unum
690 2615 790 2660 siut:
823 2618 861 2649 nt
893 2613 1021 2649 credat
1052 2612 1230 2657 mzmdus,
1266 2613 1357 2660 quia
1389 2616 1429 2647 tu
1461 2624 1517 2647 me
1550 2611 1712 2656 misisti;
1735 2610 1780 2647 cf.
1804 2623 1837 2646 v.
1870 2618 1910 2649 11
1931 2624 1938 2648 :

204 2671 248 2712 2.
271 2674 402 2721 ipsum
425 2673 596 2709 Verbum
619 2673 689 2709 Dei
710 2672 955 2708 incarnatum
979 2672 1020 2707 in
1042 2683 1111 2707 sua
1133 2670 1427 2715 constitutione,
1451 2670 1683 2707 muneribus
1707 2672 1746 2705 et
1766 2669 1937 2705 functio—

205 2732 332 2777 nibus,
364 2733 446 2768 vita
476 2734 515 2768 et
536 2731 816 2781 glorificatione
841 2728 895 2782 (n.
926 2726 1041 2780 188)
1076 2727 1116 2769 3.
1139 2729 1307 2766 Ecclesia
1337 2729 1522 2778 angelica.
1567 2728 1675 2765 Unde
1708 2728 1844 2775 liquet,
1869 2727 1937 2763 Ec-

205 2790 358 2827 clesiam
382 2803 460 2827 non
483 2791 610 2828 solum
632 2789 889 2827 multitudine
911 2800 953 2825 ac
973 2788 1161 2825 varietate
1176 2788 1437 2825 membrorum
1455 2788 1594 2824 debere
1608 2787 1778 2834 gloriari,
1802 2798 1936 2822 verum

206 2849 321 2885 etiam
345 2850 529 2886 excellere
551 2849 763 2886 eorundem
786 2848 938 2884 unitate
960 2850 1045 2884 orta
1067 2859 1111 2883 ex
1133 2847 1468 2894 recapitulatione,
1505 2859 1581 2894 qua
1604 2846 1846 2883 distinctum,
1871 2856 1935 2879 va—

205 2908 307 2944 rium
331 2910 370 2944 et
391 2908 597 2956 multiplex
620 2908 666 2944 ad
690 2908 828 2944 miram
843 2906 1162 2954 singularemque
1178 2908 1380 2943 revocetur
1395 2905 1600 2942 unitatem.
1636 2903 1791 2940 Nemini
1806 2907 1935 2939 autem

207 2966 371 3003 dubium
393 2979 476 3003 csse
499 2969 641 3014 potest,
673 2979 764 3014 prae
788 2967 926 3002 ceteris
948 2964 1124 3001 coetibus
1146 2965 1358 3001 Ecclesiam
1382 2977 1580 3001 romanam
1613 2963 1658 3000 ad
1691 2963 1760 2998 hoc
1794 2961 1935 3008 triplex

205 3025 402 3072 exemplar
424 3036 507 3061 esse
530 3037 762 3073 expressam,
798 3024 901 3072 quod
924 3023 1026 3060 haud
1050 3024 1309 3071 spernendum
1343 3028 1403 3060 est
1425 3022 1721 3071 praejudicium,
1756 3033 1836 3056 eam
1870 3030 1934 3054 ve-

205 3097 287 3120 ram
310 3095 393 3120 esse
414 3083 636 3120 Ecclesiam.
678 3084 767 3120 Jam
789 3084 835 3120 ad
859 3082 1207 3119 considerationem
1230 3082 1360 3118 finis
1384 3082 1573 3118 Ecclesiae
1597 3079 1831 3117 accedamus.
1856 3117 1859 3118 ⁷

348 3150 369 3174 H
382 3158 397 3174 u
410 3154 499 3181 mer,
521 3150 667 3182 Compend.
687 3149 841 3182 theologiae
865 3151 886 3177 l,
910 3149 940 3173 lO
960 3149 1003 3198 (gd,
1449 3177 1461 3189 ,
1682 3148 1723 3178 10
1872 3164 1880 3169 .
1955 3163 1963 3207 t
1990 3156 2000 3207 t
2166 3153 2175 3205 Ι

122 3249 1434 3344 §lq-&muew-dewh'w

104 3301 312 3382 tuin-,n
354 3346 432 3382 ,J
472 3313 1309 3382 μώκου-ΜΨ*
1453 3284 1773 3367 “W
