2175 3382
217 140 294 179 100
525 131 642 167 'ii-act,
662 130 686 163 1.
708 130 888 174 Apologia
907 130 1011 174 relig.
1031 129 1155 164 vlu-ist.
1173 129 1302 163 'rhesis
1323 129 1398 163 XX.
1419 129 1620 173 Martyrum

327 252 370 294 ⁸2..
395 256 704 291 tormentorum
727 262 749 290 0
761 263 781 290 r
793 262 819 290 u
831 249 856 289 d
869 249 913 290 el
928 249 1001 289 ita
1013 263 1054 298 s,
1071 260 1198 301 quam
1215 261 1301 289 non
1316 249 1453 289 solum
1469 248 1697 300 scriptores
1712 249 1944 300 christiani,

210 335 354 363 verum
378 322 506 362 etiam
529 320 704 373 gentiles
719 324 916 361 testatam
932 319 1200 372 reliquerunt.
1234 319 1293 359 Ita
1315 318 1539 360 Tacitus
1563 318 1728 373 (Annal.
1745 319 1832 370 XV,
1849 323 1944 375 44):

216 392 570 444 ,Quaesitissimis
594 392 741 444 poenis
765 390 913 446 (Nero)
937 390 1076 431 affecit
1099 423 1106 431 .
1131 424 1138 431 .
1163 424 1168 430 .
1202 402 1308 443 quos
1341 390 1486 441 vulgus
1519 390 1774 431 christianos
1797 391 1945 444 appel-

209 464 358 512 labat,“
389 475 495 516 quas
518 462 616 503 dein
640 461 850 503 describit.
893 460 1069 513 Semper
1092 466 1133 502 et
1156 461 1310 514 ubique
1333 461 1419 502 sere
1443 461 1575 513 repeti
1598 465 1807 513 poterant,
1837 473 1946 514 quae

210 536 261 576 de
283 535 370 576 suis
393 533 649 586 martyribus
673 532 858 573 referunt
881 531 1086 572 ecclesiae
1109 532 1354 573 viennensis
1387 536 1428 573 et
1459 531 1731 583 lugdunensis
1758 532 1800 572 in
1822 544 1945 585 prae-

210 607 324 647 clara
347 604 525 658 epistola
548 604 602 645 ad
625 605 775 644 fratres
797 615 872 656 per
894 603 1040 643 Asiam
1069 607 1110 644 et
1133 601 1358 656 Phrygiam
1381 603 1635 643 constitutos
1657 603 1708 658 1):
1748 602 1819 653 „Et
1850 615 1945 655 gra-

211 678 382 718 vitatem
398 675 566 729 quidem
583 675 728 727 ipsam,
753 674 957 727 inquiunt,
981 685 1283 714 aerumnarum
1308 678 1349 714 et
1371 673 1587 725 gentilium
1602 673 1808 714 adversus
1821 686 1946 715 sanc-

211 753 276 789 tos
299 747 484 788 furorem
508 758 557 787 ac
580 745 754 794 rabiem,
787 756 980 798 quaeque
1008 749 1049 785 et
1072 748 1232 797 quanta
1256 744 1369 785 beati
1391 749 1600 798 martyres
1623 745 1816 796 perpessi
1837 750 1945 795 sunt,

210 831 287 860 nec
310 831 388 859 nos
412 817 647 869 exprimere
670 816 862 862 dicendo,
897 826 976 856 nec
999 815 1223 868 quisquam
1247 815 1473 856 scribendo
1497 815 1723 868 complecti
1747 820 1947 857 accurate

211 889 354 942 possit.
407 886 531 928 Omni
562 886 769 940 siquidem
799 887 951 927 virium
984 888 1142 939 impetu
1175 887 1217 927 in
1249 899 1327 927 nos
1361 887 1480 927 irruit
1511 886 1816 928 adversarius.“
1866 886 1946 928 Pro

211 960 304 1001 aliis
326 957 572 999 criminibus
595 969 760 1010 poenae
783 962 903 998 erant
927 969 952 997 a
973 957 1063 1010 lege
1085 962 1282 1005 statutae,
1316 958 1358 998 in
1382 957 1635 998 christianos
1661 958 1804 998 omnia
1827 962 1949 999 erant

209 1030 416 1083 permissa
440 1033 764 1081 persecutorum
788 1028 977 1077 arbitrio,
1008 1029 1080 1081 qui
1106 1029 1318 1069 cruciatus
1340 1027 1660 1080 protrahebant,
1693 1041 1779 1069 non
1802 1033 1846 1069 ut
1869 1041 1946 1081 pu-

209 1102 357 1149 nirent,
379 1100 453 1141 sed
475 1105 520 1140 ut
543 1100 798 1141 christianos
820 1100 874 1140 ad
896 1099 1175 1141 defectionem
1199 1099 1473 1152 impellerent.

328 1173 370 1215 3.
395 1171 665 1224 Expendatur
686 1171 941 1212 incredibilis
964 1176 1197 1224 martyrum
1221 1171 1354 1212 virtus
1377 1175 1417 1212 et
1441 1171 1569 1211 animi
1592 1170 1805 1214 fortitudo,

329 1257 543 1301 „Latrones
567 1260 604 1294 et
628 1258 784 1294 robusti
807 1257 979 1306 corporis
1004 1258 1090 1302 viri,
1115 1258 1251 1295 scribit¹
1272 1258 1301 1294 L
1313 1271 1333 1295 a
1345 1259 1390 1295 ct
1403 1271 1423 1294 a
1435 1270 1461 1294 n
1473 1257 1551 1294 tiu
1564 1269 1580 1294 s
1597 1257 1639 1302 V,
1668 1264 1731 1299 13,
1755 1256 1947 1306 ejusmodi

19 1353 23 1365 .
48 1355 54 1366 ι
87 1303 95 1317 l
173 1338 192 1351 s,
209 1317 464 1354 lacerationes
485 1316 657 1366 perferre
678 1319 902 1364 nequeunt:
936 1317 1152 1354 exclamant
1174 1320 1212 1354 et
1235 1317 1408 1366 gemitus
1431 1317 1564 1361 edunt,
1598 1317 1813 1354 vincuntur
1843 1316 1947 1353 enim

93 1363 98 1383 ³
118 1361 168 1385 ’Μ
186 1390 193 1407 t
209 1376 350 1421 dolore,
376 1375 469 1424 quia
491 1376 599 1413 deest
620 1375 701 1413 illis
732 1377 923 1424 inspirata
940 1378 1142 1424 patientia.
1176 1376 1310 1414 Nostri
1333 1378 1463 1413 autem
1486 1373 1549 1428 (ut
1580 1375 1627 1413 de
1657 1375 1750 1413 viris
1781 1373 1946 1427 taceam)

175 1455 187 1464 -
211 1435 323 1483 pueri
346 1436 385 1472 et
407 1435 664 1472 mulierculae
686 1438 854 1472 tortores
876 1448 964 1473 31103
985 1435 1098 1472 130111
1129 1436 1315 1473 vincunt:
1348 1439 1387 1472 et
1418 1435 1631 1484 exprimere
1654 1435 1733 1472 illis
1754 1434 1947 1484 gemitum

208 1506 278 1531 nec
300 1494 403 1543 ignis
424 1497 567 1543 potest.
611 1494 711 1531 Eant
732 1494 882 1532 romani
906 1497 944 1532 et
967 1495 1092 1532 Mutio
1115 1495 1340 1544 glorientur
1361 1499 1430 1532 aut
1452 1494 1612 1544 Regulo,
1649 1507 1815 1542 quorum
1848 1494 1950 1531 alter

206 1553 424 1590 necandum
447 1566 486 1591 se
508 1553 686 1591 hostibus
708 1553 884 1597 tradidit,
910 1554 1014 1602 quod
1037 1555 1235 1602 captivum
1256 1554 1401 1602 puduit
1414 1554 1566 1598 vivere3
1590 1554 1689 1590 alter
1705 1553 1752 1590 ab
1766 1553 1947 1591 hostibus

206 1612 483 1661 deprehensus,
508 1625 597 1650 cum
618 1612 769 1650 videret
793 1625 832 1650 se
854 1616 1021 1650 mortem
1044 1613 1168 1650 vitare
1190 1626 1268 1650 non
1291 1624 1416 1663 posse,
1439 1626 1599 1650 manum
1622 1614 1705 1651 foco
1728 1613 1875 1661 injecit,
1900 1618 1945 1650 ut

205 1684 276 1720 pro
298 1671 466 1709 facinore
489 1684 558 1709 3110
581 1671 823 1709 satisfaceret
845 1671 959 1717 hosti,
993 1685 1108 1720 quem
1132 1672 1260 1710 voluit
1282 1672 1466 1717 occidere,
1490 1684 1612 1721 eaque
1633 1684 1757 1721 poena
1778 1672 1944 1717 veniam,

206 1744 321 1778 quam
344 1743 422 1768 non
444 1733 650 1775 meruerat,
685 1731 843 1780 accepit.
885 1731 982 1768 Ecce
1004 1743 1117 1768 sexus
1139 1731 1319 1769 infirmus
1351 1733 1390 1768 et
1421 1731 1571 1781 fragilis
1605 1734 1710 1768 aetas
1744 1731 1944 1768 dilacerari

205 1803 243 1827 se
264 1792 347 1827 toto
370 1802 528 1838 corpore
551 1790 695 1838 urique
716 1790 949 1839 perpetitur,
982 1801 1062 1827 non
1084 1791 1326 1836 necessitate,
1350 1791 1443 1839 quia
1464 1791 1558 1827 licet
1579 1790 1705 1828 vitare
1728 1790 1762 1827 si
1783 1790 1942 1836 vellent,

171 1863 176 1865 -
205 1849 273 1886 3οᾶ
295 1849 510 1894 voluntate,
535 1849 628 1897 quia
650 1849 853 1887 confidunt
875 1850 993 1887 Deo«
1037 1849 1184 1887 Verum
1204 1862 1283 1888 non
1307 1852 1532 1901 con—stanter
1544 1850 1701 1894 ψ
1715 1849 1942 1897 atque-for-

190 1908 309 1951 titer,
334 1908 401 1945 sed
423 1911 602 1957 prompte
625 1909 753 1953 etiam,
777 1909 956 1962 alae-igiter
978 1909 1237 1962 hilari-terque
1259 1909 1483 1957 saeQima
1497 1911 1693 1953 tormenta
1707 1908 1944 1955 tolerabant.

193 1967 313 2013 <Unde
338 1967 703 2005 Tertullianus
724 1967 860 2005 scribit
882 1968 930 2005 ad
951 1971 1030 2005 nat.
1053 1969 1082 2013 1,
1113 1976 1151 2007 1:
1186 1995 1203 2013 »
1216 1968 1422 2005 Neminem
1452 1968 1587 2017 pudet,
1620 1967 1820 2005 neminem
1850 1980 1941 2017 poe-

199 2026 306 2065 'tuitet
326 2026 405 2063 nisi
425 2026 685 2075 pristinorum
710 2023 861 2078 (eorum
885 2039 984 2075 quae
1007 2039 1096 2064 eum
1118 2027 1292 2064 nondum
1317 2030 1415 2064 esset
1438 2027 1675 2064 christianus
1707 2024 1860 2079 gessit).
1904 2026 1944 2063 Si

196 2085 426 2130 denotatur,
449 2086 660 2134 gloriatum
685 2085 719 2122 si
740 2086 927 2129 trahitur,
951 2098 1029 2123 non
1051 2086 1255 2130 subsistit3
1279 2087 1310 2124 si
1333 2088 1546 2131 accusatur,
1570 2098 1648 2123 non
1663 2085 1859 2127 defendit:
1882 2086 1943 2123 in-

203 2146 427 2194 terroga-tus
450 2144 669 2190 confitetur,
693 2145 899 2182 damnatus
921 2145 1067 2195 gratias
1090 2146 1211 2195 agit.‘
1256 2145 1306 2182 Cf.
1329 2145 1441 2194 Apol.
1464 2145 1493 2191 Ι,
1519 2151 1554 2185 6.

321 2224 364 2266 4.
395 2222 725 2265 Considerentur
757 2225 948 2278 martyrii
980 2225 1044 2265 ad
1052 2225 1245 2277 juncta
1263 2226 1317 2281 2);
1350 2225 1678 2277 prudentissima
1710 2224 1796 2265 scil.
1828 2236 1942 2264 mar—

206 2299 344 2346 tyrum
376 2306 584 2347 responsa
616 2295 850 2336 secundum
880 2296 1012 2337 verba
1045 2294 1200 2337 Christi
1231 2295 1514 2348 praedicentis
1546 2295 1645 2338 Luc.
1674 2297 1743 2345 21,
1780 2298 1831 2340 15
1865 2295 1943 2338 001.

103 2397 173 2429 ὠ»
206 2364 348 2405 Matth.
378 2370 441 2414 10,
470 2370 520 2410 IS
545 2379 619 2407 ss:
652 2366 739 2420 qu
770 2366 876 2407 dabo
899 2366 1010 2407 ‘robis
1041 2380 1083 2407 os
1115 2371 1151 2406 et
1172 2367 1436 2421 sapientiam,
1467 2367 1534 2406 cui
1556 2379 1638 2407 non
1657 2369 1855 2420 poterunt
1877 2379 1940 2406 re-

350 2508 373 2551 1)
395 2508 501 2551 Apud
523 2507 586 2540 Eu
599 2519 613 2541 3
626 2508 702 2541 ebi
717 2520 739 2541 u
753 2519 787 2541 m
806 2508 848 2541 H.
868 2507 907 2541 E.
928 2508 949 2542 l.
971 2514 1001 2547 5.
1021 2519 1049 2542 0.
1070 2511 1086 2541 1
1109 2511 1144 2542 01
1163 2519 1284 2552 opusc.
1304 2508 1399 2547 XIII,
1419 2508 1456 2541 in
1475 2519 1547 2551 quo
1566 2509 1773 2551 martyrum
1788 2508 1872 2540 acta
1887 2516 1940 2540 se-

202 2559 297 2593 lecta
317 2561 563 2600 continentur,
591 2560 726 2604 quibus
754 2561 844 2594 11300
874 2561 1020 2605 egregie
1049 2560 1257 2594 confirmari
1284 2564 1456 2605 possunt:
1491 2560 1663 2594 Victor
1681 2559 1833 2593 vitensis
1850 2559 1938 2593 hist.

203 2623 336 2656 persec.
356 2613 492 2647 vandal
510 2614 532 2650 1,
556 2618 569 2647 l
591 2626 625 2648 n.
646 2618 665 2648 2
685 2626 732 2652 s.:
752 2614 775 2650 l.
797 2619 816 2649 5
834 2625 868 2647 n.
889 2617 909 2648 2
925 2626 968 2648 ss.
985 2626 1108 2659 opusc.
1124 2615 1237 2650 XXII.
1257 2615 1309 2650 Cf.
1329 2615 1359 2650 G
1372 2614 1472 2649 allo
1487 2615 1568 2648 niu
1581 2626 1597 2648 3
1616 2613 1661 2648 de
1675 2625 1720 2648 ss,
1735 2615 1938 2657 martyrum

202 2666 433 2706 cruciatibus,
453 2667 589 2701 Romae
610 2670 700 2703 1594
717 2668 757 2701 in
775 2671 807 2701 4.
827 2668 858 2701 Κ
870 2680 894 2701 11
907 2668 948 2702 el
963 2666 1030 2702 ler
1048 2668 1086 2702 in
1105 2667 1189 2706 diss,
1210 2668 1268 2703 (110
1287 2669 1468 2713 Martyrer
1485 2667 1562 2702 und
1580 2667 1645 2702 das
1662 2672 1752 2702 rom.
1766 2667 1885 2701 Reeht
1898 2667 1938 2700 in

203 2719 382 2753 Stimmen
401 2731 464 2753 aus
483 2721 532 2754 M.
550 2721 672 2754 Laach
694 2723 794 2755 1898.
814 2721 858 2762 II,
878 2722 1036 2757 276--91
1058 2724 1094 2756 et
1113 2723 1276 2758 349—67
1293 2723 1430 2763 tuetur,
1449 2723 1630 2766 martyres
1647 2731 1686 2755 re
1704 2730 1790 2755 vera
1803 2731 1869 2765 pro
1883 2730 1940 2753 re-

202 2773 340 2817 ligione
359 2784 436 2807 esse
454 2784 588 2816 passos,
608 2784 690 2807 cum
709 2775 746 2808 et
763 2774 832 2809 1100
850 2776 977 2809 1103113
995 2777 1116 2809 aetate
1133 2775 1322 2809 incredula
1339 2775 1379 2809 in
1396 2776 1551 2809 dubium
1569 2780 1731 2809 vocetur.
1749 2773 1804 2809 Cf.
1823 2773 1937 2808 etiam

201 2836 294 2869 quae
311 2825 408 2859 idem
429 2829 558 2860 auctor
575 2827 620 2860 ad
641 2825 903 2861 illustrandum
922 2827 990 2861 hoc
1008 2830 1271 2872 argumentum
1290 2828 1457 2872 disputat
1474 2828 1524 2870 ib,
1547 2831 1657 2862 1-12
1676 2829 1713 2860 et
1732 2829 1906 2862 122—3‘2.

346 2883 371 2921 ¹2)
390 2878 491 2913 Inter
509 2880 597 2913 haec
617 2880 793 2924 adjuncta
811 2883 847 2914 et
865 2880 959 2914 illud
976 2882 1105 2915 referri
1122 2882 1255 2926 potest,
1283 2882 1382 2925 quod
1408 2882 1447 2915 in
1474 2879 1657 2926 ejusmodi
1675 2880 1939 2925 persecutioni·

204 2934 271 2967 bus
291 2933 482 2967 evidenter
499 2932 704 2977 adimpleta
722 2934 870 2969 fuerunt
889 2936 947 2969 tot
964 2934 1101 2969 Christi
1117 2934 1295 2969 vaticinia
1312 2936 1417 2970 Joan.
1437 2938 1487 2974 15,
1504 2938 1565 2971 18:
1588 2937 1640 2975 16.
1656 2938 1696 2968 2:
1723 2935 1822 2968 Venit
1837 2935 1940 2978 hora,

203 2991 240 3019 ut
256 2988 378 3030 omnis,
395 2987 457 3030 qui
472 2987 635 3028 interficit
648 2998 673 3019 v·
688 2999 714 3029 s,
736 2988 931 3021 arbitretur
954 2989 1150 3031 obsequium
1174 2999 1209 3022 se
1223 2993 1413 3031 praes-tare
1427 2989 1499 3022 Deo
1510 3001 1525 3030 ;
1541 2987 1591 3021 ib.
1609 3000 1641 3021 v.
1661 2990 1727 3026 33;
1746 2987 1826 3021 Aet.
1850 2991 1878 3029 l,
1897 2989 1938 3022 8:

199 3035 313 3072 Eritis
331 3039 420 3071 mihi
434 3043 531 3072 testes
548 3039 585 3072 in
602 3039 811 3081 Jerusalem,
839 3045 869 3072 et
886 3041 921 3073 in
942 3041 1038 3073 omni
1053 3040 1192 3074 judaea
1209 3045 1239 3074 et
1258 3041 1425 3074 Samaria
1444 3045 1474 3074 et
1492 3051 1598 3084 usque
1625 3041 1672 3074 ad
1691 3040 1848 3074 ultimum
1868 3045 1937 3073 tei·-

200 3102 284 3132 1·ae‚·
303 3090 434 3125 Matth.
458 3093 509 3133 10,
531 3093 576 3125 16
594 3102 639 3124 33.
659 3093 725 3128 etc,

294 3220 314 3239 ὃ
