2175 3382
956 122 1174 157 ostenditur.
1845 131 1932 174 385

200 243 359 292 quanto
382 239 516 290 magis
537 239 670 280 voluit
690 239 1046 292 subsequentibus
1068 241 1221 282 seculis
1252 243 1295 282 in
1327 255 1412 284 uno
1441 243 1538 284 ovili
1559 249 1777 296 pastorem
1798 259 1928 288 unum

199 309 253 350 ad
275 309 464 362 ejusdem
487 311 693 351 unitatem
716 310 982 352 efficiendam
1005 314 1441 365 conservandamque.

315 393 357 436 2.
379 391 526 433 Matth.
551 395 616 441 16,
643 395 695 437 18
718 393 988 434 constituitur
1002 391 1152 434 Petrus
1174 399 1296 446 petra
1318 401 1359 435 et
1382 395 1701 438 fundamentum
1720 397 1931 441 Ecclesiae

197 475 284 504 non
298 474 424 504 sensu
440 467 605 504 tantum
629 463 941 516 chronologico,
963 463 1037 504 sed
1060 463 1160 516 dyn
1174 465 1361 512 amico,
1385 465 1703 508 fundamentum
1719 469 1803 511 scil.
1818 470 1931 522 quod

196 534 349 574 virtute
371 545 460 581 sua,
493 533 534 573 id
555 538 619 574 est
635 533 724 586 jugi
745 532 917 582 influxu,
943 533 1173 574 Ecclesiam
1196 534 1238 574 in
1260 535 1421 577 unitate
1445 542 1486 577 et
1509 536 1704 579 firmitate
1726 551 1805 579 sua
1827 552 1931 581 con-

196 604 330 645 tinere
352 603 479 644 debet
500 604 556 659 (n.
579 604 696 659 350),
727 604 926 657 quodque
957 609 1184 656 propterea
1216 607 1437 657 potestatis
1469 608 1726 659 plenitudine
1749 609 1929 652 clavium

195 674 390 729 symbolo
421 685 633 726 expressa,
665 686 750 726 qua
780 673 968 715 Ecclesia
991 687 1209 728 nunquam
1233 688 1380 717 carere
1403 683 1553 729 potest,
1585 683 1648 720 est
1679 680 1930 722 instructum

195 746 251 803 (n.
273 746 390 802 354).
416 745 542 798 Atqui
565 745 774 798 ejusmodi
796 751 945 798 petrae
969 750 1010 787 et
1031 746 1292 788 fundamenti
1317 760 1470 789 munus
1493 749 1654 790 tamdiu
1677 750 1831 792 durare
1854 752 1928 793 de-

193 817 276 865 bet,
300 816 502 869 quamdiu
523 817 615 869 ipsa
628 816 830 865 Ecclesia,
853 818 937 861 scil.
962 818 1015 858 ad
1038 820 1451 860 consummationem
1466 832 1600 873 usque
1623 822 1763 866 seculi.
1787 822 1929 864 Manet

194 900 294 941 ergo
309 887 458 929 Petrus
472 887 794 929 fundamentum
817 892 859 929 et
881 893 1001 941 petra
1023 889 1204 942 ideoque
1227 891 1386 942 primas
1403 890 1627 936 Ecclesiae.
1652 905 1735 933 non
1759 893 1929 945 quidem

193 960 236 1000 in
258 959 431 1011 propria
453 970 648 1011 persona,
672 958 745 1000 sed
768 959 811 999 in
833 971 1020 1011 persona
1043 972 1339 1001 successorum
1364 974 1550 1005 suorum.
1593 962 1698 1003 Hinc

311 1041 354 1085 3.
378 1041 691 1082 solemnissima
712 1041 782 1082 illa
804 1047 973 1094 patrum
998 1042 1203 1090 doctrina,
1226 1042 1397 1084 Petrum
1421 1045 1463 1084 in
1486 1050 1665 1097 accepta
1687 1045 1928 1089 fortitudine

128 1145 132 1150 .
191 1116 338 1164 petrae
360 1123 635 1163 perseverare
657 1117 941 1165 susceptaque
966 1111 1179 1154 Ecclesiae
1211 1113 1498 1165 gubernacula
1529 1128 1617 1156 non
1648 1117 1867 1170 reliquisse
1890 1118 1929 1175 ¹),

192 1183 425 1224 etiamnum
458 1181 691 1223 Ecclesiam
728 1182 771 1222 in
805 1194 991 1234 persona
1024 1196 1200 1224 suorum
1235 1197 1531 1226 successorum
1568 1186 1737 1236 docere,
1770 1200 1928 1240 regere,

191 1253 445 1295 confirmare
461 1253 611 1298 fratres
626 1257 702 1294 etc.
726 1252 867 1304 Quare
891 1259 1034 1305 patres
1056 1254 1099 1294 in
1121 1255 1301 1296 concilio
1325 1256 1762 1298 chalcedonensi
1784 1259 1928 1300 audita

190 1323 344 1366 Leonis
366 1323 546 1376 epistola
575 1324 619 1364 in
648 1324 728 1364 has
760 1330 1045 1376 proruperunt
1066 1337 1194 1366 voces
1218 1327 1312 1376 (act
1340 1329 1404 1381 2);
1444 1306 1616 1378 „Petrus
1647 1340 1722 1381 per
1743 1328 1927 1370 Leonem

190 1395 356 1436 locutus
388 1400 472 1444 est3
462 1401 495 1418 ·“
534 1407 640 1448 quas
663 1395 926 1447 repetierunt
948 1402 1091 1448 patres
1114 1397 1282 1438 concilii
1307 1397 1552 1444 V1.act.1s
1576 1399 1786 1441 dicentes:
1824 1400 1928 1451 „Per

188 1465 456 1518 Agathonem
480 1465 628 1506 Petrus
650 1466 928 1546 loquebatur3
919 1472 951 1489 ·“
991 1472 1118 1520 atque
1149 1468 1246 1509 ideo
1280 1468 1428 1510 Petrus
1461 1469 1841 1523 Chrysologus
1873 1472 1927 1512 ad

187 1536 404 1590 Eutychen
429 1550 465 1579 n
489 1540 515 1581 2
540 1536 706 1577 scribit:
739 1518 816 1587 „ln
850 1537 1047 1578 omnibus
1074 1538 1298 1579 hortamur
1328 1545 1380 1585 te,
1414 1540 1543 1581 frater
1575 1542 1847 1588 honorabilis
1881 1547 1927 1583 ut

187 1607 264 1656 his,
296 1619 405 1660 quae
438 1619 464 1648 a
495 1607 742 1649 beatissimo
767 1621 880 1661 papa
901 1621 1109 1650 romanae
1133 1610 1314 1651 civitatis
1347 1612 1505 1663 scripta
1536 1617 1645 1661 sunt,
1679 1612 1926 1654 obedienter

187 1679 394 1725 attendas,
421 1679 623 1732 quoniam
645 1679 686 1722 b.
709 1678 871 1728 Petrus,
907 1680 978 1732 qui
1010 1680 1053 1720 in
1088 1681 1260 1732 propria
1290 1680 1391 1722 sede
1424 1686 1465 1722 et
1495 1682 1597 1723 vivit
1629 1687 1671 1724 et
1701 1683 1925 1735 praesidet,

186 1754 377 1801 praestat
397 1749 702 1802 quaerentibus
728 1749 824 1790 fidei
844 1750 1102 1791 veritatem.“
1120 1737 1133 1764 '¹

303 1832 345 1876 4.
368 1830 521 1872 Omnia
544 1832 778 1873 ministeria
801 1832 998 1873 ordinata
1030 1833 1073 1873 in
1098 1833 1314 1875 Ecclesiae
1336 1834 1560 1876 utilitatem
1583 1835 1747 1877 tamdiu
1770 1836 1925 1879 durare

185 1902 352 1951 debent,
375 1903 577 1955 quamdiu
600 1908 747 1944 manet
769 1902 977 1950 Ecclesia3
1008 1916 1120 1953 nam,
1142 1909 1189 1945 ut
1211 1905 1270 1945 ait
1292 1906 1633 1957 Augustinus
1655 1918 1778 1948 serm.
1803 1920 1877 1949 seu
1898 1909 1922 1951 l.

185 1973 236 2014 de
257 1978 364 2026 past.
386 1986 420 2014 c.
447 1977 482 2021 1,
511 1974 647 2026 „quod
670 1974 889 2015 christiani
911 1987 1070 2024 sumus,
1094 1980 1266 2027 propter
1287 1988 1367 2017 nos
1390 1981 1474 2017 est:
1497 1977 1608 2029 quod
1633 1983 1775 2018 autem
1799 1991 1923 2031 prae-

183 2044 308 2096 positi
330 2057 487 2094 sumus,
511 2050 684 2097 propter
705 2057 782 2085 vos
805 2049 902 2086 est.“
953 2045 1081 2097 Atqui
1102 2047 1310 2097 primatus
1332 2047 1519 2088 maxime
1541 2047 1584 2087 in
1604 2046 1819 2089 Ecclesiae
1841 2050 1922 2090 uti-

331 2183 351 2221 1)
370 2179 420 2214 Cf.
441 2191 467 2213 s.
486 2179 559 2213 Leo
575 2189 680 2213 serm.
696 2182 717 2214 3
729 2190 758 2213 c.
771 2182 803 2214 3.
823 2179 973 2213 Patrum
995 2180 1103 2213 effata
1127 2180 1347 2213 adduximus
1358 2190 1483 2225 opusc.
1498 2182 1538 2219 X,
1551 2185 1594 2217 81
1609 2194 1665 2221 ss.,
1677 2183 1812 2226 quibus
1826 2184 1920 2219 adde

182 2231 487 2267 Colestinum
504 2242 559 2277 ep.
573 2235 617 2268 25
630 2235 717 2271 n.9;
734 2233 954 2275 Sergium
972 2234 1455 2277 CypriannmapndHard.
1471 2234 1629 2274 iI[,729;
1648 2236 1920 2272 Hadrianum

179 2285 207 2320 I.
226 2297 282 2330 ep.
310 2286 356 2320 ad
383 2286 575 2320 'Parasium
603 2285 700 2320 lecta
722 2286 760 2319 in
788 2296 891 2319 conc.
919 2286 1123 2320 nicaeno
1155 2286 1195 2320 11.
1223 2290 1292 2321 act.
1312 2290 1331 2320 2
1360 2288 1458 2332 apud
1491 2288 1740 2324 Hardouin
1760 2291 1820 2331 tv,
1846 2295 1917 2327 102.

181 2339 339 2384 Egregia
356 2349 502 2383 qnoque
519 2342 615 2378 sunt,
634 2349 728 2382 quae
748 2339 872 2372 citatis
890 2339 1010 2372 verbis
1031 2339 1168 2373 Christi
1188 2340 1320 2374 Matth.
1345 2345 1395 2379 lli,
1422 2343 1460 2375 18
1475 2354 1501 2375 s,
1521 2342 1671 2387 subjicit
1688 2342 1771 2388 Igu
1784 2345 1855 2378 ati
1868 2357 1889 2378 u
1902 2357 1917 2379 s

179 2403 235 2437 ep.
254 2392 320 2427 ΟΡ.
341 2393 385 2427 ad
405 2392 601 2427 Nicolaum
622 2393 645 2426 l.
665 2394 710 2432 «M
723 2393 735 2426 i
748 2404 783 2437 g.
806 2395 882 2433 129,
902 2395 982 2435 60):
1002 2393 1128 2431 ,Tales
1146 2393 1274 2427 beatas
1293 2403 1398 2427 voces
1422 2405 1496 2428 non
1520 2406 1566 2429 se·
1580 2389 1717 2430 undum
1733 2397 1918 2440 quandam

178 2445 307 2488 utique
324 2448 459 2478 sortem
478 2445 731 2488 apostolorum
752 2444 910 2489 principi
941 2444 1058 2478 solnm
1087 2444 1373 2488 circumscripsit
1391 2447 1428 2480 et
1445 2445 1616 2481 definivit
1632 2448 1718 2487 (Chr
1734 2455 1834 2490 stus),
1854 2450 1917 2484 sed

178 2508 244 2542 per
261 2507 342 2531 euin
363 2498 408 2532 ad
427 2508 563 2539 omnes,
583 2498 645 2541 qui
662 2499 749 2541 post
766 2496 872 2530 illum
894 2498 1091 2530 secundum
1111 2498 1231 2540 ipsum
1261 2497 1446 2532 efficiendi
1474 2504 1580 2534 eraut
1597 2502 1731 2535 summi
1750 2507 1915 2545 pastores

178 2552 215 2585 et
225 2550 445 2585 divinissimi
457 2552 624 2594 sacrique
635 2550 829 2595 pontifices
840 2550 994 2584 senioris
1010 2551 1158 2591 Romae,
1172 2552 1400 2588 transmisit:
1420 2554 1457 2587 et
1474 2552 1556 2588 ideo
1575 2555 1622 2587 ab
1640 2555 1730 2588 olim
1744 2557 1781 2588 et
1797 2556 1914 2600 pri—co

177 2605 343 2648 tempore
369 2606 408 2638 in
426 2605 560 2638 exortis
588 2603 799 2637 haereSibus
827 2607 864 2637 et
890 2604 1267 2647 praevaricationibus
1296 2605 1541 2640 eradicatores
1567 2611 1604 2641 et
1630 2606 1913 2652 interemptores

177 2657 358 2691 malorum
378 2657 614 2699 Zizanioriini,
632 2659 669 2691 et
686 2657 971 2696 tabefactorum,
999 2660 1035 2691 et
1061 2658 1211 2701 penitus
1237 2657 1495 2693 insanabiliter
1513 2662 1784 2704 aegrotantium
1804 2673 1912 2696 mem-

176 2710 336 2751 brorum,
355 2711 462 2745 multi
484 2710 673 2744 multoties
691 2710 776 2744 facti
798 2713 883 2744 sunt
903 2721 1038 2744 eorum.
1058 2711 1122 2753 qui
1142 2715 1374 2744 sanctitatem
1395 2716 1431 2746 et
1449 2724 1626 2747 >unimam
1646 2715 1910 2757 paternitatem

175 2764 277 2797 tuam
296 2763 372 2797 illic
392 2766 683 2807 praecesserunt;
712 2773 935 2796 sus-cessores
964 2762 1105 2796 scilicet
1132 2763 1312 2808 principis
1330 2765 1594 2809 apostolorum,
1621 2770 1657 2800 et
1677 2766 1776 2800 illius
1794 2767 1911 2800 zelum

175 2816 213 2850 in
231 2816 311 2856 fide,
331 2826 424 2860 qnae
443 2817 646 2851 secundum
664 2816 849 2850 christum
871 2817 924 2850 est
941 2815 1163 2851 imitantes.“
1200 2817 1295 2851 Hinc
1322 2818 1440 2862 liquet
1466 2831 1537 2862 quo
1557 2829 1663 2854 sensu
1684 2820 1794 2853 liceat
1811 2820 1908 2853 affir-

175 2879 274 2903 mare
293 2870 348 2903 vel
367 2880 500 2913 negare
519 2870 796 2914 praerogativas
814 2869 851 2903 b.
870 2870 976 2903 Petro
996 2880 1017 2902 a.
1035 2869 1179 2904 t'hiisto
1198 2870 1352 2904 collatas
1371 2872 1481 2905 fuisse
1500 2885 1523 2917 p
1536 2882 1641 2905 ers-o
1655 2884 1676 2905 n
1689 2872 1763 2906 ale
1776 2885 1801 2905 s.
1823 2872 1907 2906 Fue-

175 2924 262 2956 runt
273 2923 499 2966 personales,
514 2926 695 2967 qnatenus
706 2932 779 2956 non
792 2924 898 2955 erant
911 2932 1121 2957 communes
1135 2923 1215 2957 aliis
1229 2925 1427 2968 apostolis:
1446 2925 1595 2959 fuerunt
1606 2935 1676 2959 non
1691 2928 1907 2969 personales,

175 2976 356 3018 quatenus
383 2987 458 3009 non
489 2987 682 3010 concessae
711 2977 749 3010 in
779 2975 896 3020 ipsius
917 2975 1130 3016 utilitatem,
1162 2977 1223 3010 sed
1252 2976 1290 3010 in
1319 2978 1454 3012 bonum
1487 2979 1677 3018 Ecclesiae,
1708 2990 1826 3022 neque
1855 2979 1908 3013 ita,

174 3029 303 3063 affixae
321 3029 397 3074 ejus
417 3040 602 3073 personae.
620 3033 662 3064 ut
679 3030 886 3064 desinerent
904 3029 985 3073 ipso
1005 3030 1206 3070 moriente;
1238 3031 1422 3066 debebant
1440 3033 1537 3067 enim
1558 3041 1599 3066 ex
1619 3033 1754 3066 christi
1781 3032 1906 3066 volun-

173 3084 250 3116 tate
265 3082 423 3116 transire
441 3084 478 3116 in
497 3083 574 3128 ejus
593 3093 829 3120 successores.

315 3141 468 3174 Hurter,
489 3144 638 3175 Compend.
658 3144 814 3177 theologiae
834 3146 857 3175 Ι,
879 3145 923 3169 10,
943 3143 986 3170 ed..
1649 3148 1693 3179 '25
