2175 3382
190 139 275 176 3532
506 128 626 161 Tract.
649 126 707 160 111.
727 127 771 160 (le
792 126 962 160 tevestem.
981 125 1107 159 'rhesis
1126 125 1233 159 LXII.
1252 124 1297 159 de
1317 125 1414 159 notis
1437 125 1615 160 Ecclesiae

924 293 1097 349 eaput
1131 293 1191 339 Ν.

776 377 844 417 De
877 377 1025 417 notis
1056 375 1354 416 Ecclesiae.

313 465 409 506 315.
433 461 620 502 Ecclesia
643 460 795 501 Christi
818 458 1053 500 secundum
1076 462 1233 499 statum
1255 456 1302 498 N.
1325 456 1368 498 T.
1402 462 1466 498 est
1498 457 1724 498 multitudo
1759 457 1936 499 collecta

191 545 357 575 nomen
380 531 535 573 Christi
558 530 858 584 profitentium,
891 529 1096 582 incipiens
1128 541 1154 569 a
1186 528 1422 570 Jerusalem
1455 528 1562 582 (Act.
1600 533 1634 577 1,
1668 529 1724 584 8),
1757 528 1938 582 indeque

194 617 270 658 per
308 605 553 646 universum
587 602 791 643 mundum
815 600 1018 653 dispersa,
1053 611 1250 641 crescens
1285 611 1360 652 per
1395 611 1545 640 omnes
1578 603 1737 651 gentes,
1770 610 1940 652 semper

194 675 370 717 illustris
393 679 434 716 et
456 674 694 721 manifesta,
717 672 847 713 mixta
870 670 993 712 bonis
1015 675 1057 711 et
1079 671 1212 719 maliS,
1236 670 1378 711 electis
1402 674 1443 711 et
1465 669 1669 722 reprobis,
1692 668 1774 711 fide
1787 670 1938 725 (virtu-

195 747 326 793 tibus)
345 751 387 787 et
400 745 680 786 sacramentis
695 747 856 792 sancta,
879 741 1037 794 origine
1061 746 1102 782 et
1121 742 1392 782 successione
1407 740 1657 793 apostolica,
1672 740 1938 782 connexione

194 824 235 859 et
270 817 419 859 ordine
453 815 742 857 membrorum
774 825 872 862 una,
904 813 1126 853 duratione
1158 816 1364 864 perpetua
1387 812 1429 867 ¹).
1472 811 1769 865 Inquirendum
1791 814 1937 859 restat,

193 888 415 942 quomodo
443 886 596 927 Christi
618 885 806 926 Ecclesia
829 883 1004 935 agnosci
1027 882 1300 936 dignoscique
1323 883 1468 935 possit,
1490 887 1532 923 et
1553 882 1626 924 ubi
1650 882 1800 923 eadem
1823 882 1885 923 sit.

316 974 435 1022 Rejici
458 976 591 1010 autem
615 972 772 1009 omnino
805 970 923 1008 debet
954 968 1086 1017 opinio
1118 969 1365 1018 quorundam
1397 968 1665 1015 delirantium,
1697 968 1827 1006 nullas
1857 979 1942 1006 esse

194 1040 320 1079 notas,
344 1033 487 1082 quibus
503 1031 673 1069 Ecclesia
688 1029 831 1068 Christi
853 1041 944 1067 vera
966 1030 1071 1066 certo
1094 1028 1311 1066 innotescat
1334 1030 1374 1065 et
1387 1027 1434 1065 ab
1458 1027 1742 1065 haereticorum
1764 1027 1941 1065 coetibus

197 1102 284 1132 tuto
321 1091 515 1141 distingui
550 1090 686 1139 possit.
729 1088 803 1126 Hic
837 1088 941 1126 enim
975 1099 1082 1125 error
1116 1087 1307 1124 innititur
1341 1086 1450 1124 falsis
1481 1086 1697 1135 principiis.
1730 1086 1943 1124 Ecclesiam

195 1166 278 1191 esse
302 1151 553 1190 invisibilem.
578 1150 639 1186 vel
662 1149 800 1186 saltem
822 1147 1089 1185 necessarium
1114 1159 1192 1184 non
1216 1158 1297 1184 esse
1321 1146 1429 1183 illam
1451 1145 1606 1195 ingredi
1632 1145 1680 1183 ad
1703 1157 1943 1194 consequen-

200 1214 285 1249 dam
309 1211 487 1248 salutem.
532 1210 638 1254 Quae
681 1221 766 1245 cum
790 1207 932 1256 rejecta
963 1206 1042 1244 sint
1073 1205 1169 1243 thes.
1195 1212 1245 1246 39
1271 1207 1311 1242 et
1334 1212 1400 1250 41,
1432 1205 1623 1253 rejectum
1653 1204 1801 1242 censeri
1829 1204 1947 1242 debet

199 1273 330 1320 ipsum
353 1281 508 1319 quoque
541 1267 836 1306 consectarium.
880 1266 976 1303 Cum
1006 1266 1149 1309 autem,
1182 1268 1227 1302 ut
1258 1265 1333 1302 alia
1364 1264 1737 1312 praetermittamus,
1769 1263 1946 1301 homines

199 1330 407 1368 Ecclesiam
432 1327 596 1377 ingredi,
631 1326 780 1371 audire,
814 1325 861 1362 ab
884 1337 1006 1373 eaque
1029 1324 1168 1361 salutis
1190 1323 1318 1361 media
1337 1325 1483 1372 petere,
1517 1335 1588 1360 nec
1618 1335 1700 1360 non
1729 1322 1946 1361 haereticos

199 1394 317 1438 atque
342 1387 609 1425 schismaticos
632 1386 755 1423 vitare
778 1387 1001 1430 teneantur,
1035 1395 1170 1421 omnes
1200 1395 1290 1421 vero
1323 1385 1455 1420 coetus
1476 1382 1663 1419 haeretici
1684 1384 1804 1430 atque
1826 1382 1947 1419 schis-

198 1448 332 1486 matici
357 1460 396 1484 se
421 1459 550 1484 veram
570 1446 722 1494 jactent
744 1443 973 1481 Ecclesiam:
1006 1443 1069 1480 vel
1094 1442 1318 1480 hominibus
1341 1441 1582 1490 impossibile
1614 1441 1766 1489 aliquid
1796 1440 1947 1490 praeci-

200 1508 322 1556 pitur,
346 1506 409 1544 vel
431 1505 586 1543 admitti
610 1504 753 1541 debent
767 1505 893 1548 notae,
920 1501 1064 1551 quibus
1087 1514 1130 1538 ea
1153 1501 1308 1551 agnosci
1331 1503 1371 1537 et
1391 1501 1440 1538 ab
1461 1500 1747 1538 haereticorum
1768 1500 1944 1538 coetibus

204 1566 350 1604 secerni
372 1564 504 1613 possit.

325 1648 420 1688 316.
443 1641 732 1694 Quamobrem
767 1640 1104 1693 investigandum
1137 1644 1201 1681 est
1232 1651 1445 1692 quaenam
1477 1638 1560 1679 sint
1590 1642 1731 1688 notae,
1763 1651 1944 1692 quarum

205 1728 286 1768 ope
310 1714 483 1768 agnosci
505 1714 638 1766 possit
659 1724 763 1753 vera
785 1711 995 1759 Ecclesia,
1029 1716 1070 1752 et
1092 1711 1260 1752 cuinam
1294 1721 1344 1751 ex
1377 1713 1440 1750 tot
1462 1708 1666 1759 coetibus,
1698 1709 1769 1762 qui
1791 1708 1945 1751 Christi

205 1787 377 1828 nomine
393 1786 637 1837 gloriantur,
660 1783 755 1824 illae
770 1783 1037 1825 conveniant.
1060 1781 1325 1823 Notarum
1348 1785 1491 1822 autem
1513 1781 1687 1821 nomine
1708 1779 1946 1832 intelligun-

206 1864 274 1898 tur
296 1857 415 1909 signa
438 1860 564 1908 atque
588 1860 789 1902 tesserae,
820 1866 1001 1906 quarum
1025 1865 1106 1906 ope
1129 1852 1284 1906 aliquid
1308 1856 1398 1893 tuto
1422 1852 1597 1904 agnosci
1622 1856 1664 1892 et
1686 1850 1741 1892 ab
1764 1850 1856 1892 aliis
1878 1861 1945 1892 se-

206 1928 323 1968 cerni
345 1932 494 1980 potest.
524 1925 665 1976 Quare
689 1930 816 1966 notae
838 1924 1052 1965 Ecclesiae
1075 1928 1172 1965 sunt
1195 1923 1358 1965 externi
1381 1927 1422 1964 et
1443 1926 1745 1975 permanentes
1766 1921 1946 1963 charac-

208 2005 332 2046 teres,
364 1998 516 2051 quibus
547 1996 668 2038 facile
701 2008 803 2037 vera
835 1996 1035 2048 cognosci
1066 1999 1206 2047 potest
1226 1993 1426 2038 Ecclesia.
1469 1993 1534 2034 Ad
1565 1993 1777 2034 rationem
1803 1996 1945 2033 autem

209 2077 338 2111 notae
360 2069 479 2117 haec,
500 2072 547 2109 ut
568 2072 695 2120 patet,
718 2067 1008 2119 requiruntur:
1034 2066 1074 2109 1.
1098 2071 1144 2107 ut
1165 2066 1208 2106 in
1230 2077 1380 2106 sensus
1401 2065 1610 2113 incurrat3
1642 2064 1686 2107 2.
1720 2067 1767 2104 ut
1796 2063 1850 2104 sit
1871 2061 1947 2103 ali-

210 2153 294 2194 qua
317 2140 556 2193 proprietas
579 2138 683 2187 aliis,
710 2151 734 2179 a
758 2137 910 2191 quibus
931 2149 1000 2178 res
1023 2142 1087 2178 est
1109 2135 1401 2185 discernenda,
1433 2147 1520 2176 non
1543 2134 1802 2181 communis3
1833 2134 1875 2178 3.
1903 2137 1949 2174 ut

209 2213 260 2253 sit
288 2212 493 2265 subjecto,
516 2211 569 2252 ad
593 2210 706 2264 quod
729 2209 1048 2262 agnoscendum
1072 2208 1306 2257 adhibetur,
1328 2207 1480 2254 notior.
1499 2202 1640 2273 ww
1665 2211 1722 2242 w

328 2299 424 2338 317
450 2295 618 2337 TlleSlS
641 2293 797 2337 LXII·
838 2308 974 2341 Pura
992 2306 1237 2349 Evanyelii
1258 2294 1552 2347 praedicatio
1575 2306 1618 2337 et
1645 2302 1855 2345 lemtima
1872 2309 1949 2335 sa-

214 2371 559 2402 ‹ramentoium
587 2339 842 2402 admlno‘str
834 2367 939 2400 atio
966 2366 1129 2400 haberi
1158 2367 1391 2408 nequeunt
1421 2367 1665 2406 tamquam
1693 2364 1831 2396 notae
1855 2361 1950 2394 sive

209 2428 333 2462 solae
359 2429 450 2461 sive
473 2436 535 2468 pr
537 2428 757 2469 aoee‘puae
784 2426 1013 2460 Ecclesiae
1040 2434 1192 2460 verae.

331 2497 708 2539 Demonstratio.
745 2498 881 2536 Thesis
904 2498 1092 2535 adversus
1114 2498 1476 2546 protestantes
1498 2493 1702 2538 statuitur,
1725 2490 1797 2541 qui
1810 2503 1947 2540 quam-

212 2559 272 2595 vis
295 2562 429 2595 contra
452 2558 668 2595 socinianos
691 2558 866 2606 aliosque
898 2560 1081 2595 notarum
1112 2555 1384 2594 necessitatem
1416 2553 1640 2597 admittant,
1671 2551 1714 2588 in
1743 2550 1791 2588 iis
1819 2551 1950 2587 tamen

212 2617 520 2654 determinandis
544 2630 565 2654 a
588 2616 788 2654 catholicis
811 2617 1062 2654 dissentiunt.
1105 2616 1227 2653 Notas
1260 2616 1406 2661 autem,
1439 2624 1537 2661 quas
1559 2611 1681 2649 thesis
1703 2610 1883 2647 recenset
1912 2611 1951 2645 et

212 2678 477 2725 protestantes
500 2678 677 2720 tuentur,
701 2675 899 2725 legitimas
921 2688 1000 2713 non
1021 2687 1104 2712 esse
1126 2675 1181 2712 ita
1202 2672 1498 2722 comprobatur:

334 2732 375 2775 l.
399 2735 453 2772 De
476 2735 627 2772 ratione
650 2737 765 2772 notae
788 2737 858 2779 est,
886 2737 932 2772 ut
953 2734 1064 2772 facile
1085 2734 1211 2783 possit
1232 2731 1390 2782 agnosci
1412 2731 1579 2779 aliisque
1601 2728 1707 2766 notis
1739 2740 1818 2765 non
1847 2726 1951 2763 indi-

214 2797 314 2844 geat,
341 2794 487 2842 quibus
510 2797 776 2843 cognoscatur.
819 2794 942 2842 Atqui
974 2794 1173 2831 doctrinae
1195 2792 1351 2837 veritas,
1384 2802 1473 2828 cum
1495 2800 1628 2827 omnes
1649 2785 1838 2825 haeretici
1868 2798 1951 2823 eam

216 2853 290 2891 sibi
311 2852 525 2898 vindicent,
559 2852 721 2902 cognitu
742 2852 906 2890 relative
928 2855 968 2889 et
989 2853 1168 2890 absolute
1201 2853 1262 2889 est
1292 2849 1476 2894 difficilis,
1509 2846 1739 2897 praesertim
1772 2844 1951 2888 rudibus,

214 2912 401 2961 notisque
423 2915 512 2962 eget
533 2911 635 2956 aliis,
660 2914 706 2948 ut
727 2911 852 2960 possit
873 2911 1063 2961 cognosci.
1106 2911 1209 2960 Ergo
1231 2908 1373 2958 nequit
1394 2919 1477 2945 esse
1499 2908 1601 2946 nota.

362 3048 384 3085 ¹)
404 3043 460 3077 Ita.
478 3042 679 3077 Ecclesiam
700 3042 836 3076 Christi
855 3041 1027 3076 describit
1046 3041 1068 3075 S
1080 3044 1095 3075 t
1107 3041 1311 3086 apleton
1334 3040 1359 3074 ].
1378 3050 1408 3073 c.
1427 3040 1590 3073 controv.
1610 3037 1634 3071 l.
1653 3049 1687 3080 q.
1709 3041 1728 3071 5
1747 3046 1779 3074 a,
1797 3040 1826 3076 l,
1844 3045 1954 3078 quem

217 3097 262 3130 de
282 3097 378 3131 notis
396 3097 489 3131 bene
508 3096 748 3130 disserentem
768 3095 814 3129 cf.
831 3106 865 3139 q.
884 3098 907 3128 4
925 3105 958 3129 a.
977 3099 1007 3130 5.

2140 0 2175 297 ,mmm-—

2162 604 2166 611 .
2166 554 2170 561 ‚
2152 410 2175 541 ,5‘3-0-2
2159 346 2171 391 ·=.s
