2175 3382
248 145 303 184 54
518 137 638 170 'Prach
662 135 684 169 l.
707 134 882 180 Apologia
904 132 1007 178 relig.
1028 131 1152 168 christ.
1172 131 1300 165 'rhesis
1319 130 1378 164 Xl.
1399 130 1450 164 De
1469 133 1706 176 septuaginta
1772 170 1797 207 r

248 258 430 299 marium
449 254 667 309 dissipabit
685 253 866 308 populas
888 267 977 293 cum
1002 252 1104 293 duce
1128 254 1294 292 reaturo
1309 249 1536 303 (principis,
1559 252 1630 304 qui
1652 257 1855 296 venturus
1877 258 1982 310 est):

246 332 281 368 et
301 328 398 380 sinis
421 328 509 379 ejus
532 326 705 366 vastitas
727 323 838 380 ifinis
860 323 984 376 hujus
1007 320 1254 375 perditionis
1286 320 1328 360 in
1351 320 1478 361 exitio
1501 320 1811 381 inexspectato)
1835 329 1870 367 et
1888 330 1983 380 post

243 401 364 453 finem
389 398 480 440 belli
502 402 660 439 statuta
687 397 886 438 desolatio
909 395 1083 450 (bellum
1114 405 1248 446 usque
1281 393 1335 434 ad
1367 393 1677 442 exterminium,
1711 394 1764 435 ad
1796 395 1982 438 interne-

247 470 426 515 cionem,
442 469 589 510 ruinae
603 466 928 522 irreparabiles).
955 464 1223 518 Confirmabil
1239 470 1373 505 autem
1386 467 1557 517 pactum
1574 465 1710 506 multis
1725 465 1981 508 hebdomada

247 554 329 581 ana
354 541 482 597 (quae
505 544 569 582 est
590 539 828 592 subjectum
850 549 926 590 per
947 537 1336 590 prosopopoeiam),
1369 541 1403 576 et
1436 537 1479 576 in
1513 537 1685 577 alinzidio
1717 536 1983 578 hebdomadis

245 612 399 665 deficiet
421 611 481 666 (et
502 610 719 651 dimidium
742 609 867 662 hujus
889 606 1185 649 hebdomadae
1209 606 1385 656 auferet,
1407 619 1578 648 cessare
1601 606 1758 663 saciet),
1792 607 1926 649 hostia
1949 613 1982 648 et

245 682 494 735 sacrificium
513 683 560 733 ll,
583 687 617 723 et
640 682 717 722 erit
740 682 780 721 in
796 680 941 734 templo
956 679 1208 720 abominatio
1222 678 1255 722 ²l
1272 677 1536 719 desolationis
1550 679 1609 730 (et
1623 690 1750 731 super
1764 690 1982 728 cacumen,

245 753 424 801 culmen,
446 764 690 805 supremam
713 750 857 803 templi
879 755 1043 802 partem
1067 748 1398 790 abominationis
1423 753 1625 798 vastator,
1655 748 1804 801 supple
1827 749 1983 799 veniet,-

244 835 376 877 quare
398 835 548 864 sensus
571 828 653 864 est:
682 827 816 863 totum
839 821 1045 873 templum
1069 831 1202 873 usque
1227 819 1279 860 ad
1303 831 1548 872 supremam
1571 820 1662 872 ejus
1683 824 1862 872 partem,
1885 819 1981 860 inde

245 895 410 946 penitus
433 893 669 946 occupabit,
701 891 939 945 penetrabit
961 890 1226 932 abominatio
1251 889 1305 930 ab
1328 890 1430 942 ipsis
1449 889 1615 942 judaeis
1636 889 1840 942 profecta,
1872 902 1982 943 quae

245 966 322 1006 erit
344 977 474 1006 causa
498 965 749 1006 vastationis
771 963 933 1017 templi)
966 966 1003 1002 et
1034 975 1159 1017 nsque
1190 962 1247 1002 ad
1275 962 1666 1002 consummationem
1689 965 1725 1001 et
1745 960 1867 1014 finem
1888 974 1981 1016 per-

242 1036 440 1077 severabit
461 1036 654 1077 desolatio
686 1039 744 1087 (et
773 1034 944 1088 quidem
976 1045 1109 1086 usque
1143 1032 1197 1073 ad
1230 1032 1488 1085 completum
1511 1031 1627 1085 pluet
1650 1031 1806 1084 pluvia,
1837 1032 1981 1086 utique

243 1107 424 1159 analoga
446 1107 513 1156 illi,
537 1119 664 1160 quam
688 1106 798 1147 Deus
820 1106 964 1158 pluere
987 1104 1084 1146 fecit
1106 1103 1209 1145 Gen.
1237 1107 1302 1152 19,
1327 1107 1395 1152 37,
1419 1115 1547 1155 super
1570 1101 1807 1144 Sodomam
1829 1108 1871 1144 et
1893 1101 1980 1144 Go-

243 1177 472 1225 morrham,
495 1176 581 1221 scil.
605 1189 738 1230 usque
762 1177 816 1217 ad
838 1176 1005 1218 ruinam
1029 1180 1070 1216 et
1091 1175 1428 1216 internecionem
1450 1173 1800 1229 irreparabilem).

363 1270 428 1304 47.
463 1264 662 1302 Hactenus
683 1263 857 1300 Danielis
880 1261 1123 1300 vaticinium.
1166 1263 1391 1309 Antequam
1414 1260 1675 1298 instituamus
1707 1262 1980 1309 argumentum

365 1321 404 1363 1.
441 1323 697 1361 evincendum
732 1324 792 1360 est
822 1322 923 1359 illud
956 1333 1039 1359 esse
1075 1321 1315 1358 messianum.
1359 1319 1469 1364 Quod
1503 1320 1704 1369 colligitur
1734 1329 1776 1359 a.
1809 1332 1854 1357 ex
1885 1319 1982 1368 ipsis

242 1382 391 1426 verbis3
415 1383 462 1419 de
485 1395 528 1420 eo
552 1383 654 1420 enim
675 1384 851 1430 tempore
873 1383 932 1418 est
945 1393 1080 1425 sermo,
1105 1392 1182 1428 quo
1197 1378 1534 1417 consummabitur
1546 1378 1841 1428 praevaricatio,
1864 1377 1982 1416 finem

241 1441 405 1490 accipiet
427 1445 640 1490 peccatum,
665 1441 862 1478 delebitur
883 1440 1085 1488 iniquitas,
1117 1439 1335 1476 adducetur
1351 1438 1520 1487 justitia,
1552 1438 1783 1487 implebitur
1813 1437 1912 1475 visio
1943 1440 1982 1474 et

241 1501 458 1549 prophetia,
491 1514 638 1538 novum
669 1500 974 1549 inaugurabitur
994 1498 1151 1536 foedus:
1185 1511 1283 1546 quae
1314 1498 1354 1534 in
1377 1497 1514 1546 primis
1536 1497 1739 1534 efficienda
1768 1499 1882 1534 erant
1910 1509 1982 1546 per

238 1559 441 1605 Messiam;
465 1560 506 1596 hi
528 1560 633 1597 enim
654 1559 818 1596 maxime
840 1559 994 1596 fructus
1017 1571 1061 1595 ex
1084 1558 1168 1606 ejus
1189 1557 1362 1594 adventu
1384 1556 1578 1605 sperandi,
1603 1557 1695 1594 haec
1717 1555 1877 1605 propria
1896 1556 1981 1605 ejus

238 1631 410 1655 munera.
453 1619 713 1656 Confirmatur
735 1617 781 1659 b.
806 1618 1039 1655 auctoritate
1062 1620 1241 1654 veterum
1263 1616 1520 1653 rabbinorum
1538 1613 1586 1667 3).
1623 1615 1786 1653 Accedit
1810 1624 1851 1655 c.
1877 1615 1981 1663 quoti

236 1773 339 1807 ribus
358 1782 569 1819 assumptus
588 1775 652 1808 est.
674 1774 919 1817 Hieronymus
936 1772 1064 1817 procul
1083 1771 1195 1805 ‹lubio
1214 1772 1383 1812 verterat,
1407 1773 1448 1804 ut
1462 1771 1573 1805 habet
1588 1771 1713 1804 textus
1729 1769 1978 1804 masoreticus:

237 1832 268 1861 et
292 1839 361 1861 non
388 1829 452 1860 erit
479 1828 561 1869 ejus.
595 1827 708 1860 Porro
735 1826 857 1860 notari
884 1826 954 1860 hoc
980 1826 1060 1859 loco
1088 1825 1198 1858 debet
1226 1824 1336 1858 lectio
1363 1824 1510 1857 varians
1538 1822 1897 1857 Theodotionis
1924 1824 1982 1857 wi

236 1881 338 1927 apim
349 1880 410 1914 οὖν.
419 1880 501 1914 {zv-v
510 1882 540 1914 ἐν
551 1880 653 1925 αὒτῷ.
668 1880 751 1914 Jam
765 1891 850 1914 vero
863 1880 951 1913 haec
962 1879 1084 1918 lectio,
1097 1878 1154 1912 cui
1166 1877 1443 1922 adstipulantur
1455 1877 1636 1911 versiones
1649 1887 1793 1920 quoque
1805 1877 1980 1919 antiquae

237 1933 363 1968 itala
378 1961 386 1974 ‚
414 1936 631 1978 coptica.
661 1943 867 1969 armena.
895 1932 1180 1977 aethiopica
1196 1958 1203 1971 ‚
1229 1931 1433 1966 arabica
1459 1930 1592 1965 lectori
1619 1929 1792 1974 prudenti
1812 1929 1982 1973 suggerit

238 1987 359 2020 ideam
377 1988 500 2021 textus
517 1987 728 2021 masoretiei
747 1986 920 2025 mutilati.
939 1986 1061 2031 ipsum
1077 1996 1163 2020 vero
1178 1987 1321 2020 textum
1338 1983 1559 2029 originalem
1575 1983 1776 2027 aliquando
1791 1984 1860 2017 hoc
1873 1981 1980 2016 modo

239 2040 608 2084 sonuissejikkareth
627 2041 786 2074 masi-²011
803 2041 903 2074 v·³'en
921 2051 941 2073 a
954 2051 975 2072 v
987 2050 1005 2074 e
1017 2052 1041 2073 n
1058 2039 1094 2073 lo
1117 2040 1138 2074 i.
1161 2049 1190 2072 0.
1210 2039 1397 2072 occidetur
1415 2038 1582 2073 Christus
1594 2042 1630 2072 et
1642 2048 1717 2072 non
1729 2038 1784 2071 est
1798 2037 1980 2080 iniquitas

236 2095 378 2140 (ἀνομία,
396 2094 517 2139 ἀδικία.)
535 2095 574 2128 in
592 2104 632 2128 eo
653 2094 735 2139 ‹etsi
753 2093 933 2137 iniquitas
951 2105 1026 2128 11011
1045 2096 1100 2127 est
1118 2094 1154 2127 in
1175 2098 1242 2134 eo).
1279 2092 1354 2134 Qua
1386 2092 1547 2126 lectione
1568 2091 1652 2136 jure
1670 2090 1865 2135 supposita
1881 2089 1980 2124 illico

237 2149 401 2192 apparet,
423 2150 670 2193 acceptionem
693 2149 730 2182 et-
746 2148 1091 2191 interpretationem
1109 2146 1327 2180 messian-am
1343 2144 1510 2179 vaticinii
1524 2143 1640 2178 solam
1656 2153 1734 2177 esse
1747 2154 1884 2183 veram,
1898 2153 1981 2178 1100-

236 2210 311 2234 non
322 2200 528 2235 similitudo
542 2201 670 2235 uncti
685 2200 858 2234 danielici
871 2210 952 2233 cum
966 2210 1068 2233 servo
1083 2199 1228 2233 Domini
1242 2198 1340 2243 apud
1354 2198 1589 2238 1301010053,
1601 2196 1752 2241 ejusque
1762 2196 1980 2230 innocentia

237 2254 454 2297 personalis.
473 2253 525 2288 Cf.
540 2254 567 2287 F
577 2253 698 2287 elten
714 2253 782 2287 Ein
795 2252 1043 2297 exegetisches
1056 2251 1208 2286 Rathsel
1220 2250 1282 2285 (les
1294 2253 1335 2285 A.
1350 2251 1389 2285 T.
1400 2250 1438 2285 in
1450 2249 1540 2284 Tnb.
1553 2248 1709 2290 Qtlschr.
1727 2250 1813 2283 1892
1830 2259 1889 2292 pg.
1899 2250 1980 2284 355-

384 2310 407 2347 ¹)
427 2305 525 2346 Haec
543 2317 615 2340 uon
633 2306 838 2340 necessario
857 2304 1021 2350 intelligi
1040 2303 1176 2338 debent
1195 2303 1239 2338 de
1253 2303 1507 2348 abrogationis
1525 2302 1632 2340 facto,
1652 2302 1756 2346 quasi
1772 2301 1894 2345 reipsa
1908 2303 1979 2336 sta-

238 2359 303 2392 tim
325 2360 548 2394 cessaverint
561 2360 750 2401 sacrificia,
770 2361 831 2393 sed
851 2358 896 2393 de
915 2357 1159 2403 abrogatione
1173 2358 1186 2402 j
1200 2369 1224 2391 u
1235 2358 1276 2390 ri
1287 2362 1309 2390 (ι
1322 2356 1334 2390 1
1346 2368 1363 2390 c
1375 2367 1394 2389 0
1415 2360 1450 2390 et
1469 2355 1511 2390 le
1522 2368 1546 2401 g
1557 2367 1579 2390 a
1590 2355 1602 2389 1
1612 2356 1635 2396 i,
1652 2356 1687 2389 vi
1706 2355 1808 2400 cujus
1821 2355 1917 2389 Deus
1931 2355 1978 2389 ab

213 2426 216 2428 ·
237 2421 278 2446 eo
296 2414 462 2457 tempore
480 2424 554 2447 non
573 2413 731 2458 amplius
749 2413 878 2446 eadem
898 2411 1143 2456 acceptaverit
1169 2410 1437 2454 amiserintque
1466 2408 1643 2443 sacrificia
1664 2409 1815 2454 judaica
1831 2418 1977 2443 omnem

236 2465 417 2500 rationem
437 2468 547 2510 atque
565 2469 727 2511 pretium
754 2466 875 2500 cultus
904 2465 1082 2510 religiosi.
1118 2464 1171 2498 Cf.
1199 2463 1262 2498 Eu
1274 2475 1289 2497 s
1301 2474 1319 2497 e
1331 2463 1440 2497 bius
1458 2462 1480 2497 l.
1502 2473 1529 2496 c.
1548 2473 1634 2508 pag.
1655 2465 1724 2498 630
1742 2463 1796 2497 ed.
1816 2463 1946 2507 Mign
1958 2473 1977 2496 e

235 2520 264 2552 t.
283 2521 327 2553 22
347 2520 479 2564 patrol.
498 2532 552 2564 gr.
572 2520 721 2553 Palmi
737 2519 802 2553 eri
832 2519 957 2552 tamen
985 2520 1025 2552 in
1053 2529 1118 2552 suo
1146 2517 1294 2562 egregio
1323 2517 1519 2550 comment.
1554 2518 1592 2550 in
1611 2517 1646 2550 11.
1665 2516 1688 2550 1.
1708 2517 1760 2558 (in
1779 2516 1978 2560 specimine

237 2572 362 2605 critico
381 2582 480 2617 exeg.
501 2574 545 2606 de
563 2572 720 2607 veritate
738 2572 916 2606 historica
934 2572 959 2606 1.
978 2571 1111 2606 Judith
1129 2571 1285 2614 aliisque
1303 2581 1347 2604 ss.
1367 2569 1498 2613 Script.
1519 2569 1622 2615 locis)
1641 2573 1764 2603 censet
1781 2569 1877 2603 hanc
1891 2568 1976 2603 heb-

237 2625 617 2660 domadamincidisse
636 2626 674 2659 in
692 2627 810 2670 ipsam
828 2625 1117 2659 destructionem
1135 2624 1236 2658 urbis
1255 2626 1290 2658 et
1304 2624 1447 2667 templi,
1465 2634 1538 2667 qua
1555 2633 1680 2658 revera
1698 2624 1846 2668 penitus
1864 2633 1978 2656 cessa-

235 2679 291 2712 vit
308 2679 431 2712 hostia-
449 2682 484 2712 et
504 2679 731 2713 sacrificium.

381 2732 408 2777 2)
426 2731 494 2765 Η10
513 2734 785 2767 abominationis
802 2732 953 2766 nomine
971 2732 1131 2765 maxime
1151 2731 1378 2776 significanti
1393 2743 1411 2764 1·
1423 2731 1645 2776 judaeorum
1671 2729 1819 2770 scelera,
1844 2730 1978 2774 quibus

235 2785 416 2829 templum
435 2785 557 2829 ipsum
574 2785 784 2829 polluerant
799 2798 807 2825 ;
825 2796 937 2829 quare
956 2785 1051 2818 sicut
1068 2785 1218 2818 illorum
1238 2784 1375 2818 scelera
1393 2795 1428 2818 et
1441 2783 1735 2818 abominationes
1751 2793 1859 2817 causa
1873 2784 1979 2817 erant

235 2838 496 2872 destructionis
514 2838 645 2882 prioris
663 2838 795 2882 templi
810 2842 829 2872 2
845 2839 933 2883 Reg.
950 2841 1004 2878 21,
1022 2841 1042 2872 2
1057 2849 1115 2877 ss.
1132 2838 1263 2872 Jerem.
1278 2839 1310 2878 7,
1330 2837 1458 2871 Ezech.
1476 2842 1507 2878 5,
1527 2840 1565 2870 11
1582 2838 1664 2876 etc„
1683 2837 1735 2870 ita
1751 2846 1857 2870 causa
1872 2839 1978 2870 erant

235 2891 414 2925 secundae
431 2890 660 2924 vastationis.
677 2889 790 2931 Quam
812 2891 858 2925 ob
876 2902 953 2925 rem
968 2890 1134 2925 Christus
1148 2890 1347 2935 respiciens
1362 2892 1407 2924 ad
1422 2889 1586 2924 Danielis
1599 2888 1831 2923 vaticinium.
1846 2889 1978 2934 templi

235 2944 549 2978 abominationem
577 2944 726 2978 exhibet
752 2946 794 2977 ut
823 2944 971 2989 signum
996 2945 1170 2978 instantis
1198 2944 1438 2978 desolationis
1464 2942 1597 2976 Matth.
1618 2945 1673 2982 24,
1694 2946 1736 2976 15
1757 2954 1782 2978 s.
1812 2943 1848 2975 et
1865 2941 1977 2976 Marc.

239 3000 291 3038 13,
314 3001 365 3038 14,
385 3007 457 3041 quo
476 2996 602 3031 fideles
621 2999 867 3037 monerentur,
887 3001 927 3030 ut
946 2997 1016 3030 sibi
1034 3007 1101 3041 per
1118 2998 1247 3041 fugam
1265 2997 1508 3031 consulerent.

379 3050 405 3094 3)
424 3050 476 3083 Cf.
497 3061 624 3084 eorum
639 3049 851 3083 testimonia
870 3060 928 3094 ap.
948 3049 1076 3091 Καρ-111.
1095 3050 1131 3083 Μ
1143 3049 1300 3083 artini
1324 3049 1362 3083 in
1379 3049 1544 3093 pugione
1562 3047 1645 3082 fidei
1665 3050 1760 3092 part.
1777 3052 1796 3082 2
1813 3059 1840 3083 c.
1855 3051 1876 3083 3
1891 3051 1907 3089 ἓ
1927 3049 1968 3082 16

234 3105 270 3137 et
290 3103 311 3136 S
324 3103 374 3136 ch
389 3113 409 3135 0
421 3104 491 3136 ett
503 3113 556 3148 ge
568 3103 649 3137 niu
663 3115 698 3136 m
716 3102 826 3136 horae
845 3102 945 3137 hebr.
966 3102 1007 3143 [1,
1026 3105 1095 3137 263
1115 3114 1160 3137 ss.
