2175 3382
264 62 342 101 143ss
762 52 878 88 'Pi-aiot.
901 53 942 87 [l.
963 53 1013 88 Dt-
1030 53 1242 87 traditione.
1262 52 1344 86 Nou
1363 53 1482 87 omnin

374 175 417 216 4.
451 173 563 213 Idem
596 173 750 213 evincit
781 177 961 213 conatus
993 172 1183 213 omnium
1216 171 1301 212 fere
1337 171 1661 220 haereticorum,
1697 172 1767 224 qui
1803 172 1994 213 nituntur

257 256 357 285 suos
374 243 556 296 probare
573 255 739 285 errores
754 255 804 285 ex
819 255 944 285 sacra
958 241 1192 296 Scriptura,
1208 255 1293 283 non
1312 254 1362 284 ex
1378 243 1498 283 novis
1514 241 1856 283 revelationibus.
1878 240 1992 284 Sane

375 316 417 359 5.
441 313 631 356 Christus
653 315 763 355 sicut
785 319 848 355 est
869 314 1112 367 redemptor
1136 318 1295 363 noster,
1327 314 1384 354 ita
1408 318 1449 354 et
1471 313 1673 366 magister
1694 318 1859 354 noster:
1891 325 1992 354 nam

257 386 348 438 ejus
371 386 658 438 magisterium
681 398 767 426 non
790 390 853 426 est
876 386 954 425 nisi
977 385 1133 426 functio
1149 384 1358 438 quaedam
1376 385 1506 437 ipsius
1529 383 1843 436 redemptionis.
1876 382 1994 425 Sicut

257 468 356 509 ergo
379 457 487 497 haec
509 456 695 509 perfecta
717 456 826 497 adeo
849 461 924 505 est,
956 461 1002 496 ut
1033 456 1114 496 alia
1139 455 1251 496 nulla
1276 456 1328 496 sit
1352 454 1639 507 exspectanda
1662 466 1741 496 nec
1762 454 1891 495 ullum
1916 454 1993 496 ad-

258 528 396 568 mittat
426 527 683 580 objectivum
710 528 1040 568 incrementum:
1078 527 1134 567 ita
1167 531 1207 567 et
1239 526 1440 567 revelatio
1465 525 1631 567 Christo
1656 526 1858 577 magistro
1882 524 1994 566 sacta

257 598 453 639 absoluta
475 598 583 639 adeo
607 602 681 643 est,
703 602 749 638 ut
770 596 883 638 nulla
907 597 989 637 alia
1012 597 1065 637 sit
1087 597 1374 649 exspectanda
1390 596 1588 649 nulloque
1611 597 1873 637 incremento
1897 607 1992 648 per-

257 669 420 710 ficiatur
440 669 481 724 ¹).
516 668 621 709 Hinc
644 673 689 708 ut
711 667 836 720 plena
859 672 900 708 et
922 667 1118 708 absoluta
1141 668 1368 720 opponitur
1390 666 1719 708 revelationibus
1743 666 1992 719 partialibus

257 740 559 793 prophetarum
585 738 630 779 V.
653 739 697 779 T.
722 738 845 779 Hebr.
874 743 907 788 1,
935 744 968 782 1.

378 826 471 866 149.
495 822 721 866 Scholion
744 822 784 864 Ι.
818 820 944 862 Thesi
966 825 1150 861 statutae
1177 820 1424 873 subjicimus
1448 820 1655 874 quasdam
1679 821 1993 873 propositiones

257 906 332 935 seu
354 893 570 946 principia.
599 905 682 945 quo
706 892 855 933 melius
879 903 1158 944 assequamur
1180 891 1509 944 praedicationis
1532 891 1847 933 ecclesiasticae
1870 891 1992 933 indo-

256 964 338 1005 lem
353 964 675 1016 traditionisque
691 963 988 1004 oeconomiam
1003 974 1171 1004 necnon
1194 966 1234 1003 et
1258 974 1320 1011 ea,
1343 974 1452 1015 quae
1475 966 1670 1015 spectant
1691 962 1745 1003 ad
1767 962 1988 1004 historiam

257 1035 514 1088 dogmatum.
566 1033 712 1087 Neque
747 1034 859 1075 enim
900 1045 948 1075 ex
985 1045 1056 1083 eo,
1091 1033 1205 1087 quod
1240 1032 1315 1074 fuit
1349 1033 1580 1074 christiana
1614 1033 1817 1075 revelatio
1854 1038 1991 1075 morte

257 1105 549 1158 apostolorum
581 1105 791 1158 completa
823 1110 1044 1158 totumque
1078 1104 1350 1146 revelationis
1381 1104 1621 1157 depositum
1645 1104 1858 1147 Ecclesiae
1889 1117 1992 1146 con-

257 1178 478 1229 signatum,
510 1178 794 1230 consequitur,
827 1189 976 1218 omnes
1008 1177 1208 1217 veritates
1241 1176 1450 1217 revelatas
1473 1176 1556 1216 hoc
1579 1175 1773 1229 deposito
1797 1187 1993 1228 compre-

255 1248 413 1289 hensas
436 1260 603 1301 semper
626 1247 792 1301 aequali
815 1248 942 1288 modo
975 1248 1018 1287 in
1049 1247 1248 1288 universa
1271 1246 1459 1288 Ecclesia
1482 1246 1610 1288 fuisse
1632 1246 1923 1300 promulgatas
1952 1251 1992 1288 et

257 1320 311 1361 ab
335 1320 531 1361 omnibus
555 1320 706 1361 eodem
730 1319 856 1360 modo
881 1319 1075 1360 creditas.
1119 1317 1260 1369 Quare
1283 1318 1513 1359 tenendum
1537 1323 1599 1359 est

378 1391 418 1434 l.
442 1404 525 1431 non
546 1392 686 1432 omnia
711 1390 886 1431 ›ez-elata
911 1391 1094 1452 63:inae
1115 1403 1196 1431 esse
1218 1390 1435 1430 credenda.
1472 1389 1583 1429 Inter
1606 1390 1806 1430 veritates
1829 1389 1994 1430 revela-

255 1467 321 1503 tas
339 1465 504 1503 ratione
520 1462 687 1515 quidem
705 1461 860 1514 objecti
882 1473 957 1502 seu
980 1461 1170 1510 motrvj
1193 1460 1393 1509 formalis,
1416 1465 1590 1513 propter
1613 1460 1725 1513 quod
1747 1460 1833 1501 scil.
1857 1460 1994 1501 credi-

256 1546 363 1583 mus,
385 1533 546 1574 nullum
569 1538 632 1574 est
654 1533 715 1574 dis
699 1533 893 1582 crimen,
911 1544 1008 1573 cum
1029 1532 1073 1572 in
1095 1531 1293 1573 omnibus
1316 1531 1428 1598 idem
1451 1531 1503 1571 sit
1526 1531 1744 1572 motivum.
1761 1531 2005 1572 auctoritas-

254 1605 339 1645 scil
364 1604 437 1645 Dei
460 1604 689 1657 loquentis:
722 1608 867 1644 tamen
888 1605 998 1644 inter
1020 1603 1192 1656 objecta
1216 1608 1357 1651 mate
1370 1602 1535 1648 rialia
1559 1614 1635 1643 seu
1656 1602 1771 1655 ipsas
1793 1603 1994 1643 veritates

255 1675 489 1737 credendas
504 1680 566 1716 est
581 1675 752 1728 aliquod
767 1675 991 1716 discrimen
971 1679 1238 1744 AQJEEQUS
1253 1674 1545 1714 necessarium
1568 1686 1655 1714 non
1679 1679 1754 1722 est,
1775 1678 1822 1715 ut
1844 1685 1994 1715 omnes

255 1747 489 1799 aequaliter
511 1746 565 1787 ab
589 1745 786 1787 omnibus
809 1746 1038 1787 credantur
1059 1745 1139 1786 fide
1163 1757 1223 1802 eg<
1237 1745 1442 1809 plicita.
1466 1743 1587 1795 Quod
1610 1749 1728 1797 patet
1750 1756 1801 1785 ex
1822 1744 1993 1785 univer-

255 1818 332 1859 sali
354 1818 482 1858 totius
504 1817 717 1858 Ecclesiae
740 1817 871 1869 praxi,
895 1828 1004 1869 quae
1027 1829 1113 1857 non
1136 1816 1190 1857 ab
1214 1800 1413 1857 omnibus
1436 1817 1627 1857 omnium
1650 1814 1776 1857 fidem
1799 1814 1995 1868 exigebat

255 1888 507 1941 explicitam,
538 1888 612 1929 sed
644 1900 720 1940 pro
752 1888 958 1928 varietate
972 1888 1150 1930 aetatis
1173 1887 1440 1938 conditionis,
1474 1886 1760 1944 institutionis.
1793 1886 1992 1946 milpssl'iS’

253 1960 520 2000 necessitatis
543 1964 620 2000 etc
651 1959 779 2000 modo
807 1959 1000 2011 plurium,
1032 1958 1160 1999 modo
1187 1958 1447 2010 pauciorum
1492 1940 1648 2010 Ecquis
1665 1958 1820 2009 exigat,
1850 1939 1993 1998 uffin-

254 2029 346 2070 fans
377 2034 441 2070 tot
470 2041 539 2070 res
571 2030 764 2082 explicite
794 2034 949 2077 teneat,
982 2035 1084 2082 quot
1107 2030 1344 2082 episcopus,
1377 2029 1445 2081 qui
1479 2029 1718 2078 doctor-est
1740 2028 1875 2081 gregis
1897 2028 1992 2069 sui‘?

255 2101 414 2142 Idcirco
428 2100 617 2142 Ecclesia
640 2105 840 2142 contenta
863 2106 966 2149 erat,
989 2101 1024 2141 si
1045 2100 1237 2141 rudiores
1252 2099 1492 2152 symbolum
1507 2099 1806 2151 profiterentur
1819 2103 1993 2151 aposto-

254 2171 394 2217 licum.
427 2172 589 2225 reliqua
620 2184 707 2213 non
728 2176 943 2224 negarent,
974 2171 1049 2213 sed
1070 2171 1270 2224 implicite
1293 2170 1525 2219 crederent,
1558 2171 1696 2222 parati
1726 2182 1803 2222 pro
1837 2181 1992 2222 oppor-

254 2243 432 2284 tunitate
454 2242 519 2284 vel
540 2244 795 2284 necessitate
818 2255 870 2284 ea
892 2244 1021 2284 etiam
1044 2242 1238 2294 explicite
1263 2241 1461 2294 profiteri.
1504 2240 1549 2282 Si
1571 2246 1715 2282 autem
1736 2253 1825 2282 non
1847 2240 1992 2282 omnia

255 2324 305 2353 ex
329 2325 465 2366 aequo
489 2326 656 2367 semper
678 2319 719 2355 et
741 2313 795 2355 ab
818 2313 1015 2355 omnibus
1037 2318 1135 2355 sunt
1157 2313 1380 2361 credenda,
1403 2312 1591 2365 sequitur
1613 2317 1768 2364 sponte
1794 2323 1876 2352 sua

371 2385 414 2428 2.
449 2398 526 2426 non
560 2387 697 2426 omnia
731 2386 864 2426 eodem
900 2386 1015 2426 modo
1047 2386 1272 2426 traditione
1295 2385 1505 2425 contineri.
1548 2382 1667 2434 Quae
1706 2382 1760 2424 ab
1793 2381 1993 2423 omnibus

254 2455 445 2497 fidelibus
460 2456 652 2508 explicite
674 2461 773 2498 sunt
795 2456 1018 2505 credenda,
1041 2456 1132 2496 sine
1155 2455 1283 2496 dubio
1306 2455 1348 2495 in
1372 2454 1608 2507 apostolica
1625 2454 1818 2495 doctrina
1842 2457 1884 2494 et
1906 2457 1992 2493 tra-

255 2526 413 2568 ditione
436 2527 764 2568 continebantur
786 2528 935 2580 quavis
957 2532 1098 2568 aetate
1121 2526 1328 2578 explicite,
1361 2525 1486 2574 clare,
1520 2529 1726 2578 quantum
1753 2529 1993 2577 temporum

254 2596 454 2649 adjuncta
476 2598 758 2650 postulabant,
782 2603 822 2639 et
845 2598 1000 2639 diserte
1022 2598 1061 2638 h.
1085 2610 1119 2638 e.
1142 2597 1329 2649 diligenti
1352 2601 1393 2637 et
1415 2600 1619 2637 accurata
1641 2593 1994 2648 proponebantur

253 2668 580 2720 praedicatione.
605 2668 762 2710 Contra
782 2681 883 2710 vero
906 2670 1016 2710 inter
1038 2681 1101 2717 ea,
1125 2680 1235 2721 quae
1260 2668 1315 2709 ad
1337 2667 1657 2720 explicatiorem
1672 2665 1991 2717 intelligentiam

254 2743 295 2780 et
316 2739 561 2780 ulteriorem
575 2739 907 2780 declarationem
930 2739 1027 2780 fidei
1049 2738 1286 2791 obJ'ectivae
1309 2738 1532 2790 pertinent,
1556 2747 1750 2790 quaeque
1766 2740 1994 2788 propterea

400 2856 425 2900 ι)
444 2855 499 2888 Ad
518 2866 594 2889 rem
613 2856 639 2889 T
651 2856 674 2889 h
686 2866 705 2889 0
718 2868 754 2889 in
766 2867 785 2890 a
798 2868 813 2890 s
831 2856 1027 2890 waldensis
1041 2856 1064 2890 l.
1081 2859 1100 2890 2
1116 2854 1331 2890 doctrinalis
1350 2854 1437 2889 fidei
1456 2855 1553 2888 cath.
1572 2864 1603 2887 c.
1622 2855 1667 2887 22
1680 2866 1714 2887 n.
1732 2856 1772 2887 2:
1793 2851 1906 2891 ‚Cum
1924 2851 1990 2885 Ec-

255 2909 367 2943 clesia
381 2909 457 2953 jam
479 2909 634 2942 creverit
651 2909 689 2942 in
708 2908 828 2942 virum
846 2910 1058 2953 perfectum,
1078 2908 1248 2952 quamvis
1266 2909 1311 2942 sit
1331 2919 1446 2952 aeque
1458 2908 1593 2952 potens
1608 2908 1648 2940 ut
1662 2906 1762 2950 olim,
1778 2917 1852 2939 non
1864 2906 1992 2939 tamen

256 2962 366 2996 datur
384 2963 418 2996 ei
436 2972 595 2996 creseere
613 2963 655 2996 ut
672 2962 760 2996 olim
780 2964 876 3007 (cum
893 2963 971 2997 scil.
988 2962 1061 2996 fuit.
1077 2964 1116 2996 in
1134 2963 1233 2996 statu
1261 2961 1426 2995 infantili
1453 2960 1709 3005 synagogae).‘
1748 2958 1802 2992 Cf.
1831 2958 1861 2991 Κ
1873 2958 1885 2992 l
1898 2968 1916 2993 e
1928 2969 1952 2991 u
1961 2960 1992 2991 t-

254 3026 343 3058 gen
363 3023 387 3049 t.
406 3015 472 3049 ult.
493 3015 579 3049 diss.
599 3017 620 3049 6
639 3026 667 3048 c.
691 3019 704 3049 1
726 3015 746 3060 g
765 3018 796 3049 3.
