2175 3382
220 140 304 175 3354.
613 130 731 163 Tract.
754 129 812 162 111.
832 130 876 161 (le
894 128 1069 172 primatu.
1087 126 1215 160 'rhesis
1235 125 1393 160 LXVIII.
1414 125 1566 158 Factum

219 256 268 292 ad
291 256 462 294 Petrum,
489 252 619 300 inquit
641 265 698 300 ep.
731 258 790 293 14,
825 255 904 288 tam
941 252 1123 298 frequens
1150 248 1301 286 Domini
1333 259 1457 284 sermo
1489 247 1704 296 dirigitur?
1738 245 1960 295 Numquid—

222 327 309 351 nam
334 312 477 361 reliqui
499 311 623 348 sancti
647 314 686 347 et
709 310 813 347 beati
837 309 1003 358 apostoli
1035 321 1112 345 non
1145 311 1255 344 erant
1287 306 1404 344 simili
1440 306 1587 343 virtute
1619 305 1836 342 succincti?
1867 304 1962 349 Quis

222 375 292 410 hoc
315 371 457 409 audeat
480 370 672 408 affirmare
685 374 702 406 ’ἓ
727 369 800 406 Sed
824 372 867 406 ut
891 369 1016 416 capite
1040 367 1257 405 constituto
1280 365 1501 403 schismatis
1523 365 1731 401 tolleretur
1743 363 1900 410 occasio,
1923 365 1964 401 et

222 445 298 469 una
322 432 607 467 monstraretur
639 440 826 477 compago
859 427 1031 476 corporis
1065 425 1218 466 Christi.
1254 437 1352 473 quae
1384 424 1430 461 ad
1464 436 1588 461 unum
1620 425 1739 472 caput
1769 422 1964 472 gloriosis-

222 492 320 528 sima
343 489 563 527 dilectionis
587 488 772 525 societate
795 493 1056 529 concurreret,
1090 489 1128 522 et
1150 497 1227 522 una
1259 486 1359 521 esset
1382 482 1564 526 Ecclesia,
1597 482 1660 520 cui
1682 481 1852 519 fideliter
1881 493 1963 519 cre-

224 551 395 587 deretur.
431 560 586 595 unaque
610 547 747 584 domus
780 546 901 583 unius
926 545 1079 582 Domini
1113 548 1151 581 et
1182 543 1299 580 unius
1330 542 1598 591 redemptoris,
1629 541 1670 578 iu
1700 553 1778 589 qua
1808 540 1855 578 de
1885 552 1964 578 uno

223 622 320 657 pane
353 612 391 645 et
415 607 461 644 de
495 618 572 643 uno
607 606 723 642 calice
757 605 1000 641 nutriremur
1033 602 1193 654 (1.Cor.
1224 610 1284 642 10.
1328 609 1372 641 16
1399 598 1485 652 S.).·¹
1531 599 1682 644 Quibus
1713 599 1967 648 praeiverunt

224 682 251 708 s.
277 667 500 717 Cyprian
515 678 570 702 us
594 665 634 701 in
658 677 774 701 aureo
798 663 931 700 libello
954 663 1000 700 de
1023 662 1176 699 unitate
1199 662 1298 698 Eccl.
1322 674 1360 700 n.
1385 667 1408 708 4
1433 662 1471 697 et
1494 659 1718 709 Optatus
1740 658 1795 696 ita
1810 658 1965 696 Parme-

224 728 387 764 nianum
410 725 648 762 donatis-am
672 724 876 770 alloquens
901 723 952 765 ΙΙ,
979 727 1020 760 2;
1048 720 1207 770 „Igitur
1228 732 1372 770 negare
1395 731 1471 756 non
1494 723 1618 767 potes,
1641 718 1739 755 scire
1760 719 1800 755 te
1814 717 1856 754 in
1869 717 1967 755 urbe

227 787 346 823 Roma
369 786 483 821 Petro
506 783 630 832 primo
655 781 877 819 cathedram
901 780 1162 829 episcopalem
1187 791 1273 816 esse
1297 778 1490 822 collatam,
1525 778 1564 815 in
1587 790 1665 826 qua
1686 789 1765 814 una
1785 775 1970 814 cathedra

225 845 357 882 unitas
380 844 427 880 ab
451 842 632 880 omnibus
657 844 893 878 servaretur.
933 852 980 876 ne
1004 839 1123 875 ceteri
1144 838 1309 886 apostoli
1331 837 1505 887 singulas
1528 837 1602 874 sibi
1635 836 1803 885 quisque
1834 834 1968 873 defen-

225 905 384 941 derent:
422 907 465 939 ut
484 903 566 950 jam
591 899 860 937 schismaticus
884 907 923 935 et
946 902 1126 947 peccator
1159 899 1272 942 esset,
1305 896 1373 944 qui
1404 898 1534 934 contra
1568 895 1808 945 singularem
1839 894 1969 932 cathe-

228 963 336 1000 dram
359 963 523 999 alteram
567 959 784 996 collocaret.
796 963 814 980 «
857 957 1111 994 Absolvimus
1134 955 1263 993 verbis
1285 970 1312 993 s.
1335 957 1404 992 An
1418 955 1568 992 selmi
1591 955 1632 991 in
1654 953 1792 991 Matth.
1814 960 1876 998 16,
1896 959 1968 994 19:

231 1050 244 1066 ἓξ
258 1022 347 1059 Ideo
370 1020 473 1058 enim
497 1031 586 1055 eum
610 1014 807 1069 (Petrum)
829 1016 1048 1065 principem
1074 1015 1341 1063 apostolorum
1373 1014 1549 1051 instituit
1571 1010 1799 1065 (Christus),
1831 1015 1876 1050 ut
1896 1012 1969 1050 Ec-

228 1081 343 1118 clesia
366 1079 479 1126 quasi
502 1090 624 1114 unum
649 1076 904 1125 principalem
927 1074 1071 1112 Christi
1093 1074 1283 1111 vicarium
1306 1073 1477 1117 haberet,
1514 1072 1560 1109 ad
1585 1084 1702 1120 quem
1723 1072 1877 1110 diversa
1896 1071 1969 1109 Ec-

227 1140 366 1177 clesiae
388 1137 563 1175 membra
585 1138 843 1179 recurrerent,
880 1135 913 1171 si
935 1134 1035 1171 forte
1058 1134 1163 1170 inter
1186 1145 1226 1169 se
1249 1132 1522 1170 dissentirent:
1555 1131 1739 1180 quoniam
1762 1131 1795 1168 si
1819 1131 1972 1168 diversa

229 1202 358 1237 essent
381 1197 505 1246 capita
530 1196 570 1232 in
592 1195 776 1232 Ecclesia.
800 1194 970 1231 unitatis
984 1193 1188 1230 vinculum
1201 1194 1455 1240 rumperetur
1467 1203 1536 1239 per
1550 1190 1702 1228 diveisa
1716 1189 1970 1227 schismata.‘

347 1277 486 1329 Quare
510 1275 693 1316 dubitari
716 1274 862 1327 nequit
881 1273 1101 1326 quendam
1133 1273 1176 1312 in
1196 1271 1385 1312 Ecclesia
1408 1271 1613 1312 exsistere
1635 1270 1874 1323 primatem,
1904 1269 1972 1310 cui

229 1350 402 1391 unitatis
425 1359 527 1388 cura
549 1352 590 1387 et
613 1345 810 1387 custodia
833 1346 887 1386 sit
909 1345 1150 1386 commissa.
1194 1342 1328 1394 Quem
1352 1342 1530 1383 instituti
1553 1342 1760 1394 primatus
1782 1339 1910 1382 finem
1931 1344 1974 1382 et

230 1432 409 1472 scopum
433 1418 641 1470 expressit
663 1416 890 1458 concilium
912 1427 1082 1468 quoque
1103 1415 1328 1474 vatican
1321 1426 1384 1473 32,
1378 1426 1419 1453 m
1442 1413 1485 1453 in
1508 1412 1683 1453 exordio
1706 1423 1809 1453 sess.
1832 1414 1871 1456 4.
1893 1411 1973 1453 do-

235 1505 356 1533 cens:
395 1489 470 1540 „Ut
503 1501 604 1530 vero
629 1489 900 1540 episcopatus
922 1488 1012 1539 ipse
1034 1499 1144 1527 unus
1167 1490 1208 1526 et
1230 1484 1469 1525 individuus
1492 1488 1605 1525 esset
1636 1488 1678 1524 et
1708 1495 1784 1536 per
1814 1483 1974 1524 cohae-

236 1568 377 1605 rentes
400 1561 480 1602 sibi
502 1561 683 1601 invicem
706 1557 953 1599 sacerdotes
976 1557 1239 1598 credentium
1262 1554 1486 1596 multitudo
1507 1555 1708 1596 universa
1738 1555 1781 1596 in
1815 1553 1912 1596 fidei
1934 1557 1976 1595 et

235 1632 550 1676 communionis
572 1630 735 1671 unitate
759 1633 1100 1677 conservaretur,
1130 1627 1168 1670 b.
1191 1626 1363 1679 Petrum
1387 1626 1541 1667 ceteris
1564 1625 1769 1678 apostolis
1790 1636 1974 1678 praepo-

237 1717 343 1747 nens
359 1703 595 1759 (Christus),
618 1702 661 1742 in
683 1701 773 1753 ipso
798 1700 976 1741 instituit
992 1703 1245 1752 perpetuum
1267 1697 1441 1738 unitatis
1463 1696 1716 1748 principium
1739 1708 1790 1737 ac
1811 1694 1976 1736 visibile

238 1776 573 1821 fundamentum,
605 1784 732 1824 super
754 1771 873 1824 cujus
896 1770 1185 1812 fortitudinem
1207 1773 1428 1810 aeternum
1451 1771 1739 1809 exstrueretur
1759 1767 1977 1820 templum,

239 1853 283 1888 et
302 1846 518 1887 Ecclesiae
541 1843 662 1884 coelo
690 1842 911 1884 inferenda
944 1841 1180 1882 sublimitas
1210 1841 1254 1881 in
1283 1839 1409 1892 hujus
1440 1839 1537 1880 fidei
1569 1838 1767 1879 firmitate
1798 1849 1976 1879 consur-

240 1923 356 1971 geret
379 1919 426 1972 (s.
449 1915 551 1957 Leo
574 1914 625 1955 M.
648 1926 770 1957 serm.
795 1918 833 1957 4.
857 1926 890 1957 c,
914 1914 994 1968 2).“

361 2003 457 2045 336.
490 1998 835 2042 Corollarium.
880 1995 1003 2046 Quod
1034 1996 1069 2036 si
1102 1994 1292 2036 Christus
1313 1994 1519 2035 Dominus
1550 1993 1682 2034 voluit
1710 2005 1843 2034 unum
1873 2001 1979 2032 suae

243 2071 457 2113 Ecclesiae
472 2080 672 2122 praeesse
686 2072 915 2120 pastorem,
937 2079 1066 2119 supra
1081 2077 1208 2107 omne
1222 2065 1397 2106 dubium
1420 2070 1494 2113 est,
1516 2065 1700 2117 primum
1720 2062 1849 2104 fuisse
1868 2062 1980 2103 inter

246 2141 464 2197 apostolos
495 2139 731 2186 Petrum,
767 2143 809 2179 et
852 2138 976 2190 hujus
1014 2137 1111 2177 dein
1142 2147 1412 2177 successores
1442 2146 1700 2176 romanos
1731 2133 1978 2186 episcopm,

244 2227 345 2255 nam
372 2215 541 2265 praeter
571 2210 651 2250 hos
682 2208 820 2250 nullus
852 2220 1041 2261 unquam
1064 2208 1374 2260 episcoporum,
1406 2218 1460 2247 ne
1493 2204 1982 2257 constantinopolitanus

244 2284 415 2339 quidem
438 2294 566 2323 ausus
589 2285 654 2321 est
675 2279 755 2320 sibi
778 2279 1008 2332 primatum
1041 2279 1084 2319 in
1104 2278 1349 2319 universam
1371 2288 1564 2318 asserere
1584 2275 1839 2323 Ecclesiam
1870 2273 1979 2316 adeo

245 2361 310 2398 est
332 2354 504 2395 evidens
526 2351 593 2392 vel
614 2351 775 2392 nullum
803 2351 846 2390 in
867 2349 1059 2390 Ecclesia
1079 2349 1278 2401 primatui
1311 2359 1404 2389 esse
1433 2347 1576 2388 locum
1605 2346 1673 2388 vel
1704 2358 1803 2387 eum
1835 2344 1982 2386 deberi

245 2436 425 2468 romano
449 2422 633 2464 antistiti.

366 2510 462 2552 337-
485 2505 653 2547 Thesis
680 2503 898 2546 LXVIII·
946 2518 1112 2558 Ipsum
1137 2516 1571 2559 splendidissimum
1589 2516 1773 2555 factum
1800 2521 1982 2547 conser-

251 2584 342 2619 vati
366 2580 550 2615 tamdiu
575 2580 710 2620 atque
736 2577 889 2611 adhuc
907 2577 1122 2618 florentis
1156 2577 1208 2609 in
1243 2577 1348 2611 sede
1374 2584 1576 2609 romana
1598 2574 1850 2617 primatus,
1869 2579 1983 2614 pro-

248 2645 327 2679 bat
353 2640 561 2675 divinam
590 2636 687 2678 ejus
713 2637 1059 2670 institutionem.

367 2716 746 2764 Demonstratio.
790 2713 902 2756 Sane
924 2715 1026 2756 illud
1056 2714 1214 2756 factum
1241 2715 1337 2767 J'ure
1368 2718 1565 2754 censetur
1586 2712 1911 2765 supernaturale
1941 2715 1985 2753 et

251 2795 452 2840 divinum,
479 2790 597 2842 cujus
619 2786 727 2826 ratio
752 2785 965 2827 sufficiens
986 2798 1074 2826 non
1095 2789 1160 2826 est
1180 2797 1312 2826 causa
1333 2783 1549 2834 naturalis,
1571 2783 1646 2825 sed
1666 2782 1899 2836 repetenda
1920 2785 1985 2824 est

252 2926 351 2961 Deus
367 2937 442 2960 non
460 2927 560 2960 amat
576 2926 696 2959 facere
716 2935 859 2970 semper
876 2925 1065 2965 miracula,
1093 2925 1155 2959 sed
1174 2925 1222 2959 ad
1237 2934 1295 2959 res
1311 2924 1472 2969 optimas
1489 2924 1602 2957 etiam
1628 2923 1786 2968 optimas
1802 2922 1986 2956 monstrat

251 2980 342 3019 vias,
369 2978 490 3022 qualis
517 2979 573 3012 est
590 2978 637 3011 ad
654 2977 836 3012 unitatem
865 2980 985 3011 certus
1012 2977 1135 3012 ordo.‘
1171 2977 1222 3012 Cf.
1250 2976 1533 3011 Leibnitius
1559 2977 1647 3020 syst.
1674 2976 1786 3010 theol.
1814 2974 1985 3009 Lutetiae

255 3032 478 3066 Parisiorum
500 3034 588 3066 1845
606 3043 642 3076 p.
663 3033 730 3065 128
748 3031 786 3064 et
803 3031 877 3065 alia
893 3032 1031 3065 testim.
1048 3032 1088 3065 in
1107 3042 1165 3075 op.
1184 3030 1444 3074 Beleuchtung
1461 3028 1527 3064 der
1543 3029 1716 3063 Vorurth.
1735 3030 1805 3063 etc.
1822 3030 1851 3064 t.
1873 3031 1889 3062 l
1907 3039 1944 3072 p.
1965 3030 1984 3061 1

252 3096 337 3130 pag.
356 3088 411 3120 33.
431 3088 477 3120 38
493 3096 518 3120 8.
538 3086 594 3119 49.
614 3095 654 3124 s.,
672 3087 715 3119 59
736 3095 799 3118 ss.:
817 3086 843 3121 t.
863 3088 882 3118 2
901 3096 937 3128 p.
955 3088 975 3118 2
991 3095 1078 3128 pag.
1100 3087 1175 3120 114.
