<?xml version="1.0" encoding="UTF-8"?>
<!DOCTYPE html PUBLIC "-//W3C//DTD XHTML 1.0 Transitional//EN"
    "http://www.w3.org/TR/xhtml1/DTD/xhtml1-transitional.dtd">
<html xmlns="http://www.w3.org/1999/xhtml" xml:lang="en" lang="en">
 <head>
  <title>
</title>
<meta http-equiv="Content-Type" content="text/html;charset=utf-8" />
  <meta name='ocr-system' content='tesseract 3.04.00' />
  <meta name='ocr-capabilities' content='ocr_page ocr_carea ocr_par ocr_line ocrx_word'/>
</head>
<body>
  <div class='ocr_page' id='page_1' title='image "./theologiaedogmat01hurt/theologiaedogmat01hurt_0401.png"; bbox 0 0 2175 3382; ppageno 0'>
   <div class='ocr_carea' id='block_1_1' title="bbox 740 119 1925 169">
    <p class='ocr_par' dir='ltr' id='par_1_1' title="bbox 740 119 1925 169">
     <span class='ocr_line' id='line_1_1' title="bbox 740 119 1925 169; baseline 0.002 -17"><span class='ocrx_word' id='word_1_1' title='bbox 740 119 785 154; x_wconf 87' lang='lat' dir='ltr'>de</span> <span class='ocrx_word' id='word_1_2' title='bbox 801 129 951 153; x_wconf 89' lang='lat' dir='ltr'>recursu</span> <span class='ocrx_word' id='word_1_3' title='bbox 970 120 1014 153; x_wconf 79' lang='lat' dir='ltr'>ad</span> <span class='ocrx_word' id='word_1_4' title='bbox 1034 120 1155 154; x_wconf 87' lang='lat' dir='ltr'>sedem</span> <span class='ocrx_word' id='word_1_5' title='bbox 1173 130 1375 154; x_wconf 80' lang='lat' dir='ltr'>romanam.</span> <span class='ocrx_word' id='word_1_6' title='bbox 1843 127 1925 169; x_wconf 82' lang='lat'>391</span> 
     </span>
    </p>
   </div>
   <div class='ocr_carea' id='block_1_2' title="bbox 189 237 1927 928">
    <p class='ocr_par' dir='ltr' id='par_1_2' title="bbox 189 237 1927 928">
     <span class='ocr_line' id='line_1_2' title="bbox 192 237 1925 291; baseline 0.002 -12"><span class='ocrx_word' id='word_1_7' title='bbox 192 238 583 291; x_wconf 82' lang='lat' dir='ltr'>lugdunenses,</span> <span class='ocrx_word' id='word_1_8' title='bbox 605 238 675 291; x_wconf 92' lang='lat' dir='ltr'>qui</span> <span class='ocrx_word' id='word_1_9' title='bbox 696 241 804 279; x_wconf 87' lang='lat' dir='ltr'>teste</span> <span class='ocrx_word' id='word_1_10' title='bbox 824 237 1007 278; x_wconf 91' lang='lat' dir='ltr'>Eusebio</span> <span class='ocrx_word' id='word_1_11' title='bbox 1031 237 1076 278; x_wconf 91' lang='lat' dir='ltr'>H.</span> <span class='ocrx_word' id='word_1_12' title='bbox 1091 237 1132 278; x_wconf 91' lang='lat' dir='ltr'>E.</span> <span class='ocrx_word' id='word_1_13' title='bbox 1148 237 1196 287; x_wconf 90' lang='lat' dir='ltr'>V,</span> <span class='ocrx_word' id='word_1_14' title='bbox 1220 242 1245 282; x_wconf 83' lang='lat'><strong>3</strong></span> <span class='ocrx_word' id='word_1_15' title='bbox 1268 251 1345 290; x_wconf 89' lang='lat' dir='ltr'>pro</span> <span class='ocrx_word' id='word_1_16' title='bbox 1368 251 1473 291; x_wconf 89' lang='lat' dir='ltr'>pace</span> <span class='ocrx_word' id='word_1_17' title='bbox 1497 240 1776 282; x_wconf 86' lang='lat' dir='ltr'>ecclesiarum</span> <span class='ocrx_word' id='word_1_18' title='bbox 1798 241 1925 283; x_wconf 90' lang='lat' dir='ltr'>Asiae</span> 
     </span>
     <span class='ocr_line' id='line_1_3' title="bbox 192 307 1920 365; baseline 0.002 -15"><span class='ocrx_word' id='word_1_19' title='bbox 192 308 406 351; x_wconf 89' lang='lat' dir='ltr'>erroribus</span> <span class='ocrx_word' id='word_1_20' title='bbox 421 308 610 350; x_wconf 86' lang='lat' dir='ltr'>Montani</span> <span class='ocrx_word' id='word_1_21' title='bbox 631 308 900 349; x_wconf 89' lang='lat' dir='ltr'>turbatarum</span> <span class='ocrx_word' id='word_1_22' title='bbox 923 307 1037 361; x_wconf 93' lang='lat' dir='ltr'>apud</span> <span class='ocrx_word' id='word_1_23' title='bbox 1050 308 1337 349; x_wconf 85' lang='lat' dir='ltr'>Eleutherium</span> <span class='ocrx_word' id='word_1_24' title='bbox 1360 309 1413 365; x_wconf 88' lang='lat' dir='ltr'>(a.</span> <span class='ocrx_word' id='word_1_25' title='bbox 1434 312 1532 364; x_wconf 91' lang='lat'><strong>177)</strong></span> <span class='ocrx_word' id='word_1_26' title='bbox 1556 310 1767 363; x_wconf 83' lang='lat' dir='ltr'>legatione</span> <span class='ocrx_word' id='word_1_27' title='bbox 1790 311 1920 353; x_wconf 86' lang='lat' dir='ltr'>functi</span> 
     </span>
     <span class='ocr_line' id='line_1_4' title="bbox 192 378 1926 435; baseline 0.002 -14"><span class='ocrx_word' id='word_1_28' title='bbox 192 384 300 421; x_wconf 76' lang='lat' dir='ltr'>sunt</span> <span class='ocrx_word' id='word_1_29' title='bbox 342 379 478 421; x_wconf 89' lang='lat' dir='ltr'>Testis</span> <span class='ocrx_word' id='word_1_30' title='bbox 510 385 575 421; x_wconf 88' lang='lat' dir='ltr'>est</span> <span class='ocrx_word' id='word_1_31' title='bbox 599 379 691 431; x_wconf 88' lang='lat' dir='ltr'>jam</span> <span class='ocrx_word' id='word_1_32' title='bbox 722 383 821 420; x_wconf 89' lang='lat' dir='ltr'>ante</span> <span class='ocrx_word' id='word_1_33' title='bbox 851 378 945 420; x_wconf 90' lang='lat' dir='ltr'>illos</span> <span class='ocrx_word' id='word_1_34' title='bbox 976 392 1008 419; x_wconf 92' lang='lat' dir='ltr'>s.</span> <span class='ocrx_word' id='word_1_35' title='bbox 1040 378 1274 431; x_wconf 83' lang='lat' dir='ltr'>Polycar</span> <span class='ocrx_word' id='word_1_36' title='bbox 1285 392 1381 431; x_wconf 89' lang='lat' dir='ltr'>pus</span> <span class='ocrx_word' id='word_1_37' title='bbox 1405 380 1630 432; x_wconf 90' lang='lat' dir='ltr'>episcopus</span> <span class='ocrx_word' id='word_1_38' title='bbox 1652 383 1926 435; x_wconf 78' lang='lat' dir='ltr'>smyrnensis.</span> 
     </span>
     <span class='ocr_line' id='line_1_5' title="bbox 191 448 1926 506; baseline -0.003 -15"><span class='ocrx_word' id='word_1_39' title='bbox 191 462 317 503; x_wconf 89' lang='lat' dir='ltr'>quem</span> <span class='ocrx_word' id='word_1_40' title='bbox 339 462 424 491; x_wconf 93' lang='lat' dir='ltr'>non</span> <span class='ocrx_word' id='word_1_41' title='bbox 447 450 577 502; x_wconf 86' lang='lat' dir='ltr'>piguit</span> <span class='ocrx_word' id='word_1_42' title='bbox 598 461 650 490; x_wconf 86' lang='lat' dir='ltr'>ex</span> <span class='ocrx_word' id='word_1_43' title='bbox 671 453 838 490; x_wconf 89' lang='lat' dir='ltr'>remoto</span> <span class='ocrx_word' id='word_1_44' title='bbox 861 448 1031 490; x_wconf 84' lang='lat' dir='ltr'>Oriente</span> <span class='ocrx_word' id='word_1_45' title='bbox 1058 448 1137 489; x_wconf 91' lang='lat' dir='ltr'>sub</span> <span class='ocrx_word' id='word_1_46' title='bbox 1161 448 1339 490; x_wconf 84' lang='lat' dir='ltr'>Aniceto</span> <span class='ocrx_word' id='word_1_47' title='bbox 1364 451 1599 506; x_wconf 74' lang='lat'><strong>(157-168)</strong></span> <span class='ocrx_word' id='word_1_48' title='bbox 1623 457 1797 504; x_wconf 85' lang='lat' dir='ltr'>propter</span> <span class='ocrx_word' id='word_1_49' title='bbox 1818 465 1926 494; x_wconf 74' lang='lat' dir='ltr'>non-</span> 
     </span>
     <span class='ocr_line' id='line_1_6' title="bbox 190 519 1924 579; baseline 0.003 -17"><span class='ocrx_word' id='word_1_50' title='bbox 190 521 328 563; x_wconf 85' lang='lat' dir='ltr'>nullas</span> <span class='ocrx_word' id='word_1_51' title='bbox 349 521 662 562; x_wconf 85' lang='lat' dir='ltr'>controversias</span> <span class='ocrx_word' id='word_1_52' title='bbox 675 519 860 561; x_wconf 83' lang='lat' dir='ltr'>Romam</span> <span class='ocrx_word' id='word_1_53' title='bbox 882 520 1027 560; x_wconf 90' lang='lat' dir='ltr'>venire</span> <span class='ocrx_word' id='word_1_54' title='bbox 1046 520 1090 575; x_wconf 89' lang='lat'>1).</span> <span class='ocrx_word' id='word_1_55' title='bbox 1125 519 1261 560; x_wconf 89' lang='lat' dir='ltr'>Testis</span> <span class='ocrx_word' id='word_1_56' title='bbox 1284 524 1349 560; x_wconf 87' lang='lat' dir='ltr'>est</span> <span class='ocrx_word' id='word_1_57' title='bbox 1370 533 1401 563; x_wconf 87' lang='lat' dir='ltr'>s.</span> <span class='ocrx_word' id='word_1_58' title='bbox 1425 519 1494 573; x_wconf 80' lang='lat' dir='ltr'>Cy</span> <span class='ocrx_word' id='word_1_59' title='bbox 1506 534 1531 573; x_wconf 92' lang='lat' dir='ltr'>p</span> <span class='ocrx_word' id='word_1_60' title='bbox 1544 521 1733 563; x_wconf 87' lang='lat' dir='ltr'>rianus</span> <span class='ocrx_word' id='word_1_61' title='bbox 1751 522 1794 579; x_wconf 48' lang='grc' dir='ltr'>(ἢ</span> <span class='ocrx_word' id='word_1_62' title='bbox 1809 524 1924 578; x_wconf 78' lang='lat'>258),</span> 
     </span>
     <span class='ocr_line' id='line_1_7' title="bbox 191 588 1926 646; baseline 0.001 -12"><span class='ocrx_word' id='word_1_63' title='bbox 191 593 262 646; x_wconf 91' lang='lat' dir='ltr'>qui</span> <span class='ocrx_word' id='word_1_64' title='bbox 283 591 546 644; x_wconf 82' lang='lat' dir='ltr'>Stephanum</span> <span class='ocrx_word' id='word_1_65' title='bbox 568 595 702 643; x_wconf 87' lang='lat' dir='ltr'>rogat,</span> <span class='ocrx_word' id='word_1_66' title='bbox 732 595 779 631; x_wconf 88' lang='lat' dir='ltr'>ut</span> <span class='ocrx_word' id='word_1_67' title='bbox 809 590 941 632; x_wconf 88' lang='lat' dir='ltr'>literis</span> <span class='ocrx_word' id='word_1_68' title='bbox 969 590 1023 631; x_wconf 89' lang='lat' dir='ltr'>ad</span> <span class='ocrx_word' id='word_1_69' title='bbox 1046 590 1270 643; x_wconf 88' lang='lat' dir='ltr'>episcopos</span> <span class='ocrx_word' id='word_1_70' title='bbox 1293 588 1526 632; x_wconf 90' lang='lat' dir='ltr'>Galliarum</span> <span class='ocrx_word' id='word_1_71' title='bbox 1550 592 1688 633; x_wconf 89' lang='lat' dir='ltr'>missis</span> <span class='ocrx_word' id='word_1_72' title='bbox 1711 599 1840 643; x_wconf 88' lang='lat' dir='ltr'>curet,</span> <span class='ocrx_word' id='word_1_73' title='bbox 1872 606 1926 635; x_wconf 93' lang='lat' dir='ltr'>ne</span> 
     </span>
     <span class='ocr_line' id='line_1_8' title="bbox 190 660 1925 714; baseline 0.001 -10"><span class='ocrx_word' id='word_1_74' title='bbox 190 663 444 712; x_wconf 88' lang='lat' dir='ltr'>Marcianus,</span> <span class='ocrx_word' id='word_1_75' title='bbox 465 661 715 704; x_wconf 87' lang='lat' dir='ltr'>arelatensis</span> <span class='ocrx_word' id='word_1_76' title='bbox 736 661 962 714; x_wconf 87' lang='lat' dir='ltr'>episcopus</span> <span class='ocrx_word' id='word_1_77' title='bbox 984 660 1224 702; x_wconf 86' lang='lat' dir='ltr'>Novatiano</span> <span class='ocrx_word' id='word_1_78' title='bbox 1248 661 1454 711; x_wconf 86' lang='lat' dir='ltr'>addictus,</span> <span class='ocrx_word' id='word_1_79' title='bbox 1478 662 1662 703; x_wconf 87' lang='lat' dir='ltr'>necdum</span> <span class='ocrx_word' id='word_1_80' title='bbox 1685 675 1731 704; x_wconf 91' lang='lat' dir='ltr'>se</span> <span class='ocrx_word' id='word_1_81' title='bbox 1754 664 1925 705; x_wconf 90' lang='lat' dir='ltr'>absten-</span> 
     </span>
     <span class='ocr_line' id='line_1_9' title="bbox 189 732 1924 790; baseline -0.001 -14"><span class='ocrx_word' id='word_1_82' title='bbox 189 739 279 776; x_wconf 88' lang='lat' dir='ltr'>tum</span> <span class='ocrx_word' id='word_1_83' title='bbox 301 733 621 790; x_wconf 80' lang='lat' dir='ltr'>(communione</span> <span class='ocrx_word' id='word_1_84' title='bbox 655 732 884 788; x_wconf 88' lang='lat' dir='ltr'>privatum)</span> <span class='ocrx_word' id='word_1_85' title='bbox 921 743 1015 773; x_wconf 90' lang='lat' dir='ltr'>esse</span> <span class='ocrx_word' id='word_1_86' title='bbox 1050 732 1232 785; x_wconf 90' lang='lat' dir='ltr'>amplius</span> <span class='ocrx_word' id='word_1_87' title='bbox 1266 732 1477 785; x_wconf 85' lang='lat' dir='ltr'>glorietur,</span> <span class='ocrx_word' id='word_1_88' title='bbox 1513 737 1555 774; x_wconf 87' lang='lat' dir='ltr'>et</span> <span class='ocrx_word' id='word_1_89' title='bbox 1586 738 1634 775; x_wconf 88' lang='lat' dir='ltr'>ut</span> <span class='ocrx_word' id='word_1_90' title='bbox 1667 734 1759 775; x_wconf 88' lang='lat' dir='ltr'>aliis</span> <span class='ocrx_word' id='word_1_91' title='bbox 1793 734 1924 776; x_wconf 88' lang='lat' dir='ltr'>literis</span> 
     </span>
     <span class='ocr_line' id='line_1_10' title="bbox 189 803 1927 858; baseline 0.001 -12"><span class='ocrx_word' id='word_1_92' title='bbox 189 806 232 846; x_wconf 90' lang='lat' dir='ltr'>in</span> <span class='ocrx_word' id='word_1_93' title='bbox 253 805 516 858; x_wconf 88' lang='lat' dir='ltr'>provinciam</span> <span class='ocrx_word' id='word_1_94' title='bbox 549 808 591 845; x_wconf 88' lang='lat' dir='ltr'>et</span> <span class='ocrx_word' id='word_1_95' title='bbox 621 803 676 844; x_wconf 92' lang='lat' dir='ltr'>ad</span> <span class='ocrx_word' id='word_1_96' title='bbox 707 803 873 856; x_wconf 91' lang='lat' dir='ltr'>plebem</span> <span class='ocrx_word' id='word_1_97' title='bbox 897 804 1183 845; x_wconf 82' lang='lat' dir='ltr'>arelatensem</span> <span class='ocrx_word' id='word_1_98' title='bbox 1205 804 1384 856; x_wconf 85' lang='lat' dir='ltr'>scriptis,</span> <span class='ocrx_word' id='word_1_99' title='bbox 1407 805 1581 846; x_wconf 88' lang='lat' dir='ltr'>alterius</span> <span class='ocrx_word' id='word_1_100' title='bbox 1604 806 1794 858; x_wconf 83' lang='lat' dir='ltr'>episcopi</span> <span class='ocrx_word' id='word_1_101' title='bbox 1817 806 1927 848; x_wconf 88' lang='lat' dir='ltr'>elec-</span> 
     </span>
     <span class='ocr_line' id='line_1_11' title="bbox 189 877 531 928; baseline 0.006 -12"><span class='ocrx_word' id='word_1_102' title='bbox 189 877 349 917; x_wconf 88' lang='lat' dir='ltr'>tionem</span> <span class='ocrx_word' id='word_1_103' title='bbox 370 879 531 928; x_wconf 87' lang='lat' dir='ltr'>urgeat.</span> 
     </span>
    </p>
   </div>
   <div class='ocr_carea' id='block_1_3' title="bbox 180 954 1930 2666">
    <p class='ocr_par' dir='ltr' id='par_1_3' title="bbox 180 954 1930 2666">
     <span class='ocr_line' id='line_1_12' title="bbox 308 954 1930 1010; baseline 0.001 -11"><span class='ocrx_word' id='word_1_104' title='bbox 308 962 442 999; x_wconf 74' lang='lat' dir='ltr'>&#39;restes</span> <span class='ocrx_word' id='word_1_105' title='bbox 474 964 569 999; x_wconf 90' lang='lat' dir='ltr'>sunt</span> <span class='ocrx_word' id='word_1_106' title='bbox 598 960 762 1009; x_wconf 76' lang='lat' dir='ltr'>plurimi</span> <span class='ocrx_word' id='word_1_107' title='bbox 793 960 964 1009; x_wconf 84' lang='lat' dir='ltr'>episcopi</span> <span class='ocrx_word' id='word_1_108' title='bbox 993 961 1232 1010; x_wconf 74' lang='lat' dir='ltr'>aegyptii</span> <span class='ocrx_word' id='word_1_109' title='bbox 1264 961 1306 998; x_wconf 92' lang='lat' dir='ltr'>in</span> <span class='ocrx_word' id='word_1_110' title='bbox 1338 974 1455 999; x_wconf 88' lang='lat' dir='ltr'>causa</span> <span class='ocrx_word' id='word_1_111' title='bbox 1476 963 1684 1001; x_wconf 77' lang='lat' dir='ltr'>Athanasii</span> <span class='ocrx_word' id='word_1_112' title='bbox 1718 954 1930 1001; x_wconf 86' lang='lat' dir='ltr'>scribentes</span> 
     </span>
     <span class='ocr_line' id='line_1_13' title="bbox 190 1017 1929 1071; baseline 0.001 -13"><span class='ocrx_word' id='word_1_113' title='bbox 190 1019 237 1071; x_wconf 88' lang='lat' dir='ltr'>(c.</span> <span class='ocrx_word' id='word_1_114' title='bbox 259 1034 292 1058; x_wconf 92' lang='lat' dir='ltr'>a.</span> <span class='ocrx_word' id='word_1_115' title='bbox 317 1027 399 1061; x_wconf 84' lang='lat'>352</span> <span class='ocrx_word' id='word_1_116' title='bbox 422 1021 486 1058; x_wconf 86' lang='lat' dir='ltr'>vel</span> <span class='ocrx_word' id='word_1_117' title='bbox 510 1019 609 1069; x_wconf 84' lang='lat'>353)</span> <span class='ocrx_word' id='word_1_118' title='bbox 632 1020 680 1057; x_wconf 91' lang='lat' dir='ltr'>ad</span> <span class='ocrx_word' id='word_1_119' title='bbox 701 1017 898 1071; x_wconf 83' lang='lat' dir='ltr'>Julium2)</span> <span class='ocrx_word' id='word_1_120' title='bbox 921 1023 961 1056; x_wconf 91' lang='lat' dir='ltr'>et</span> <span class='ocrx_word' id='word_1_121' title='bbox 982 1020 1194 1066; x_wconf 88' lang='lat' dir='ltr'>Liberium,</span> <span class='ocrx_word' id='word_1_122' title='bbox 1228 1021 1296 1069; x_wconf 91' lang='lat' dir='ltr'>qui</span> <span class='ocrx_word' id='word_1_123' title='bbox 1328 1033 1406 1059; x_wconf 92' lang='lat' dir='ltr'>non</span> <span class='ocrx_word' id='word_1_124' title='bbox 1428 1022 1555 1058; x_wconf 91' lang='lat' dir='ltr'>solum</span> <span class='ocrx_word' id='word_1_125' title='bbox 1576 1024 1747 1060; x_wconf 89' lang='lat' dir='ltr'>testatur</span> <span class='ocrx_word' id='word_1_126' title='bbox 1772 1028 1823 1063; x_wconf 79' lang='grc'>80</span> <span class='ocrx_word' id='word_1_127' title='bbox 1848 1023 1929 1071; x_wconf 88' lang='lat' dir='ltr'>epi·</span> 
     </span>
     <span class='ocr_line' id='line_1_14' title="bbox 187 1078 1930 1130; baseline 0.001 -13"><span class='ocrx_word' id='word_1_128' title='bbox 187 1092 319 1129; x_wconf 86' lang='lat' dir='ltr'>scopos</span> <span class='ocrx_word' id='word_1_129' title='bbox 340 1079 542 1129; x_wconf 81' lang='lat' dir='ltr'>aegyptios</span> <span class='ocrx_word' id='word_1_130' title='bbox 563 1079 612 1116; x_wconf 90' lang='lat' dir='ltr'>ad</span> <span class='ocrx_word' id='word_1_131' title='bbox 633 1091 673 1116; x_wconf 90' lang='lat' dir='ltr'>se</span> <span class='ocrx_word' id='word_1_132' title='bbox 694 1078 910 1116; x_wconf 80' lang='lat' dir='ltr'>recurrisse</span> <span class='ocrx_word' id='word_1_133' title='bbox 932 1090 1001 1127; x_wconf 90' lang='lat' dir='ltr'>pro</span> <span class='ocrx_word' id='word_1_134' title='bbox 1024 1079 1253 1125; x_wconf 80' lang='lat' dir='ltr'>Athanasio,</span> <span class='ocrx_word' id='word_1_135' title='bbox 1287 1093 1425 1118; x_wconf 89' lang='lat' dir='ltr'>verum</span> <span class='ocrx_word' id='word_1_136' title='bbox 1457 1080 1576 1118; x_wconf 89' lang='lat' dir='ltr'>etiam</span> <span class='ocrx_word' id='word_1_137' title='bbox 1611 1082 1814 1130; x_wconf 90' lang='lat' dir='ltr'>episcopos</span> <span class='ocrx_word' id='word_1_138' title='bbox 1836 1082 1930 1119; x_wconf 90' lang='lat' dir='ltr'>Ario</span> 
     </span>
     <span class='ocr_line' id='line_1_15' title="bbox 186 1137 1928 1186; baseline 0.001 -10"><span class='ocrx_word' id='word_1_139' title='bbox 186 1139 360 1176; x_wconf 88' lang='lat' dir='ltr'>faventes</span> <span class='ocrx_word' id='word_1_140' title='bbox 390 1140 524 1176; x_wconf 84' lang='lat' dir='ltr'>contra</span> <span class='ocrx_word' id='word_1_141' title='bbox 544 1137 807 1175; x_wconf 80' lang='lat' dir='ltr'>Athanasium</span> <span class='ocrx_word' id='word_1_142' title='bbox 838 1138 880 1175; x_wconf 94' lang='lat' dir='ltr'>in</span> <span class='ocrx_word' id='word_1_143' title='bbox 901 1150 960 1186; x_wconf 88' lang='lat' dir='ltr'>ep.</span> <span class='ocrx_word' id='word_1_144' title='bbox 985 1144 1008 1177; x_wconf 90' lang='lat'>4</span> <span class='ocrx_word' id='word_1_145' title='bbox 1031 1151 1068 1176; x_wconf 92' lang='lat' dir='ltr'>n.</span> <span class='ocrx_word' id='word_1_146' title='bbox 1095 1144 1116 1178; x_wconf 88' lang='lat'>2</span> <span class='ocrx_word' id='word_1_147' title='bbox 1141 1139 1189 1176; x_wconf 89' lang='lat' dir='ltr'>ad</span> <span class='ocrx_word' id='word_1_148' title='bbox 1210 1138 1538 1177; x_wconf 83' lang='lat' dir='ltr'>Constantinum:</span> <span class='ocrx_word' id='word_1_149' title='bbox 1584 1140 1714 1185; x_wconf 73' lang='lat' dir='ltr'>„Satis</span> <span class='ocrx_word' id='word_1_150' title='bbox 1746 1141 1928 1178; x_wconf 89' lang='lat' dir='ltr'>omnibus</span> 
     </span>
     <span class='ocr_line' id='line_1_16' title="bbox 187 1197 1930 1251; baseline 0.001 -16"><span class='ocrx_word' id='word_1_151' title='bbox 187 1198 336 1235; x_wconf 87' lang='lat' dir='ltr'>clarum</span> <span class='ocrx_word' id='word_1_152' title='bbox 367 1199 438 1243; x_wconf 89' lang='lat' dir='ltr'>est,</span> <span class='ocrx_word' id='word_1_153' title='bbox 470 1210 541 1235; x_wconf 89' lang='lat' dir='ltr'>nec</span> <span class='ocrx_word' id='word_1_154' title='bbox 572 1197 782 1246; x_wconf 89' lang='lat' dir='ltr'>quisquam</span> <span class='ocrx_word' id='word_1_155' title='bbox 813 1198 943 1246; x_wconf 89' lang='lat' dir='ltr'>negat,</span> <span class='ocrx_word' id='word_1_156' title='bbox 976 1209 1045 1235; x_wconf 90' lang='lat' dir='ltr'>nos</span> <span class='ocrx_word' id='word_1_157' title='bbox 1077 1197 1332 1235; x_wconf 88' lang='lat' dir='ltr'>orientalium</span> <span class='ocrx_word' id='word_1_158' title='bbox 1354 1199 1488 1236; x_wconf 83' lang='lat' dir='ltr'>literas</span> <span class='ocrx_word' id='word_1_159' title='bbox 1520 1197 1579 1251; x_wconf 88' lang='lat' dir='ltr'>(in</span> <span class='ocrx_word' id='word_1_160' title='bbox 1601 1199 1745 1248; x_wconf 85' lang='lat' dir='ltr'>quibus</span> <span class='ocrx_word' id='word_1_161' title='bbox 1769 1200 1930 1237; x_wconf 88' lang='lat' dir='ltr'>crimina</span> 
     </span>
     <span class='ocr_line' id='line_1_17' title="bbox 188 1253 1929 1308; baseline 0.001 -14"><span class='ocrx_word' id='word_1_162' title='bbox 188 1259 324 1295; x_wconf 90' lang='lat' dir='ltr'>contra</span> <span class='ocrx_word' id='word_1_163' title='bbox 343 1257 602 1294; x_wconf 86' lang='lat' dir='ltr'>Athanasium</span> <span class='ocrx_word' id='word_1_164' title='bbox 624 1253 945 1306; x_wconf 82' lang='lat' dir='ltr'>continebantur)</span> <span class='ocrx_word' id='word_1_165' title='bbox 968 1255 1180 1302; x_wconf 86' lang='lat' dir='ltr'>intimasse,</span> <span class='ocrx_word' id='word_1_166' title='bbox 1204 1257 1345 1307; x_wconf 70' lang='lat' dir='ltr'>legisse</span> <span class='ocrx_word' id='word_1_167' title='bbox 1366 1257 1561 1304; x_wconf 87' lang='lat' dir='ltr'>ecclesiae,</span> <span class='ocrx_word' id='word_1_168' title='bbox 1588 1258 1729 1308; x_wconf 86' lang='lat' dir='ltr'>legisse</span> <span class='ocrx_word' id='word_1_169' title='bbox 1753 1258 1929 1304; x_wconf 87' lang='lat' dir='ltr'>concilio,</span> 
     </span>
     <span class='ocr_line' id='line_1_18' title="bbox 186 1314 1928 1365; baseline 0.001 -12"><span class='ocrx_word' id='word_1_170' title='bbox 186 1318 304 1365; x_wconf 87' lang='lat' dir='ltr'>atque</span> <span class='ocrx_word' id='word_1_171' title='bbox 326 1316 419 1353; x_wconf 81' lang='lat' dir='ltr'>haec</span> <span class='ocrx_word' id='word_1_172' title='bbox 441 1316 559 1353; x_wconf 82' lang='lat' dir='ltr'>etiam</span> <span class='ocrx_word' id='word_1_173' title='bbox 582 1314 842 1353; x_wconf 85' lang='lat' dir='ltr'>orientalibus</span> <span class='ocrx_word' id='word_1_174' title='bbox 863 1315 1122 1363; x_wconf 88' lang='lat' dir='ltr'>respondisse,</span> <span class='ocrx_word' id='word_1_175' title='bbox 1157 1317 1226 1364; x_wconf 91' lang='lat' dir='ltr'>qui</span> <span class='ocrx_word' id='word_1_176' title='bbox 1257 1316 1374 1354; x_wconf 90' lang='lat' dir='ltr'>fidem</span> <span class='ocrx_word' id='word_1_177' title='bbox 1395 1319 1435 1354; x_wconf 90' lang='lat' dir='ltr'>et</span> <span class='ocrx_word' id='word_1_178' title='bbox 1457 1318 1693 1355; x_wconf 86' lang='lat' dir='ltr'>sententiam</span> <span class='ocrx_word' id='word_1_179' title='bbox 1724 1330 1803 1355; x_wconf 93' lang='lat' dir='ltr'>non</span> <span class='ocrx_word' id='word_1_180' title='bbox 1825 1330 1928 1355; x_wconf 89' lang='lat' dir='ltr'>com-</span> 
     </span>
     <span class='ocr_line' id='line_1_19' title="bbox 186 1374 1930 1426; baseline 0.001 -14"><span class='ocrx_word' id='word_1_181' title='bbox 186 1375 428 1413; x_wconf 88' lang='lat' dir='ltr'>modavimus</span> <span class='ocrx_word' id='word_1_182' title='bbox 458 1377 646 1419; x_wconf 90' lang='lat' dir='ltr'>nostram,</span> <span class='ocrx_word' id='word_1_183' title='bbox 679 1374 785 1423; x_wconf 85' lang='lat' dir='ltr'>quod</span> <span class='ocrx_word' id='word_1_184' title='bbox 816 1374 951 1412; x_wconf 84' lang='lat' dir='ltr'>eodem</span> <span class='ocrx_word' id='word_1_185' title='bbox 982 1376 1158 1424; x_wconf 90' lang='lat' dir='ltr'>tempore</span> <span class='ocrx_word' id='word_1_186' title='bbox 1183 1381 1234 1416; x_wconf 88' lang='lat'>80</span> <span class='ocrx_word' id='word_1_187' title='bbox 1269 1375 1539 1424; x_wconf 86' lang='lat' dir='ltr'>episcoporum</span> <span class='ocrx_word' id='word_1_188' title='bbox 1571 1377 1847 1426; x_wconf 84' lang='lat' dir='ltr'>aegyptiorum</span> <span class='ocrx_word' id='word_1_189' title='bbox 1881 1376 1930 1414; x_wconf 89' lang='lat' dir='ltr'>de</span> 
     </span>
     <span class='ocr_line' id='line_1_20' title="bbox 185 1433 1930 1484; baseline 0.001 -13"><span class='ocrx_word' id='word_1_190' title='bbox 185 1434 398 1472; x_wconf 84' lang='lat' dir='ltr'>Athanasio</span> <span class='ocrx_word' id='word_1_191' title='bbox 420 1433 617 1472; x_wconf 87' lang='lat' dir='ltr'>sententia</span> <span class='ocrx_word' id='word_1_192' title='bbox 637 1434 893 1483; x_wconf 86' lang='lat' dir='ltr'>repugnabat,</span> <span class='ocrx_word' id='word_1_193' title='bbox 925 1446 1043 1481; x_wconf 90' lang='lat' dir='ltr'>quam</span> <span class='ocrx_word' id='word_1_194' title='bbox 1074 1433 1259 1472; x_wconf 88' lang='lat' dir='ltr'>similiter</span> <span class='ocrx_word' id='word_1_195' title='bbox 1287 1435 1542 1473; x_wconf 83' lang='lat' dir='ltr'>recitavimus</span> <span class='ocrx_word' id='word_1_196' title='bbox 1573 1440 1691 1484; x_wconf 87' lang='lat' dir='ltr'>atque</span> <span class='ocrx_word' id='word_1_197' title='bbox 1712 1436 1930 1473; x_wconf 85' lang='lat' dir='ltr'>insinuavi-</span> 
     </span>
     <span class='ocr_line' id='line_1_21' title="bbox 185 1492 1929 1548; baseline 0.003 -18"><span class='ocrx_word' id='word_1_198' title='bbox 185 1505 273 1530; x_wconf 90' lang='lat' dir='ltr'>mus</span> <span class='ocrx_word' id='word_1_199' title='bbox 296 1493 486 1542; x_wconf 88' lang='lat' dir='ltr'>episcopis</span> <span class='ocrx_word' id='word_1_200' title='bbox 508 1493 653 1531; x_wconf 63' lang='lat' dir='ltr'>italis«</span> <span class='ocrx_word' id='word_1_201' title='bbox 667 1492 864 1530; x_wconf 82' lang='lat' dir='ltr'>——Testis</span> <span class='ocrx_word' id='word_1_202' title='bbox 886 1495 947 1530; x_wconf 88' lang='lat' dir='ltr'>est</span> <span class='ocrx_word' id='word_1_203' title='bbox 968 1493 1000 1530; x_wconf 93' lang='lat' dir='ltr'>B</span> <span class='ocrx_word' id='word_1_204' title='bbox 1014 1493 1207 1531; x_wconf 88' lang='lat' dir='ltr'>asilius</span> <span class='ocrx_word' id='word_1_205' title='bbox 1230 1506 1288 1542; x_wconf 88' lang='lat' dir='ltr'>ep.</span> <span class='ocrx_word' id='word_1_206' title='bbox 1307 1501 1358 1535; x_wconf 82' lang='lat'>70</span> <span class='ocrx_word' id='word_1_207' title='bbox 1385 1495 1434 1532; x_wconf 88' lang='lat' dir='ltr'>ad</span> <span class='ocrx_word' id='word_1_208' title='bbox 1452 1495 1660 1532; x_wconf 87' lang='lat' dir='ltr'>Damasum</span> <span class='ocrx_word' id='word_1_209' title='bbox 1683 1492 1733 1548; x_wconf 92' lang='lat' dir='ltr'>(c.</span> <span class='ocrx_word' id='word_1_210' title='bbox 1756 1508 1788 1535; x_wconf 83' lang='lat' dir='ltr'>a,</span> <span class='ocrx_word' id='word_1_211' title='bbox 1814 1492 1929 1547; x_wconf 82' lang='lat'>371),</span> 
     </span>
     <span class='ocr_line' id='line_1_22' title="bbox 185 1551 1930 1602; baseline 0.002 -14"><span class='ocrx_word' id='word_1_212' title='bbox 185 1553 227 1589; x_wconf 91' lang='lat' dir='ltr'>in</span> <span class='ocrx_word' id='word_1_213' title='bbox 249 1565 327 1600; x_wconf 86' lang='lat' dir='ltr'>qua</span> <span class='ocrx_word' id='word_1_214' title='bbox 347 1552 623 1590; x_wconf 87' lang='lat' dir='ltr'>tristissimum</span> <span class='ocrx_word' id='word_1_215' title='bbox 647 1551 817 1590; x_wconf 87' lang='lat' dir='ltr'>Orientis</span> <span class='ocrx_word' id='word_1_216' title='bbox 839 1554 985 1590; x_wconf 89' lang='lat' dir='ltr'>statum</span> <span class='ocrx_word' id='word_1_217' title='bbox 1019 1552 1181 1600; x_wconf 80' lang='lat' dir='ltr'>exponit</span> <span class='ocrx_word' id='word_1_218' title='bbox 1201 1554 1321 1602; x_wconf 88' lang='lat' dir='ltr'>atque</span> <span class='ocrx_word' id='word_1_219' title='bbox 1344 1553 1526 1602; x_wconf 87' lang='lat' dir='ltr'>subjicit:</span> <span class='ocrx_word' id='word_1_220' title='bbox 1562 1554 1786 1598; x_wconf 82' lang='lat' dir='ltr'>,Horumce</span> <span class='ocrx_word' id='word_1_221' title='bbox 1808 1554 1930 1592; x_wconf 86' lang='lat' dir='ltr'>maio-</span> 
     </span>
     <span class='ocr_line' id='line_1_23' title="bbox 184 1611 1928 1658; baseline 0.002 -10"><span class='ocrx_word' id='word_1_222' title='bbox 184 1624 272 1648; x_wconf 87' lang='lat' dir='ltr'>rum</span> <span class='ocrx_word' id='word_1_223' title='bbox 295 1611 456 1650; x_wconf 88' lang='lat' dir='ltr'>unicum</span> <span class='ocrx_word' id='word_1_224' title='bbox 479 1624 561 1649; x_wconf 87' lang='lat' dir='ltr'>esse</span> <span class='ocrx_word' id='word_1_225' title='bbox 583 1611 801 1649; x_wconf 89' lang='lat' dir='ltr'>remedium</span> <span class='ocrx_word' id='word_1_226' title='bbox 832 1611 1015 1649; x_wconf 83' lang='lat' dir='ltr'>duximus</span> <span class='ocrx_word' id='word_1_227' title='bbox 1046 1613 1201 1649; x_wconf 89' lang='lat' dir='ltr'>vestrae</span> <span class='ocrx_word' id='word_1_228' title='bbox 1232 1612 1583 1650; x_wconf 79' lang='lat' dir='ltr'>commiserationis</span> <span class='ocrx_word' id='word_1_229' title='bbox 1614 1613 1928 1658; x_wconf 63' lang='lat' dir='ltr'>visitationem,&lt;K</span> 
     </span>
     <span class='ocr_line' id='line_1_24' title="bbox 185 1670 1927 1721; baseline 0.002 -13"><span class='ocrx_word' id='word_1_230' title='bbox 185 1683 302 1719; x_wconf 89' lang='lat' dir='ltr'>quam</span> <span class='ocrx_word' id='word_1_231' title='bbox 324 1670 416 1708; x_wconf 90' lang='lat' dir='ltr'>dein</span> <span class='ocrx_word' id='word_1_232' title='bbox 438 1670 548 1708; x_wconf 83' lang='lat' dir='ltr'>enixe</span> <span class='ocrx_word' id='word_1_233' title='bbox 569 1670 780 1720; x_wconf 87' lang='lat' dir='ltr'>efflagitat;</span> <span class='ocrx_word' id='word_1_234' title='bbox 812 1683 889 1718; x_wconf 87' lang='lat' dir='ltr'>qua</span> <span class='ocrx_word' id='word_1_235' title='bbox 920 1670 966 1707; x_wconf 90' lang='lat' dir='ltr'>de</span> <span class='ocrx_word' id='word_1_236' title='bbox 988 1683 1030 1708; x_wconf 91' lang='lat' dir='ltr'>re</span> <span class='ocrx_word' id='word_1_237' title='bbox 1053 1670 1171 1707; x_wconf 88' lang='lat' dir='ltr'>etiam</span> <span class='ocrx_word' id='word_1_238' title='bbox 1201 1671 1258 1709; x_wconf 89' lang='lat' dir='ltr'>ita</span> <span class='ocrx_word' id='word_1_239' title='bbox 1279 1671 1327 1708; x_wconf 86' lang='lat' dir='ltr'>ad</span> <span class='ocrx_word' id='word_1_240' title='bbox 1348 1672 1608 1710; x_wconf 88' lang='lat' dir='ltr'>Athanasium</span> <span class='ocrx_word' id='word_1_241' title='bbox 1631 1673 1769 1710; x_wconf 84' lang='lat' dir='ltr'>scribit</span> <span class='ocrx_word' id='word_1_242' title='bbox 1791 1685 1850 1721; x_wconf 87' lang='lat' dir='ltr'>ep.</span> <span class='ocrx_word' id='word_1_243' title='bbox 1875 1679 1927 1712; x_wconf 83' lang='lat'>69</span> 
     </span>
     <span class='ocr_line' id='line_1_25' title="bbox 184 1729 1927 1780; baseline 0.001 -14"><span class='ocrx_word' id='word_1_244' title='bbox 184 1742 222 1766; x_wconf 87' lang='lat' dir='ltr'>n.</span> <span class='ocrx_word' id='word_1_245' title='bbox 252 1737 292 1769; x_wconf 89' lang='lat' dir='ltr'>l:</span> <span class='ocrx_word' id='word_1_246' title='bbox 317 1730 466 1774; x_wconf 70' lang='lat' dir='ltr'>„Nobis</span> <span class='ocrx_word' id='word_1_247' title='bbox 488 1731 621 1767; x_wconf 89' lang='lat' dir='ltr'>autem</span> <span class='ocrx_word' id='word_1_248' title='bbox 643 1741 783 1778; x_wconf 87' lang='lat' dir='ltr'>operae</span> <span class='ocrx_word' id='word_1_249' title='bbox 805 1729 981 1777; x_wconf 89' lang='lat' dir='ltr'>pretium</span> <span class='ocrx_word' id='word_1_250' title='bbox 1004 1742 1087 1767; x_wconf 88' lang='lat' dir='ltr'>esse</span> <span class='ocrx_word' id='word_1_251' title='bbox 1108 1730 1238 1767; x_wconf 85' lang='lat' dir='ltr'>visum</span> <span class='ocrx_word' id='word_1_252' title='bbox 1261 1732 1323 1768; x_wconf 90' lang='lat' dir='ltr'>est</span> <span class='ocrx_word' id='word_1_253' title='bbox 1344 1731 1392 1768; x_wconf 88' lang='lat' dir='ltr'>ad</span> <span class='ocrx_word' id='word_1_254' title='bbox 1415 1731 1645 1780; x_wconf 87' lang='lat' dir='ltr'>episcopum</span> <span class='ocrx_word' id='word_1_255' title='bbox 1668 1732 1811 1770; x_wconf 87' lang='lat' dir='ltr'>Romae</span> <span class='ocrx_word' id='word_1_256' title='bbox 1834 1731 1927 1769; x_wconf 88' lang='lat' dir='ltr'>scri-</span> 
     </span>
     <span class='ocr_line' id='line_1_26' title="bbox 184 1788 1927 1840; baseline 0.002 -15"><span class='ocrx_word' id='word_1_257' title='bbox 184 1789 286 1834; x_wconf 84' lang='lat' dir='ltr'>bere,</span> <span class='ocrx_word' id='word_1_258' title='bbox 310 1791 357 1826; x_wconf 89' lang='lat' dir='ltr'>ut</span> <span class='ocrx_word' id='word_1_259' title='bbox 377 1801 438 1826; x_wconf 92' lang='lat' dir='ltr'>res</span> <span class='ocrx_word' id='word_1_260' title='bbox 459 1791 610 1826; x_wconf 88' lang='lat' dir='ltr'>nostras</span> <span class='ocrx_word' id='word_1_261' title='bbox 632 1788 789 1832; x_wconf 82' lang='lat' dir='ltr'>invisat,</span> <span class='ocrx_word' id='word_1_262' title='bbox 813 1791 853 1825; x_wconf 87' lang='lat' dir='ltr'>et</span> <span class='ocrx_word' id='word_1_263' title='bbox 875 1788 1084 1826; x_wconf 90' lang='lat' dir='ltr'>consilium</span> <span class='ocrx_word' id='word_1_264' title='bbox 1107 1789 1210 1834; x_wconf 89' lang='lat' dir='ltr'>dare,</span> <span class='ocrx_word' id='word_1_265' title='bbox 1242 1791 1289 1827; x_wconf 90' lang='lat' dir='ltr'>ut</span> <span class='ocrx_word' id='word_1_266' title='bbox 1311 1802 1396 1827; x_wconf 91' lang='lat' dir='ltr'>cum</span> <span class='ocrx_word' id='word_1_267' title='bbox 1418 1790 1528 1827; x_wconf 88' lang='lat' dir='ltr'>illinc</span> <span class='ocrx_word' id='word_1_268' title='bbox 1551 1790 1749 1828; x_wconf 89' lang='lat' dir='ltr'>communi</span> <span class='ocrx_word' id='word_1_269' title='bbox 1769 1802 1812 1828; x_wconf 90' lang='lat' dir='ltr'>ac</span> <span class='ocrx_word' id='word_1_270' title='bbox 1835 1802 1927 1840; x_wconf 87' lang='lat' dir='ltr'>syn—</span> 
     </span>
     <span class='ocr_line' id='line_1_27' title="bbox 184 1847 1928 1899; baseline 0.001 -15"><span class='ocrx_word' id='word_1_271' title='bbox 184 1847 294 1886; x_wconf 87' lang='lat' dir='ltr'>odico</span> <span class='ocrx_word' id='word_1_272' title='bbox 316 1847 472 1885; x_wconf 86' lang='lat' dir='ltr'>decreto</span> <span class='ocrx_word' id='word_1_273' title='bbox 495 1848 649 1897; x_wconf 86' lang='lat' dir='ltr'>aliquos</span> <span class='ocrx_word' id='word_1_274' title='bbox 671 1847 779 1884; x_wconf 90' lang='lat' dir='ltr'>mitti</span> <span class='ocrx_word' id='word_1_275' title='bbox 803 1847 962 1885; x_wconf 87' lang='lat' dir='ltr'>difficile</span> <span class='ocrx_word' id='word_1_276' title='bbox 986 1850 1051 1892; x_wconf 82' lang='lat' dir='ltr'>sit,</span> <span class='ocrx_word' id='word_1_277' title='bbox 1075 1848 1160 1896; x_wconf 90' lang='lat' dir='ltr'>ipse</span> <span class='ocrx_word' id='word_1_278' title='bbox 1192 1848 1263 1886; x_wconf 90' lang='lat' dir='ltr'>hoc</span> <span class='ocrx_word' id='word_1_279' title='bbox 1293 1849 1498 1898; x_wconf 78' lang='lat' dir='ltr'>negotium</span> <span class='ocrx_word' id='word_1_280' title='bbox 1531 1861 1602 1887; x_wconf 92' lang='lat' dir='ltr'>suo</span> <span class='ocrx_word' id='word_1_281' title='bbox 1634 1852 1758 1887; x_wconf 86' lang='lat' dir='ltr'>marte</span> <span class='ocrx_word' id='word_1_282' title='bbox 1790 1861 1928 1899; x_wconf 88' lang='lat' dir='ltr'>aggre-</span> 
     </span>
     <span class='ocr_line' id='line_1_28' title="bbox 184 1903 1928 1963; baseline 0.002 -20"><span class='ocrx_word' id='word_1_283' title='bbox 184 1906 316 1944; x_wconf 84' lang='lat' dir='ltr'>diatur</span> <span class='ocrx_word' id='word_1_284' title='bbox 338 1903 472 1958; x_wconf 66' lang='grc' dir='ltr'>(αὐτὸν</span> <span class='ocrx_word' id='word_1_285' title='bbox 495 1903 737 1963; x_wconf 50' lang='lat' dir='ltr'>auffert-fison.</span> <span class='ocrx_word' id='word_1_286' title='bbox 759 1907 846 1960; x_wconf 79' lang='grc' dir='ltr'>περὶ</span> <span class='ocrx_word' id='word_1_287' title='bbox 869 1909 912 1947; x_wconf 85' lang='grc' dir='ltr'>τὸ</span> <span class='ocrx_word' id='word_1_288' title='bbox 934 1904 1116 1961; x_wconf 77' lang='grc' dir='ltr'>πρᾶγμα)</span> <span class='ocrx_word' id='word_1_289' title='bbox 1149 1907 1301 1957; x_wconf 78' lang='lat' dir='ltr'>eligens</span> <span class='ocrx_word' id='word_1_290' title='bbox 1334 1908 1509 1946; x_wconf 91' lang='lat' dir='ltr'>homines</span> <span class='ocrx_word' id='word_1_291' title='bbox 1540 1909 1700 1946; x_wconf 89' lang='lat' dir='ltr'>idoneos</span> <span class='ocrx_word' id='word_1_292' title='bbox 1732 1909 1781 1946; x_wconf 92' lang='lat' dir='ltr'>ad</span> <span class='ocrx_word' id='word_1_293' title='bbox 1802 1908 1928 1958; x_wconf 88' lang='lat' dir='ltr'>perfe-</span> 
     </span>
     <span class='ocr_line' id='line_1_29' title="bbox 182 1965 1927 2016; baseline 0.001 -14"><span class='ocrx_word' id='word_1_294' title='bbox 182 1965 324 2004; x_wconf 86' lang='lat' dir='ltr'>rendos</span> <span class='ocrx_word' id='word_1_295' title='bbox 346 1966 498 2003; x_wconf 87' lang='lat' dir='ltr'>itineris</span> <span class='ocrx_word' id='word_1_296' title='bbox 520 1966 686 2010; x_wconf 87' lang='lat' dir='ltr'>labores,</span> <span class='ocrx_word' id='word_1_297' title='bbox 709 1966 870 2003; x_wconf 79' lang='lat' dir='ltr'>idoneos</span> <span class='ocrx_word' id='word_1_298' title='bbox 905 1966 953 2003; x_wconf 87' lang='lat' dir='ltr'>ad</span> <span class='ocrx_word' id='word_1_299' title='bbox 975 1977 1053 2012; x_wconf 92' lang='lat' dir='ltr'>eos,</span> <span class='ocrx_word' id='word_1_300' title='bbox 1087 1966 1157 2014; x_wconf 90' lang='lat' dir='ltr'>qui</span> <span class='ocrx_word' id='word_1_301' title='bbox 1187 1967 1292 2016; x_wconf 87' lang='lat' dir='ltr'>apud</span> <span class='ocrx_word' id='word_1_302' title='bbox 1322 1980 1391 2005; x_wconf 91' lang='lat' dir='ltr'>nos</span> <span class='ocrx_word' id='word_1_303' title='bbox 1422 1968 1596 2016; x_wconf 91' lang='lat' dir='ltr'>perversi</span> <span class='ocrx_word' id='word_1_304' title='bbox 1626 1969 1730 2014; x_wconf 90' lang='lat' dir='ltr'>sunt,</span> <span class='ocrx_word' id='word_1_305' title='bbox 1763 1968 1927 2005; x_wconf 83' lang='lat' dir='ltr'>lenitate</span> 
     </span>
     <span class='ocr_line' id='line_1_30' title="bbox 183 2024 1928 2075; baseline 0.001 -13"><span class='ocrx_word' id='word_1_306' title='bbox 183 2036 226 2062; x_wconf 85' lang='lat' dir='ltr'>ac</span> <span class='ocrx_word' id='word_1_307' title='bbox 247 2024 371 2062; x_wconf 86' lang='lat' dir='ltr'>animi</span> <span class='ocrx_word' id='word_1_308' title='bbox 383 2025 602 2063; x_wconf 87' lang='lat' dir='ltr'>constantia</span> <span class='ocrx_word' id='word_1_309' title='bbox 616 2024 867 2074; x_wconf 84' lang='lat' dir='ltr'>corrigendos</span> <span class='ocrx_word' id='word_1_310' title='bbox 882 2027 1054 2062; x_wconf 82' lang='lat' dir='ltr'>etc.«—</span> <span class='ocrx_word' id='word_1_311' title='bbox 1069 2025 1202 2063; x_wconf 84' lang='lat' dir='ltr'>Testes</span> <span class='ocrx_word' id='word_1_312' title='bbox 1227 2028 1320 2063; x_wconf 90' lang='lat' dir='ltr'>sunt</span> <span class='ocrx_word' id='word_1_313' title='bbox 1343 2027 1515 2075; x_wconf 84' lang='lat' dir='ltr'>episcopi</span> <span class='ocrx_word' id='word_1_314' title='bbox 1537 2027 1793 2064; x_wconf 85' lang='lat' dir='ltr'>orientale</span> <span class='ocrx_word' id='word_1_315' title='bbox 1806 2038 1835 2072; x_wconf 87' lang='lat' dir='ltr'>s,</span> <span class='ocrx_word' id='word_1_316' title='bbox 1860 2027 1928 2074; x_wconf 86' lang='lat' dir='ltr'>qui</span> 
     </span>
     <span class='ocr_line' id='line_1_31' title="bbox 183 2081 1926 2137; baseline 0.002 -17"><span class='ocrx_word' id='word_1_317' title='bbox 183 2097 204 2120; x_wconf 88' lang='lat' dir='ltr'>a</span> <span class='ocrx_word' id='word_1_318' title='bbox 224 2084 389 2122; x_wconf 90' lang='lat' dir='ltr'>Damaso</span> <span class='ocrx_word' id='word_1_319' title='bbox 413 2081 454 2137; x_wconf 85' lang='lat'>(†</span> <span class='ocrx_word' id='word_1_320' title='bbox 478 2082 578 2136; x_wconf 83' lang='lat'>384)</span> <span class='ocrx_word' id='word_1_321' title='bbox 602 2084 807 2130; x_wconf 86' lang='lat' dir='ltr'>Timothei,</span> <span class='ocrx_word' id='word_1_322' title='bbox 839 2084 1081 2133; x_wconf 87' lang='lat' dir='ltr'>Apollinaris</span> <span class='ocrx_word' id='word_1_323' title='bbox 1113 2084 1309 2133; x_wconf 88' lang='lat' dir='ltr'>discipuli,</span> <span class='ocrx_word' id='word_1_324' title='bbox 1342 2086 1631 2123; x_wconf 84' lang='lat' dir='ltr'>damnationem</span> <span class='ocrx_word' id='word_1_325' title='bbox 1663 2086 1926 2134; x_wconf 85' lang='lat' dir='ltr'>postularunt,</span> 
     </span>
     <span class='ocr_line' id='line_1_32' title="bbox 182 2140 1927 2196; baseline 0.001 -16"><span class='ocrx_word' id='word_1_326' title='bbox 182 2144 230 2180; x_wconf 88' lang='lat' dir='ltr'>ut</span> <span class='ocrx_word' id='word_1_327' title='bbox 250 2143 378 2192; x_wconf 89' lang='lat' dir='ltr'>liquet</span> <span class='ocrx_word' id='word_1_328' title='bbox 397 2156 443 2181; x_wconf 82' lang='lat' dir='ltr'>ex</span> <span class='ocrx_word' id='word_1_329' title='bbox 464 2144 584 2193; x_wconf 88' lang='lat' dir='ltr'>hujus</span> <span class='ocrx_word' id='word_1_330' title='bbox 607 2157 665 2192; x_wconf 91' lang='lat' dir='ltr'>ep.</span> <span class='ocrx_word' id='word_1_331' title='bbox 695 2149 756 2188; x_wconf 82' lang='lat'>14,</span> <span class='ocrx_word' id='word_1_332' title='bbox 792 2143 832 2180; x_wconf 89' lang='lat' dir='ltr'>in</span> <span class='ocrx_word' id='word_1_333' title='bbox 856 2156 933 2191; x_wconf 91' lang='lat' dir='ltr'>qua</span> <span class='ocrx_word' id='word_1_334' title='bbox 956 2142 1043 2181; x_wconf 94' lang='lat' dir='ltr'>illos</span> <span class='ocrx_word' id='word_1_335' title='bbox 1067 2140 1301 2196; x_wconf 88' lang='lat' dir='ltr'>(episcopos)</span> <span class='ocrx_word' id='word_1_336' title='bbox 1332 2144 1433 2182; x_wconf 90' lang='lat' dir='ltr'>filios</span> <span class='ocrx_word' id='word_1_337' title='bbox 1466 2145 1687 2183; x_wconf 87' lang='lat' dir='ltr'>carissimos</span> <span class='ocrx_word' id='word_1_338' title='bbox 1719 2144 1927 2193; x_wconf 89' lang='lat' dir='ltr'>compellat</span> 
     </span>
     <span class='ocr_line' id='line_1_33' title="bbox 182 2201 1928 2252; baseline 0.001 -13"><span class='ocrx_word' id='word_1_339' title='bbox 182 2204 222 2239; x_wconf 89' lang='lat' dir='ltr'>et</span> <span class='ocrx_word' id='word_1_340' title='bbox 242 2215 280 2240; x_wconf 93' lang='lat' dir='ltr'>n.</span> <span class='ocrx_word' id='word_1_341' title='bbox 305 2208 327 2243; x_wconf 91' lang='lat'><strong>3</strong></span> <span class='ocrx_word' id='word_1_342' title='bbox 352 2202 506 2240; x_wconf 77' lang='lat' dir='ltr'>scribit:</span> <span class='ocrx_word' id='word_1_343' title='bbox 535 2201 667 2247; x_wconf 74' lang='lat' dir='ltr'>,Quid</span> <span class='ocrx_word' id='word_1_344' title='bbox 688 2202 814 2252; x_wconf 86' lang='lat' dir='ltr'>igitur</span> <span class='ocrx_word' id='word_1_345' title='bbox 835 2202 1121 2251; x_wconf 85' lang='lat' dir='ltr'>depositionem</span> <span class='ocrx_word' id='word_1_346' title='bbox 1144 2216 1165 2239; x_wconf 91' lang='lat' dir='ltr'>a</span> <span class='ocrx_word' id='word_1_347' title='bbox 1187 2216 1249 2240; x_wconf 93' lang='lat' dir='ltr'>me</span> <span class='ocrx_word' id='word_1_348' title='bbox 1271 2203 1399 2241; x_wconf 90' lang='lat' dir='ltr'>denuo</span> <span class='ocrx_word' id='word_1_349' title='bbox 1430 2204 1659 2252; x_wconf 89' lang='lat' dir='ltr'>postulatis,</span> <span class='ocrx_word' id='word_1_350' title='bbox 1693 2204 1762 2252; x_wconf 91' lang='lat' dir='ltr'>qui</span> <span class='ocrx_word' id='word_1_351' title='bbox 1795 2205 1834 2240; x_wconf 89' lang='lat' dir='ltr'>et</span> <span class='ocrx_word' id='word_1_352' title='bbox 1866 2204 1928 2240; x_wconf 90' lang='lat' dir='ltr'>hic</span> 
     </span>
     <span class='ocr_line' id='line_1_34' title="bbox 180 2260 1925 2312; baseline 0.001 -14"><span class='ocrx_word' id='word_1_353' title='bbox 180 2260 328 2309; x_wconf 88' lang='lat' dir='ltr'>judicio</span> <span class='ocrx_word' id='word_1_354' title='bbox 351 2261 455 2299; x_wconf 87' lang='lat' dir='ltr'>sedis</span> <span class='ocrx_word' id='word_1_355' title='bbox 478 2262 731 2310; x_wconf 86' lang='lat' dir='ltr'>apostolicae.</span> <span class='ocrx_word' id='word_1_356' title='bbox 748 2291 756 2298; x_wconf 89' lang='lat'><strong><em>.</em></strong></span> <span class='ocrx_word' id='word_1_357' title='bbox 769 2294 777 2302; x_wconf 91' lang='lat'>.</span> <span class='ocrx_word' id='word_1_358' title='bbox 792 2261 998 2310; x_wconf 90' lang='lat' dir='ltr'>depositus</span> <span class='ocrx_word' id='word_1_359' title='bbox 1021 2264 1080 2300; x_wconf 91' lang='lat' dir='ltr'>est</span> <span class='ocrx_word' id='word_1_360' title='bbox 1101 2275 1183 2299; x_wconf 88' lang='lat' dir='ltr'>una</span> <span class='ocrx_word' id='word_1_361' title='bbox 1204 2274 1294 2299; x_wconf 92' lang='lat' dir='ltr'>cum</span> <span class='ocrx_word' id='word_1_362' title='bbox 1315 2263 1505 2312; x_wconf 89' lang='lat' dir='ltr'>magistro</span> <span class='ocrx_word' id='word_1_363' title='bbox 1528 2275 1598 2301; x_wconf 89' lang='lat' dir='ltr'>suo</span> <span class='ocrx_word' id='word_1_364' title='bbox 1623 2262 1925 2312; x_wconf 66' lang='lat' dir='ltr'>Apollinario?‘</span> 
     </span>
     <span class='ocr_line' id='line_1_35' title="bbox 184 2319 1926 2375; baseline 0.001 -18"><span class='ocrx_word' id='word_1_365' title='bbox 184 2319 345 2369; x_wconf 87' lang='lat' dir='ltr'>Saepius</span> <span class='ocrx_word' id='word_1_366' title='bbox 376 2321 549 2369; x_wconf 88' lang='lat' dir='ltr'>episcopi</span> <span class='ocrx_word' id='word_1_367' title='bbox 579 2320 807 2358; x_wconf 89' lang='lat' dir='ltr'>africani</span> <span class='ocrx_word' id='word_1_368' title='bbox 838 2323 1095 2358; x_wconf 86' lang='lat' dir='ltr'>recurrerunt</span> <span class='ocrx_word' id='word_1_369' title='bbox 1125 2321 1174 2358; x_wconf 87' lang='lat' dir='ltr'>ad</span> <span class='ocrx_word' id='word_1_370' title='bbox 1204 2322 1460 2359; x_wconf 87' lang='lat' dir='ltr'>Anastasium</span> <span class='ocrx_word' id='word_1_371' title='bbox 1492 2319 1533 2374; x_wconf 87' lang='lat'>(†</span> <span class='ocrx_word' id='word_1_372' title='bbox 1557 2319 1658 2375; x_wconf 87' lang='lat'>401)</span> <span class='ocrx_word' id='word_1_373' title='bbox 1691 2322 1793 2359; x_wconf 87' lang='lat' dir='ltr'>circa</span> <span class='ocrx_word' id='word_1_374' title='bbox 1824 2321 1926 2359; x_wconf 87' lang='lat' dir='ltr'>ordi-</span> 
     </span>
     <span class='ocr_line' id='line_1_36' title="bbox 181 2378 1926 2433; baseline 0 -17"><span class='ocrx_word' id='word_1_375' title='bbox 181 2379 343 2425; x_wconf 89' lang='lat' dir='ltr'>nandos,</span> <span class='ocrx_word' id='word_1_376' title='bbox 365 2382 412 2416; x_wconf 86' lang='lat' dir='ltr'>ut</span> <span class='ocrx_word' id='word_1_377' title='bbox 431 2382 542 2428; x_wconf 87' lang='lat' dir='ltr'>patet</span> <span class='ocrx_word' id='word_1_378' title='bbox 563 2392 607 2416; x_wconf 83' lang='lat' dir='ltr'>ex</span> <span class='ocrx_word' id='word_1_379' title='bbox 630 2379 766 2422; x_wconf 89' lang='lat' dir='ltr'>codice</span> <span class='ocrx_word' id='word_1_380' title='bbox 784 2391 978 2417; x_wconf 88' lang='lat' dir='ltr'>canonum</span> <span class='ocrx_word' id='word_1_381' title='bbox 1001 2380 1184 2417; x_wconf 88' lang='lat' dir='ltr'>ecclesiae</span> <span class='ocrx_word' id='word_1_382' title='bbox 1209 2379 1399 2418; x_wconf 85' lang='lat' dir='ltr'>africanae</span> <span class='ocrx_word' id='word_1_383' title='bbox 1416 2378 1487 2433; x_wconf 87' lang='lat' dir='ltr'>(cc.</span> <span class='ocrx_word' id='word_1_384' title='bbox 1505 2388 1570 2421; x_wconf 85' lang='lat'>56.</span> <span class='ocrx_word' id='word_1_385' title='bbox 1589 2379 1684 2433; x_wconf 78' lang='lat'>68),</span> <span class='ocrx_word' id='word_1_386' title='bbox 1699 2380 1926 2430; x_wconf 86' lang='lat' dir='ltr'>gratiasque</span> 
     </span>
     <span class='ocr_line' id='line_1_37' title="bbox 182 2436 1926 2490; baseline 0.001 -16"><span class='ocrx_word' id='word_1_387' title='bbox 182 2440 306 2487; x_wconf 88' lang='lat' dir='ltr'>agunt</span> <span class='ocrx_word' id='word_1_388' title='bbox 328 2438 494 2476; x_wconf 92' lang='lat' dir='ltr'>Domino</span> <span class='ocrx_word' id='word_1_389' title='bbox 518 2436 565 2489; x_wconf 88' lang='lat' dir='ltr'>(c.</span> <span class='ocrx_word' id='word_1_390' title='bbox 593 2436 676 2490; x_wconf 84' lang='lat'>65),</span> <span class='ocrx_word' id='word_1_391' title='bbox 703 2438 839 2486; x_wconf 71' lang='lat' dir='ltr'>„quod</span> <span class='ocrx_word' id='word_1_392' title='bbox 862 2439 923 2475; x_wconf 89' lang='lat' dir='ltr'>illi</span> <span class='ocrx_word' id='word_1_393' title='bbox 946 2439 1096 2487; x_wconf 91' lang='lat' dir='ltr'>optimo</span> <span class='ocrx_word' id='word_1_394' title='bbox 1119 2451 1162 2475; x_wconf 86' lang='lat' dir='ltr'>ac</span> <span class='ocrx_word' id='word_1_395' title='bbox 1185 2442 1318 2476; x_wconf 86' lang='lat' dir='ltr'>sancto</span> <span class='ocrx_word' id='word_1_396' title='bbox 1341 2440 1513 2477; x_wconf 88' lang='lat' dir='ltr'>antistiti</span> <span class='ocrx_word' id='word_1_397' title='bbox 1535 2452 1606 2477; x_wconf 93' lang='lat' dir='ltr'>suo</span> <span class='ocrx_word' id='word_1_398' title='bbox 1629 2443 1709 2477; x_wconf 89' lang='lat' dir='ltr'>tam</span> <span class='ocrx_word' id='word_1_399' title='bbox 1731 2440 1837 2489; x_wconf 88' lang='lat' dir='ltr'>piam</span> <span class='ocrx_word' id='word_1_400' title='bbox 1859 2452 1926 2476; x_wconf 91' lang='lat' dir='ltr'>cu-</span> 
     </span>
     <span class='ocr_line' id='line_1_38' title="bbox 181 2497 1926 2547; baseline 0 -13"><span class='ocrx_word' id='word_1_401' title='bbox 181 2509 264 2534; x_wconf 89' lang='lat' dir='ltr'>ram</span> <span class='ocrx_word' id='word_1_402' title='bbox 284 2508 355 2545; x_wconf 88' lang='lat' dir='ltr'>pro</span> <span class='ocrx_word' id='word_1_403' title='bbox 376 2497 563 2535; x_wconf 90' lang='lat' dir='ltr'>membris</span> <span class='ocrx_word' id='word_1_404' title='bbox 587 2497 743 2542; x_wconf 86' lang='lat' dir='ltr'>Christi,</span> <span class='ocrx_word' id='word_1_405' title='bbox 768 2497 947 2545; x_wconf 90' lang='lat' dir='ltr'>quamvis</span> <span class='ocrx_word' id='word_1_406' title='bbox 969 2498 1011 2534; x_wconf 91' lang='lat' dir='ltr'>in</span> <span class='ocrx_word' id='word_1_407' title='bbox 1034 2497 1263 2535; x_wconf 86' lang='lat' dir='ltr'>diversitate</span> <span class='ocrx_word' id='word_1_408' title='bbox 1285 2500 1496 2546; x_wconf 84' lang='lat' dir='ltr'>terrarum,</span> <span class='ocrx_word' id='word_1_409' title='bbox 1512 2499 1580 2536; x_wconf 88' lang='lat' dir='ltr'>sed</span> <span class='ocrx_word' id='word_1_410' title='bbox 1593 2499 1635 2536; x_wconf 90' lang='lat' dir='ltr'>in</span> <span class='ocrx_word' id='word_1_411' title='bbox 1649 2512 1730 2536; x_wconf 91' lang='lat' dir='ltr'>una</span> <span class='ocrx_word' id='word_1_412' title='bbox 1743 2511 1926 2547; x_wconf 82' lang='lat' dir='ltr'>compage</span> 
     </span>
     <span class='ocr_line' id='line_1_39' title="bbox 182 2555 1926 2607; baseline 0.001 -14"><span class='ocrx_word' id='word_1_413' title='bbox 182 2556 354 2605; x_wconf 88' lang='lat' dir='ltr'>corporis</span> <span class='ocrx_word' id='word_1_414' title='bbox 387 2556 625 2601; x_wconf 87' lang='lat' dir='ltr'>constitutis,</span> <span class='ocrx_word' id='word_1_415' title='bbox 660 2556 853 2605; x_wconf 86' lang='lat' dir='ltr'>inspirare</span> <span class='ocrx_word' id='word_1_416' title='bbox 894 2555 1081 2605; x_wconf 89' lang='lat' dir='ltr'>dignatus</span> <span class='ocrx_word' id='word_1_417' title='bbox 1123 2558 1223 2594; x_wconf 85' lang='lat' dir='ltr'>est.«</span> <span class='ocrx_word' id='word_1_418' title='bbox 1269 2557 1361 2594; x_wconf 88' lang='lat' dir='ltr'>Cum</span> <span class='ocrx_word' id='word_1_419' title='bbox 1397 2558 1728 2607; x_wconf 87' lang='lat' dir='ltr'>Augustinus</span> <span class='ocrx_word' id='word_1_420' title='bbox 1771 2561 1926 2595; x_wconf 89' lang='lat' dir='ltr'>coactus</span> 
     </span>
     <span class='ocr_line' id='line_1_40' title="bbox 180 2614 1924 2666; baseline 0 -14"><span class='ocrx_word' id='word_1_421' title='bbox 180 2614 323 2652; x_wconf 85' lang='lat' dir='ltr'>fuisset</span> <span class='ocrx_word' id='word_1_422' title='bbox 343 2615 572 2660; x_wconf 89' lang='lat' dir='ltr'>Antonium,</span> <span class='ocrx_word' id='word_1_423' title='bbox 597 2627 714 2663; x_wconf 90' lang='lat' dir='ltr'>quem</span> <span class='ocrx_word' id='word_1_424' title='bbox 736 2615 994 2652; x_wconf 83' lang='lat' dir='ltr'>fussalensem</span> <span class='ocrx_word' id='word_1_425' title='bbox 1016 2615 1240 2663; x_wconf 86' lang='lat' dir='ltr'>episcopum</span> <span class='ocrx_word' id='word_1_426' title='bbox 1262 2618 1470 2662; x_wconf 87' lang='lat' dir='ltr'>creaverat,</span> <span class='ocrx_word' id='word_1_427' title='bbox 1502 2619 1663 2666; x_wconf 89' lang='lat' dir='ltr'>propter</span> <span class='ocrx_word' id='word_1_428' title='bbox 1691 2617 1838 2654; x_wconf 90' lang='lat' dir='ltr'>scelera</span> <span class='ocrx_word' id='word_1_429' title='bbox 1859 2616 1924 2652; x_wconf 85' lang='lat' dir='ltr'>ad-</span> 
     </span>
    </p>
   </div>
   <div class='ocr_carea' id='block_1_4' title="bbox 186 2707 466 2712">
    <p class='ocr_par' dir='ltr' id='par_1_4' title="bbox 186 2707 466 2712">
     <span class='ocr_line' id='line_1_41' title="bbox 186 2707 466 2712; baseline 0 0"><span class='ocrx_word' id='word_1_430' title='bbox 186 2707 466 2712; x_wconf 95' lang='lat' dir='ltr'> </span> 
     </span>
    </p>
   </div>
   <div class='ocr_carea' id='block_1_5' title="bbox 181 2763 1924 3122">
    <p class='ocr_par' dir='ltr' id='par_1_5' title="bbox 181 2763 1924 2957">
     <span class='ocr_line' id='line_1_42' title="bbox 326 2763 1924 2810; baseline -0.001 -13"><span class='ocrx_word' id='word_1_431' title='bbox 326 2764 354 2810; x_wconf 81' lang='grc'>1)</span> <span class='ocrx_word' id='word_1_432' title='bbox 371 2763 609 2798; x_wconf 83' lang='lat' dir='ltr'>Eusebius</span> <span class='ocrx_word' id='word_1_433' title='bbox 626 2764 649 2798; x_wconf 87' lang='lat' dir='ltr'>l.</span> <span class='ocrx_word' id='word_1_434' title='bbox 669 2776 697 2798; x_wconf 91' lang='lat' dir='ltr'>c.</span> <span class='ocrx_word' id='word_1_435' title='bbox 718 2764 762 2809; x_wconf 80' lang='lat' dir='ltr'>V,</span> <span class='ocrx_word' id='word_1_436' title='bbox 780 2765 845 2802; x_wconf 72' lang='lat'>24;</span> <span class='ocrx_word' id='word_1_437' title='bbox 865 2764 1195 2808; x_wconf 87' lang='lat' dir='ltr'>Hieronymus</span> <span class='ocrx_word' id='word_1_438' title='bbox 1213 2765 1257 2798; x_wconf 86' lang='lat' dir='ltr'>de</span> <span class='ocrx_word' id='word_1_439' title='bbox 1275 2765 1363 2799; x_wconf 80' lang='lat' dir='ltr'>viris</span> <span class='ocrx_word' id='word_1_440' title='bbox 1381 2765 1435 2800; x_wconf 86' lang='lat' dir='ltr'>ill.</span> <span class='ocrx_word' id='word_1_441' title='bbox 1455 2777 1483 2800; x_wconf 76' lang='lat' dir='ltr'>C.</span> <span class='ocrx_word' id='word_1_442' title='bbox 1506 2767 1559 2801; x_wconf 84' lang='lat'>17.</span> <span class='ocrx_word' id='word_1_443' title='bbox 1587 2765 1674 2799; x_wconf 84' lang='lat' dir='ltr'>Sch</span> <span class='ocrx_word' id='word_1_444' title='bbox 1690 2765 1810 2799; x_wconf 82' lang='lat' dir='ltr'>midt</span> <span class='ocrx_word' id='word_1_445' title='bbox 1828 2763 1924 2804; x_wconf 81' lang='lat' dir='ltr'>(Bib-</span> 
     </span>
     <span class='ocr_line' id='line_1_43' title="bbox 182 2815 1922 2863; baseline 0 -14"><span class='ocrx_word' id='word_1_446' title='bbox 182 2816 325 2850; x_wconf 85' lang='lat' dir='ltr'>liothek</span> <span class='ocrx_word' id='word_1_447' title='bbox 354 2815 415 2850; x_wconf 73' lang='lat' dir='ltr'>frn-</span> <span class='ocrx_word' id='word_1_448' title='bbox 434 2816 555 2851; x_wconf 85' lang='lat' dir='ltr'>Kritik</span> <span class='ocrx_word' id='word_1_449' title='bbox 581 2817 657 2851; x_wconf 88' lang='lat' dir='ltr'>und</span> <span class='ocrx_word' id='word_1_450' title='bbox 675 2816 858 2860; x_wconf 81' lang='lat' dir='ltr'>Exegetik</span> <span class='ocrx_word' id='word_1_451' title='bbox 879 2820 910 2857; x_wconf 74' lang='lat'>2,</span> <span class='ocrx_word' id='word_1_452' title='bbox 933 2817 965 2862; x_wconf 95' lang='lat'>1)</span> <span class='ocrx_word' id='word_1_453' title='bbox 993 2818 1222 2861; x_wconf 82' lang='lat' dir='ltr'>suspicatur:</span> <span class='ocrx_word' id='word_1_454' title='bbox 1257 2817 1340 2856; x_wconf 69' lang='lat' dir='ltr'>²,Sie</span> <span class='ocrx_word' id='word_1_455' title='bbox 1359 2818 1597 2863; x_wconf 81' lang='lat' dir='ltr'>(Polycarpus</span> <span class='ocrx_word' id='word_1_456' title='bbox 1625 2822 1660 2852; x_wconf 89' lang='lat' dir='ltr'>et</span> <span class='ocrx_word' id='word_1_457' title='bbox 1678 2817 1922 2862; x_wconf 72' lang='lat' dir='ltr'>Hegesippus,</span> 
     </span>
     <span class='ocr_line' id='line_1_44' title="bbox 182 2869 1920 2914; baseline -0.001 -11"><span class='ocrx_word' id='word_1_458' title='bbox 182 2869 246 2913; x_wconf 89' lang='lat' dir='ltr'>qui</span> <span class='ocrx_word' id='word_1_459' title='bbox 263 2869 401 2913; x_wconf 84' lang='lat' dir='ltr'>pariter</span> <span class='ocrx_word' id='word_1_460' title='bbox 418 2869 572 2904; x_wconf 84' lang='lat' dir='ltr'>Romam</span> <span class='ocrx_word' id='word_1_461' title='bbox 590 2872 756 2914; x_wconf 82' lang='lat' dir='ltr'>venerat)</span> <span class='ocrx_word' id='word_1_462' title='bbox 776 2870 907 2904; x_wconf 73' lang='lat' dir='ltr'>hatten</span> <span class='ocrx_word' id='word_1_463' title='bbox 940 2870 1010 2904; x_wconf 88' lang='lat' dir='ltr'>mit</span> <span class='ocrx_word' id='word_1_464' title='bbox 1037 2869 1120 2904; x_wconf 88' lang='lat' dir='ltr'>dem</span> <span class='ocrx_word' id='word_1_465' title='bbox 1138 2870 1292 2905; x_wconf 86' lang='lat' dir='ltr'>Bischof</span> <span class='ocrx_word' id='word_1_466' title='bbox 1314 2882 1386 2905; x_wconf 86' lang='lat' dir='ltr'>von</span> <span class='ocrx_word' id='word_1_467' title='bbox 1403 2871 1495 2905; x_wconf 86' lang='lat' dir='ltr'>Rom</span> <span class='ocrx_word' id='word_1_468' title='bbox 1515 2872 1574 2905; x_wconf 81' lang='lat' dir='ltr'>die</span> <span class='ocrx_word' id='word_1_469' title='bbox 1591 2870 1920 2914; x_wconf 80' lang='lat' dir='ltr'>Nothwendigkeit</span> 
     </span>
     <span class='ocr_line' id='line_1_45' title="bbox 181 2922 1031 2957; baseline 0.001 -1"><span class='ocrx_word' id='word_1_470' title='bbox 181 2922 246 2956; x_wconf 82' lang='lat' dir='ltr'>der</span> <span class='ocrx_word' id='word_1_471' title='bbox 266 2922 411 2956; x_wconf 83' lang='lat' dir='ltr'>Einheit</span> <span class='ocrx_word' id='word_1_472' title='bbox 427 2923 503 2957; x_wconf 86' lang='lat' dir='ltr'>und</span> <span class='ocrx_word' id='word_1_473' title='bbox 521 2923 592 2957; x_wconf 91' lang='lat' dir='ltr'>den</span> <span class='ocrx_word' id='word_1_474' title='bbox 614 2923 753 2957; x_wconf 82' lang='lat' dir='ltr'>Primat</span> <span class='ocrx_word' id='word_1_475' title='bbox 771 2922 1031 2957; x_wconf 74' lang='lat' dir='ltr'>ver-‹ibredetl‘</span> 
     </span>
    </p>

    <p class='ocr_par' dir='ltr' id='par_1_6' title="bbox 181 2975 1923 3122">
     <span class='ocr_line' id='line_1_46' title="bbox 325 2975 1922 3022; baseline 0 -12"><span class='ocrx_word' id='word_1_476' title='bbox 325 2980 352 3018; x_wconf 81' lang='lat'>²)</span> <span class='ocrx_word' id='word_1_477' title='bbox 371 2975 423 3010; x_wconf 73' lang='lat' dir='ltr'>Cf.</span> <span class='ocrx_word' id='word_1_478' title='bbox 442 2987 565 3020; x_wconf 82' lang='lat' dir='ltr'>opusc.</span> <span class='ocrx_word' id='word_1_479' title='bbox 583 2975 699 3017; x_wconf 86' lang='lat' dir='ltr'>XVH,</span> <span class='ocrx_word' id='word_1_480' title='bbox 724 2978 800 3011; x_wconf 81' lang='lat'><strong>16¹.</strong></span> <span class='ocrx_word' id='word_1_481' title='bbox 835 2976 956 3010; x_wconf 86' lang='lat' dir='ltr'>Etiam</span> <span class='ocrx_word' id='word_1_482' title='bbox 976 2976 1140 3011; x_wconf 87' lang='lat' dir='ltr'>Hilari</span> <span class='ocrx_word' id='word_1_483' title='bbox 1153 2989 1177 3011; x_wconf 90' lang='lat' dir='ltr'>u</span> <span class='ocrx_word' id='word_1_484' title='bbox 1192 2989 1207 3011; x_wconf 90' lang='lat' dir='ltr'>s</span> <span class='ocrx_word' id='word_1_485' title='bbox 1225 2977 1356 3022; x_wconf 87' lang='lat' dir='ltr'>fragm.</span> <span class='ocrx_word' id='word_1_486' title='bbox 1376 2977 1438 3012; x_wconf 83' lang='lat' dir='ltr'>IV.</span> <span class='ocrx_word' id='word_1_487' title='bbox 1456 2990 1491 3011; x_wconf 88' lang='lat' dir='ltr'>n.</span> <span class='ocrx_word' id='word_1_488' title='bbox 1511 2980 1531 3010; x_wconf 85' lang='grc'>2</span> <span class='ocrx_word' id='word_1_489' title='bbox 1550 2979 1731 3012; x_wconf 85' lang='lat' dir='ltr'>testatur:</span> <span class='ocrx_word' id='word_1_490' title='bbox 1771 2976 1922 3017; x_wconf 75' lang='lat' dir='ltr'>‚Quales</span> 
     </span>
     <span class='ocr_line' id='line_1_47' title="bbox 181 3029 1923 3075; baseline 0.001 -13"><span class='ocrx_word' id='word_1_491' title='bbox 181 3029 312 3063; x_wconf 89' lang='lat' dir='ltr'>literae</span> <span class='ocrx_word' id='word_1_492' title='bbox 330 3039 374 3063; x_wconf 82' lang='lat' dir='ltr'>ex</span> <span class='ocrx_word' id='word_1_493' title='bbox 392 3031 562 3074; x_wconf 84' lang='lat' dir='ltr'>Aegypto</span> <span class='ocrx_word' id='word_1_494' title='bbox 580 3030 681 3063; x_wconf 91' lang='lat' dir='ltr'>omni</span> <span class='ocrx_word' id='word_1_495' title='bbox 698 3031 811 3073; x_wconf 87' lang='lat' dir='ltr'>atque</span> <span class='ocrx_word' id='word_1_496' title='bbox 828 3029 1056 3063; x_wconf 82' lang='lat' dir='ltr'>Alexandria</span> <span class='ocrx_word' id='word_1_497' title='bbox 1074 3030 1121 3064; x_wconf 90' lang='lat' dir='ltr'>ad</span> <span class='ocrx_word' id='word_1_498' title='bbox 1138 3029 1281 3064; x_wconf 81' lang='lat' dir='ltr'>Julium</span> <span class='ocrx_word' id='word_1_499' title='bbox 1309 3030 1453 3075; x_wconf 86' lang='lat' dir='ltr'>pridem</span> <span class='ocrx_word' id='word_1_500' title='bbox 1472 3031 1516 3065; x_wconf 87' lang='lat' dir='ltr'>de</span> <span class='ocrx_word' id='word_1_501' title='bbox 1533 3030 1722 3065; x_wconf 87' lang='lat' dir='ltr'>reddenda</span> <span class='ocrx_word' id='word_1_502' title='bbox 1740 3030 1923 3065; x_wconf 80' lang='lat' dir='ltr'>exsulanti</span> 
     </span>
     <span class='ocr_line' id='line_1_48' title="bbox 183 3080 1738 3122; baseline 0.001 -8"><span class='ocrx_word' id='word_1_503' title='bbox 183 3080 386 3115; x_wconf 82' lang='lat' dir='ltr'>Athanasio</span> <span class='ocrx_word' id='word_1_504' title='bbox 405 3082 674 3122; x_wconf 86' lang='lat' dir='ltr'>communione,</span> <span class='ocrx_word' id='word_1_505' title='bbox 692 3083 788 3116; x_wconf 86' lang='lat' dir='ltr'>tales</span> <span class='ocrx_word' id='word_1_506' title='bbox 806 3093 903 3116; x_wconf 89' lang='lat' dir='ltr'>nunc</span> <span class='ocrx_word' id='word_1_507' title='bbox 921 3082 967 3116; x_wconf 88' lang='lat' dir='ltr'>ad</span> <span class='ocrx_word' id='word_1_508' title='bbox 985 3082 1173 3117; x_wconf 86' lang='lat' dir='ltr'>Liberium</span> <span class='ocrx_word' id='word_1_509' title='bbox 1192 3111 1199 3117; x_wconf 90' lang='lat'>.</span> <span class='ocrx_word' id='word_1_510' title='bbox 1221 3110 1227 3117; x_wconf 94' lang='lat'><strong>.</strong></span> <span class='ocrx_word' id='word_1_511' title='bbox 1248 3110 1255 3117; x_wconf 94' lang='lat'><strong><em>.</em></strong></span> <span class='ocrx_word' id='word_1_512' title='bbox 1275 3083 1384 3118; x_wconf 84' lang='lat' dir='ltr'>datae</span> <span class='ocrx_word' id='word_1_513' title='bbox 1403 3084 1489 3117; x_wconf 88' lang='lat' dir='ltr'>sunt</span> <span class='ocrx_word' id='word_1_514' title='bbox 1507 3084 1550 3117; x_wconf 88' lang='lat' dir='ltr'>de</span> <span class='ocrx_word' id='word_1_515' title='bbox 1568 3083 1738 3117; x_wconf 82' lang='lat' dir='ltr'>tuenda.‘</span> 
     </span>
    </p>
   </div>
  </div>
 </body>
</html>
