2175 3382
102 143 184 181 2035
347 137 465 170 'fruct
489 135 545 168 lll.
565 135 617 168 De
650 134 816 169 lect-lesia.
836 134 854 166 'l
868 133 963 168 hesis
982 131 1122 166 XLVII.
1142 131 1194 165 De
1216 131 1395 165 Ecclesiae
1414 129 1596 164 membris.

113 266 333 308 sequuntur
355 260 592 294 clementum
616 257 826 301 materiale,
851 255 1036 300 homines,
1062 255 1128 303 qui
1145 268 1183 291 sc
1198 256 1340 291 formae
1355 266 1432 291 non
1446 253 1604 301 penitus
1627 253 1844 302 subjiciunt

110 328 145 353 et
172 319 211 354 in
234 330 330 366 quos
351 330 396 354 ea
418 316 590 353 nondum
615 316 783 364 perfecte
805 315 1038 353 dominatur.

226 406 319 439 243.
344 396 704 439 Demonstratio
728 409 773 450 p.
798 395 889 439 Ill.
914 398 964 434 Ut
985 410 1083 446 quae
1106 410 1149 434 ex
1172 396 1466 445 Augustino
1488 395 1743 443 objiciuntur,
1767 394 1843 432 rite

103 459 379 508 intelligantur
400 461 439 495 et
461 458 620 495 uberior
641 458 903 494 membrorum
926 457 1032 494 notio
1055 456 1253 500 habeatur,
1278 459 1458 492 notamus

225 515 262 557 l.
287 518 332 554 dc
355 518 504 554 ratione
527 531 563 553 m
577 517 737 553 embri
760 526 802 556 a.
827 528 910 553 osse
933 515 1269 553 continuationem
1283 514 1506 563 organicam
1520 515 1560 550 et
1575 513 1842 550 cohaesionem

102 576 408 626 physiologicam
443 589 530 613 cum
566 576 655 613 aliis
689 576 860 624 corporis
895 574 1070 623 partibus
1105 587 1173 611 seu
1207 573 1402 618 membris,
1435 576 1474 610 et
1504 571 1842 621 participationem

103 637 204 673 vitav¹
228 638 267 673 et
288 635 460 679 virtutis,
493 648 591 683 quac
624 648 694 683 per
730 634 830 671 illud
863 646 903 671 se
935 636 1094 679 exserat,
1131 646 1200 670 seu
1232 632 1549 669 informationem
1580 633 1620 668 et
1651 630 1843 668 influxum

102 694 284 743 principii
320 694 462 740 vitalis,
495 694 562 741 qui
595 694 716 742 major
747 693 952 741 minorque
983 704 1074 735 csse,
1107 691 1340 741 quandoque
1372 691 1489 728 etiam
1516 690 1679 727 deficere
1709 689 1843 739 possit.

107 754 212 790 Unde*
236 753 520 802 distinguimus
543 753 716 790 membra
748 764 832 789 san
847 765 869 788 a
901 753 941 788 et
963 751 1194 799 simpliciter
1214 752 1393 799 perfecta,
1417 749 1592 788 membra
1621 748 1844 795 infirma,

106 813 279 850 nsi-mma
310 815 518 857 mortua,
551 811 714 859 proinde
746 810 922 848 membra
944 809 1157 847 secundum
1179 809 1286 858 quid.
1327 810 1533 847 Praeterea
1554 806 1601 848 b.
1625 808 1845 846 membrum

106 872 273 919 spectari
297 883 410 920 posse
433 870 657 919 dupliciter:
689 869 905 907 secundum
928 868 1137 906 essentiam
1159 870 1199 905 ct
1219 870 1266 905 ut
1287 871 1346 905 est
1374 880 1490 917 pars
1517 867 1700 916 corporis,
1725 869 1765 904 et
1785 879 1844 905 se-

103 931 277 968 cundum
301 930 405 979 quod
428 931 487 967 est
511 930 918 966 instrumentum
951 929 990 965 et
1011 939 1202 977 organum
1224 927 1385 965 animae.
1428 936 1465 968 e.
1488 927 1606 964 Posse
1628 927 1845 964 membrum

102 990 149 1026 ad
175 990 344 1037 aliquan]
370 989 593 1026 societatem
620 990 793 1036 spectare
816 988 878 1025 vel
901 986 1220 1035 simpliciter
1240 987 1360 1024 velex
1375 986 1677 1034 aliquatantum
1698 988 1845 1034 parte

103 1054 139 1085 et
167 1048 381 1085 secundum
406 1048 512 1096 quid.

223 1107 348 1151 Quare
370 1104 413 1146 2.
438 1107 661 1143 mirandum
684 1118 763 1142 non
787 1108 855 1149 est,
880 1105 911 1142 si
935 1105 981 1141 de
1004 1104 1187 1141 membris
1210 1104 1401 1142 Ecclesiae
1423 1116 1494 1152 pro
1517 1103 1636 1141 variis
1660 1102 1845 1152 respecti-

104 1167 189 1212 bus.
215 1166 287 1202 sub
311 1166 454 1214 quibus
489 1164 729 1202 considerari
763 1166 941 1213 possunt,
976 1163 1141 1208 diversa,
1176 1163 1254 1200 imo
1289 1165 1329 1200 et
1360 1163 1554 1200 contraria
1587 1161 1845 1207 affirmantur,

105 1226 269 1274 ideoque
302 1225 348 1261 ad
379 1225 544 1273 speciem
575 1236 730 1273 pugnae
761 1224 866 1260 inter
897 1223 1100 1273 theologos
1132 1222 1327 1261 oriuntur.
1371 1222 1469 1259 Sane
1499 1232 1542 1263 a.
1575 1221 1652 1258 dici
1683 1222 1847 1270 possunt

105 1286 323 1332 peccatores
345 1284 519 1320 membra
541 1283 746 1327 Ecclesiae,
770 1282 945 1331 corporis
970 1281 1125 1327 Christi,
1153 1283 1326 1330 spectata
1346 1281 1432 1318 idea
1452 1280 1629 1326 membri,
1652 1282 1847 1328 quatenus

105 1343 273 1380 includit
296 1343 631 1380 continuationem
656 1341 880 1391 organicam
911 1353 999 1378 cum
1031 1341 1119 1378 aliis
1151 1340 1338 1378 membris
1369 1353 1438 1389 per
1467 1340 1611 1388 triplex
1641 1339 1845 1377 vinculum

112 1402 384 1450 symbolicum,
408 1401 651 1451 liturgicum,
675 1401 826 1445 sociale,
850 1401 913 1437 vel
934 1401 1129 1448 quatenus
1156 1400 1314 1437 nomine
1335 1399 1501 1437 membri
1523 1399 1766 1448 intelligitur
1785 1398 1846 1435 in-

105 1459 423 1511 ÷t1·umentum1).
468 1459 510 1500 l).
543 1461 687 1509 Negari
720 1461 850 1508 potest
884 1470 949 1496 eos
983 1472 1066 1496 esse
1099 1460 1281 1504 membra,
1318 1459 1349 1496 si
1384 1459 1470 1496 idea
1504 1457 1672 1496 membri
1692 1459 1848 1507 praeter

251 1599 273 1642 ¹)
295 1598 450 1642 Egregia
468 1599 565 1639 sunt,
584 1607 678 1641 quae
698 1598 806 1631 docet
826 1612 852 1632 s.
870 1597 934 1630 Th
947 1607 1047 1631 oma
1060 1609 1074 1630 s
1102 1597 1139 1631 in
1168 1600 1200 1632 3.
1229 1596 1313 1630 dist.
1338 1599 1379 1631 13
1405 1608 1439 1640 q.
1461 1599 1481 1630 2
1499 1607 1530 1633 a.
1551 1599 1571 1630 2
1589 1595 1684 1639 qcla.
1703 1599 1743 1629 2:
1783 1619 1795 1634 ‚,
1809 1596 1847 1629 ln

104 1662 257 1696 corpore
276 1652 437 1685 naturali
454 1651 642 1685 invenitur
661 1663 683 1695 q
698 1663 719 1685 u
733 1661 753 1684 a
766 1651 788 1684 d
800 1663 851 1685 ru
864 1650 912 1695 pl
924 1661 942 1685 e
953 1663 974 1684 x
994 1650 1079 1685 unio
1102 1651 1352 1685 membrorum
1368 1650 1412 1684 ad
1427 1650 1598 1684 invicem.
1616 1649 1643 1683 P
1657 1661 1674 1683 r
1685 1649 1698 1683 i
1709 1660 1745 1682 m
1757 1659 1778 1682 a
1794 1649 1849 1683 est

105 1716 189 1739 secu
198 1705 309 1738 ndum
329 1704 626 1739 conformitatem
642 1705 797 1738 naturae
811 1733 817 1738 .
831 1735 837 1741 .
852 1733 858 1740 .
877 1707 910 1738 et
928 1704 979 1737 sic
994 1703 1171 1738 dicuntur
1188 1704 1356 1738 membra
1370 1715 1482 1738 unum
1498 1713 1631 1748 genere
1644 1701 1704 1738 vel
1718 1702 1849 1747 specie.

105 1760 127 1791 S
141 1767 160 1792 e
172 1768 257 1791 cun
270 1757 293 1791 d
305 1767 326 1790 a
344 1759 400 1792 est
417 1768 480 1801 per
499 1756 778 1799 colligationem
798 1767 922 1790 eorum
944 1756 989 1790 ad
1007 1756 1167 1790 invicem
1183 1767 1249 1800 per
1266 1765 1395 1791 nervos
1414 1759 1451 1790 et
1466 1756 1659 1801 juncturas
1676 1757 1714 1790 et
1731 1756 1782 1790 sic
1797 1755 1849 1790 di-

103 1812 239 1844 cuntur
256 1822 370 1843 unum
390 1810 680 1843 continuatione.
706 1809 761 1843 Te
773 1821 790 1842 r
802 1810 840 1843 ti
854 1820 875 1843 a
899 1810 965 1850 est,
983 1809 1182 1843 secundum
1200 1809 1298 1852 quod
1316 1809 1537 1843 diffunditur
1553 1808 1678 1844 vitalis
1697 1808 1850 1853 spiritus

105 1867 139 1898 et
161 1865 254 1898 vires
272 1865 416 1897 animae
434 1874 499 1907 per
517 1874 660 1907 corpus.
696 1862 724 1904 Q
738 1874 760 1895 u
773 1865 881 1897 arta
908 1864 973 1903 est,
994 1863 1196 1897 secundum
1215 1863 1315 1907 quod
1333 1863 1458 1897 omnia
1476 1864 1642 1897 membra
1657 1862 1850 1908 perficiun-

103 1920 165 1950 tur
183 1926 248 1960 per
266 1916 439 1955 animam,
458 1927 552 1960 quae
572 1918 626 1951 est
645 1927 719 1949 una
738 1926 893 1950 numero
911 1916 951 1949 in
975 1916 1145 1950 omnibus
1163 1915 1350 1950 membris.
1369 1916 1413 1950 Et
1433 1916 1503 1950 hae
1521 1917 1680 1960 quatuor
1696 1915 1852 1950 uniones

109 1970 351 2004 inveniuntur
368 1969 407 2003 in
426 1979 577 2014 corpore
597 1970 765 2012 mystico.
800 1969 926 2002 Prim
938 1979 959 2002 a.
986 1970 1054 2009 est,
1081 1970 1120 2003 in
1151 1970 1332 2013 quantum
1351 1969 1473 2004 omnia
1490 1970 1655 2004 membra
1672 1969 1750 2014 ejus
1767 1970 1853 2003 sunt

115 2023 228 2057 unius
246 2027 401 2056 naturae
419 2023 476 2056 vel
494 2023 612 2066 specie
632 2021 689 2056 vel
706 2031 851 2066 genere.
870 2022 892 2057 S
906 2033 985 2056 ecu
997 2034 1021 2055 n
1033 2022 1089 2056 du
1101 2034 1136 2056 m
1155 2023 1223 2066 est,
1241 2022 1279 2056 in
1298 2023 1478 2066 quantum
1499 2022 1678 2067 colligata
1695 2023 1782 2056 sunt
1797 2021 1851 2056 in-

110 2077 228 2111 vicem
248 2087 312 2121 per
330 2078 450 2117 fidem,
472 2076 559 2120 quia
577 2077 627 2109 sic
646 2075 914 2110 continuantur
930 2076 968 2109 in
987 2086 1060 2111 uno
1080 2076 1232 2110 credito.
1258 2076 1427 2110 Tertia
1445 2077 1511 2117 est,
1530 2076 1733 2110 secundum
1751 2075 1851 2119 quod

107 2129 344 2163 vivificantur
360 2140 425 2174 per
441 2129 602 2174 gratiam
621 2130 657 2162 et
675 2128 878 2163 caritatem.
915 2127 944 2169 Q
956 2129 1098 2162 uarta
1126 2129 1192 2169 est,
1220 2128 1420 2162 secundum
1448 2128 1548 2172 quod
1571 2129 1611 2163 in
1628 2129 1680 2163 eis
1698 2129 1754 2163 est
1772 2128 1851 2173 Spi-

105 2183 197 2216 ritus
217 2184 375 2223 sanctus,
395 2183 458 2226 qui
487 2183 542 2216 est
559 2181 698 2216 ultima
725 2180 904 2225 perfectio
933 2183 970 2216 et
995 2180 1212 2226 principalis
1238 2180 1356 2215 totius
1384 2183 1546 2225 corporis
1573 2181 1720 2226 mystici
1745 2181 1852 2225 quasi

111 2235 238 2269 anima
254 2235 294 2269 in
313 2246 465 2280 corpore
484 2235 657 2270 naturali.
678 2235 799 2268 Prima
817 2236 940 2269 autem
959 2234 1139 2269 dictarum
1155 2234 1335 2268 unionum
1355 2245 1429 2269 non
1447 2237 1502 2269 est
1518 2235 1606 2270 unio
1624 2235 1852 2280 simpliciter,

122 2290 207 2333 quia
226 2289 329 2330 illud,
348 2290 386 2323 in
405 2300 477 2333 quo
497 2291 553 2324 est
571 2289 657 2323 unio
675 2289 775 2331 haec,
794 2298 868 2323 non
886 2289 942 2322 est
958 2300 1071 2323 unum
1089 2299 1254 2328 numero,
1282 2288 1377 2322 sicut
1394 2290 1450 2322 est
1467 2289 1507 2323 in
1523 2289 1642 2323 tribus
1669 2289 1852 2333 sequenti-

113 2343 183 2376 bus
204 2351 210 2376 2
232 2370 238 2376 .
259 2371 263 2376 .
286 2343 460 2377 Homines
478 2343 592 2387 igitur
609 2341 776 2376 infideles
795 2353 870 2376 non
887 2342 1078 2386 pertinent
1095 2341 1140 2375 ad
1158 2341 1332 2375 unionem
1347 2342 1508 2386 corporis
1521 2341 1717 2381 Ecclesiae,
1729 2352 1853 2376 secun-

124 2396 208 2430 dum
231 2397 329 2440 quod
347 2397 403 2430 est
420 2407 533 2429 unum
554 2395 785 2440 simpliciter,
810 2397 847 2429 et
870 2395 954 2429 ideo
971 2396 1140 2440 respectu
1157 2396 1288 2429 horum
1308 2394 1473 2430 Christus
1490 2397 1603 2440 caput
1618 2404 1693 2429 non
1710 2395 1766 2429 est
1781 2393 1855 2428 nisi

110 2449 150 2482 in
173 2449 352 2494 potentia,
375 2449 576 2483 secundum
596 2449 694 2492 quod
713 2449 791 2483 scil.
811 2450 896 2483 sunt
913 2449 1074 2483 unibiles
1092 2449 1245 2494 corpori.
1279 2449 1456 2484 Homines
1484 2450 1608 2484 autem
1627 2447 1754 2483 fideles
1770 2456 1854 2492 pec-

110 2504 252 2536 catores
269 2502 459 2546 pertinent
477 2502 625 2545 quidem
645 2501 768 2545 aliquo
789 2502 897 2536 modo
917 2503 961 2537 ad
979 2504 1165 2537 unitatem
1179 2503 1371 2545 Ecclesiae,
1385 2504 1424 2537 in
1439 2504 1619 2547 quantum
1637 2502 1852 2536 continuan-

113 2560 127 2589 t
140 2567 183 2589 ur
201 2555 234 2589 ei
250 2566 316 2599 per
334 2554 455 2595 fidem,
474 2566 567 2598 quae
587 2556 641 2589 est
659 2555 782 2589 unitas
799 2556 1003 2591 materialis
1017 2570 1024 2595 ;
1042 2567 1118 2591 non
1130 2557 1254 2590 tamen
1269 2558 1425 2601 possunt
1438 2556 1511 2590 dici
1527 2556 1694 2590 membra
1706 2554 1854 2599 proprie

115 2609 190 2642 nisi
209 2609 302 2642 sicut
320 2608 523 2642 membrum
543 2610 730 2643 mortuum
748 2609 825 2643 scil.
844 2610 1053 2653 aequivoce.
1086 2610 1134 2644 Et
1151 2610 1240 2654 quia
1266 2610 1390 2644 unitas
1419 2610 1583 2655 corporis
1609 2620 1654 2644 ex
1681 2607 1854 2642 membris

119 2661 302 2703 consistit,
322 2661 406 2695 ideo
426 2661 577 2705 quidam
595 2662 732 2702 dicunt,
763 2663 860 2707 quod
888 2674 961 2697 non
987 2664 1176 2708 pertinent
1201 2663 1248 2697 ad
1274 2663 1456 2698 unitatem
1482 2662 1642 2708 emporis
1659 2660 1854 2701 Ecclesiae,

118 2715 287 2759 quamvis
308 2715 521 2760 pertineant
538 2715 583 2749 ad
602 2716 787 2749 unitatem
804 2716 1006 2756 Ecclesiae;
1036 2719 1073 2751 et
1099 2716 1195 2751 sicut
1213 2715 1456 2761 operationes,
1484 2725 1579 2760 quae
1596 2716 1683 2750 sunt
1700 2714 1748 2749 ad
1764 2714 1854 2748 alte-

111 2779 205 2809 rum,
223 2771 385 2812 possunt
402 2768 526 2812 aliquo
539 2769 648 2802 modo
661 2768 741 2803 fieri
754 2779 819 2813 per
829 2769 995 2806 membra
1012 2770 1127 2813 arida,
1143 2771 1186 2804 ut
1199 2770 1389 2814 percutere
1402 2768 1463 2804 vel
1475 2768 1616 2813 aliquid
1631 2767 1855 2813 hujusmodi,

110 2833 186 2856 non
203 2823 330 2856 tamen
347 2821 579 2866 operationes
598 2832 691 2865 quae
711 2823 798 2857 sunt
823 2824 966 2857 animae
984 2824 1022 2857 in
1040 2823 1234 2862 membris;
1261 2823 1315 2857 ita
1342 2833 1410 2857 nec
1433 2821 1523 2856 mali
1548 2820 1731 2866 recipiunt
1749 2819 1854 2864 spiri·

114 2875 228 2909 tualis
245 2875 344 2909 vitae
366 2874 598 2919 operationes
620 2886 641 2908 a
663 2874 804 2919 Spiritu
823 2887 870 2914 s.;
890 2876 952 2910 sed
970 2876 1095 2911 tamen
1112 2875 1271 2921 Spiritus
1289 2887 1315 2912 s.
1333 2887 1399 2920 per
1417 2886 1477 2910 eos
1494 2875 1666 2920 operatur
1683 2875 1853 2919 spiritua-

116 2928 188 2962 lem
206 2927 319 2962 vitam
339 2929 377 2961 in
396 2927 491 2969 aliis,
509 2929 707 2962 secundum
726 2929 824 2972 quod
844 2929 928 2963 aliis
946 2932 1176 2964 sacramenta
1192 2929 1407 2964 ministrant
1423 2928 1481 2963 vel
1500 2929 1594 2962 alios
1612 2928 1756 2962 docent.
1782 2926 1853 2962 Sed

121 2981 288 3016 homines
305 2981 429 3016 fideles
448 2981 485 3015 in
504 2981 625 3027 gratia
644 2981 859 3015 exsistentes
875 2982 1056 3017 uniuntur
1075 2983 1275 3018 secundum
1297 2982 1446 3016 tertiam
1475 2982 1659 3022 unionem,
1687 2991 1782 3025 quae
1799 2982 1855 3016 est

119 3035 285 3069 formalis
295 3037 466 3079 respectu
478 3034 588 3079 hujus
603 3035 804 3074 secundae;
824 3037 862 3070 et
874 3036 1006 3070 iterum
1024 3036 1224 3071 secundum
1247 3037 1430 3080 quartam.
1445 3045 1540 3079 quae
1553 3036 1607 3069 est
1630 3034 1855 3080 completiva

114 3089 240 3122 totius.
269 3087 317 3122 Et
334 3087 416 3121 ideo
439 3087 571 3122 horum
588 3089 737 3132 proprie
756 3087 893 3123 dicitur
911 3089 1076 3123 Christus
1104 3092 1245 3134 capue«
1284 3088 1427 3123 Similia
1453 3088 1567 3122 habet
1584 3090 1606 3123 3
1622 3100 1658 3132 p.
1677 3100 1712 3132 q.
1731 3090 1754 3123 8
1771 3099 1802 3122 a.
1820 3091 1853 3130 3,
