2175 3382
265 141 318 177 9ss
501 135 620 168 Truuf.
643 134 664 167 Ι.
686 133 864 177 Apologia
885 133 988 177 relig.
1008 133 1136 167 christ.
1155 133 1281 167 'l'liesis
1302 133 1396 166 xvi.
1418 133 1601 167 Misus-ionis
1620 134 1757 168 Christi

263 257 500 307 gravissimis
532 256 744 293 sceleribus
777 268 815 292 se
847 255 1151 293 contaminasset
1175 285 1180 290 .
1208 284 1215 292 .
1239 285 1245 292 .
1271 285 1277 291 .
1301 286 1308 294 .
1333 268 1471 304 passus
1506 258 1566 292 est
1589 256 1792 294 exsilium.
1827 257 1893 294 sed
1927 270 2004 295 non

263 316 415 353 diutius
438 315 550 352 annis
573 314 841 364 septuaginta,
875 317 992 362 atque
1024 315 1173 351 interea
1206 326 1282 351 non
1306 314 1439 351 omisit
1465 314 1566 351 Deus
1591 326 1659 362 per
1680 316 1891 363 prophetas
1915 316 2003 354 illos

263 374 407 423 alloqui
431 377 470 411 et
493 373 611 411 solari
632 387 697 422 spe
720 374 889 418 reditus,
922 373 1091 411 indicato
1123 373 1237 410 etiam
1270 374 1354 421 ejus
1377 377 1563 421 tempore.
1608 374 1659 410 At
1692 386 1814 420 nunc,
1850 388 1893 411 ex
1927 388 2004 423 quo

263 434 380 470 semel
402 434 529 481 patria
551 433 662 481 ejecti
686 434 790 473 sunt.
817 435 975 470 nanent
997 435 1181 477 extorres,
1206 432 1443 480 contempti3
1468 432 1603 469 nullus
1627 432 1674 469 ad
1697 444 1761 469 eos
1785 434 1893 470 venit
1913 447 2003 483 pro-

262 493 399 541 pheta;
434 493 544 529 nulla
574 492 699 529 futuri
731 492 883 529 reditus
915 492 1167 540 significatio:
1205 491 1383 541 magistri
1416 491 1588 539 ipsorum
1613 492 1724 539 quasi
1749 492 1893 540 spiritu
1917 506 2002 530 ver-

262 551 399 601 tiginis
425 552 547 588 afflati
581 551 625 588 ad
650 554 784 599 turpes
806 551 959 587 fabulas
981 553 1019 587 et
1042 550 1207 587 ridicula
1230 551 1410 599 dogmata
1434 550 1584 598 delapsi
1614 553 1718 595 sunt,
1752 551 1897 599 quibus
1922 564 2002 589 sca-

262 613 348 647 tent
370 610 461 647 libri
482 610 686 647 talmudici
711 639 718 646 .
743 640 749 646 .
773 641 780 648 .
806 640 811 646 .
845 612 883 646 et
914 612 1043 646 tamen
1066 611 1177 646 tanto
1208 611 1381 658 tempore
1408 609 1543 657 judaei
1565 622 1636 647 nec
1658 609 1705 646 ad
1727 610 1914 648 falsorum
1938 611 2003 648 de-

263 682 375 707 orum
407 670 539 707 cultus
569 669 811 706 deflexerunt
842 671 887 705 ut
917 669 1022 714 olim,
1056 681 1126 705 nec
1158 668 1340 705 caedibus
1364 681 1403 704 se
1427 669 1706 714 contaminant,
1732 681 1801 706 nec
1823 669 1870 706 de
1893 670 2004 708 adul-

262 729 371 766 teriis
393 730 647 773 accusantur;
675 729 795 764 Deum
819 740 908 764 vero
932 728 1112 776 precibus
1136 729 1175 764 et
1193 727 1357 776 jejuniis
1381 730 1533 764 certant
1555 728 1720 776 plat-arc,
1751 741 1819 766 nec
1843 729 2003 766 exaudi-

263 790 386 825 untur
408 790 506 825 ete«

384 871 447 911 74.
480 867 841 909 Demonstratio
873 879 919 921 1).
953 866 1033 908 IV.
1078 864 1247 906 Crimen
1283 877 1397 915 vero,
1430 866 1548 918 cujus
1575 852 1757 918 jnda'eos
1790 880 1829 909 11.
1862 880 2000 919 praec.

263 950 358 978 reos
382 938 643 989 agnovimus
666 936 778 977 aliud
801 949 887 977 non
910 948 1003 977 esse
1027 949 1154 989 quam
1179 937 1286 991 qnod
1310 937 1507 977 illessc'am
1534 950 1611 977 non
1638 939 1874 992 receperint.

384 1009 420 1052 l.
448 1009 656 1061 colligitur
687 1019 738 1048 ex
771 1012 925 1049 natura
957 1012 998 1048 et
1029 1007 1253 1048 duratione
1287 1019 1464 1060 poenae,
1497 1008 1617 1061 cujus
1650 1009 1758 1049 ratio
1791 1008 2003 1050 sufficiens

263 1084 426 1120 tantum
450 1080 492 1120 in
514 1079 582 1120 illo
607 1080 781 1120 crimine
796 1080 1026 1131 reperitur;
1050 1091 1189 1131 poena
1213 1079 1325 1120 enim
1348 1079 1561 1131 triplici
1583 1079 1833 1121 charactere
1856 1080 2002 1122 distin-

263 1151 419 1203 guitur;
452 1151 616 1192 excedit
650 1165 691 1194 a.
725 1151 848 1202 longe
875 1162 1058 1203 poenam
1087 1151 1342 1202 captivitatis
1365 1150 1670 1203 babylonicae3
1703 1155 1767 1191 est
1798 1152 1844 1195 b.
1878 1152 2002 1204 plane

262 1221 484 1273 singularis
506 1222 606 1262 nulli
631 1223 785 1275 populo
809 1223 1067 1269 communis3
1100 1222 1340 1262 continetur
1371 1234 1412 1264 c.
1445 1221 1748 1273 reprobatione
1772 1223 1916 1275 populi
1948 1235 1999 1264 ex

262 1299 381 1347 parte
404 1294 489 1343 Dei,
522 1295 629 1335 adeo
662 1299 707 1335 ut
738 1295 931 1336 videatur
963 1294 1169 1335 excidisse
1202 1294 1416 1343 missione,
1449 1306 1578 1347 quam
1604 1293 1804 1335 divinitus
1827 1295 2003 1347 accepit.

263 1366 401 1417 Quare
425 1370 466 1407 et
488 1366 659 1416 crimen,
683 1371 855 1418 propter
878 1366 991 1419 quod
1014 1365 1164 1407 eadem
1186 1364 1344 1406 inflicta
1368 1370 1442 1414 est,
1482 1365 1618 1418 majus
1642 1377 1736 1406 esse
1761 1365 1888 1406 debet
1910 1378 2003 1406 om-

262 1436 386 1477 nibus
409 1435 619 1488 prioribus
641 1436 815 1486 delictis,
846 1436 1056 1489 singulare
1089 1440 1130 1477 et
1162 1436 1379 1488 proprium
1412 1436 1536 1489 hujus
1569 1436 1724 1488 populi,
1758 1448 1841 1488 quo
1866 1436 2000 1478 Deum

261 1508 425 1559 penitus
449 1507 634 1548 deseruit
655 1519 842 1559 suaeque
865 1506 994 1547 defuit
1016 1506 1242 1547 vocationi.
1286 1506 1413 1559 Atqui
1436 1507 1518 1547 hae
1548 1511 1676 1547 notae
1709 1507 1751 1547 in
1784 1519 1869 1548 una
1892 1507 2001 1548 Mes-

259 1579 346 1620 siae
377 1578 678 1631 reprobatione
710 1578 995 1630 reperiuntur,
1029 1589 1129 1618 nam
1152 1577 1334 1630 populus
1363 1577 1441 1618 iste
1464 1581 1578 1618 totus
1601 1582 1693 1618 erat
1715 1578 1936 1620 ordinatus
1962 1584 2003 1620 et

261 1649 494 1690 destinatus
526 1649 580 1690 ad
602 1648 812 1698 Messiam,
844 1649 1024 1702 ideoque
1047 1649 1245 1689 divinitus
1269 1649 1421 1689 ceteris
1444 1648 1611 1701 populis
1634 1650 1876 1701 praelatus,-
1909 1651 2002 1703 ipsa

259 1720 438 1761 Messiae
472 1721 617 1761 missio
652 1720 822 1761 ultimus
858 1724 898 1761 et
933 1732 1157 1772 supremus
1195 1719 1362 1764 divinae
1394 1719 1597 1760 bonitatis
1634 1725 1813 1761 conatus
1851 1721 1926 1762 fuit
1959 1722 2001 1762 in

260 1791 448 1844 ejusdem
471 1791 673 1834 salutem:
698 1803 825 1844 quam
850 1791 904 1832 ob
929 1803 1104 1832 causam
1121 1791 1302 1832 Messiae
1316 1791 1561 1844 reprobatio
1585 1792 1746 1834 crimen
1770 1798 1862 1834 erat
1883 1806 2000 1834 sum-

260 1876 388 1911 mum,
410 1863 534 1916 hujus
557 1864 700 1916 populi
723 1864 949 1918 singulare,
981 1877 1064 1917 quo
1097 1864 1263 1917 penitus
1295 1876 1373 1905 sua
1404 1865 1607 1906 missione
1641 1869 1681 1906 et
1715 1864 1998 1906 destinatione

259 1933 423 1974 excidit.
466 1933 613 1975 Merito
638 1946 737 1987 ergo
761 1935 968 1987 ejusmodi
991 1947 1130 1987 poena
1155 1939 1387 1977 consecuta
1410 1940 1485 1977 est.

377 2005 420 2047 2.
445 2004 557 2045 Idem
582 2009 647 2045 sat
670 2005 782 2046 clare
806 2005 1011 2058 colligitur
1033 2017 1085 2046 ex
1108 2005 1211 2048 Dan.
1235 2009 1273 2055 9,
1305 2008 1361 2050 25
1386 2020 1429 2055 5.,
1461 2006 1533 2047 ubi
1560 2007 1856 2047 exterminium
1880 2006 1997 2047 urbis

261 2079 302 2115 et
323 2075 465 2127 templi
488 2075 708 2128 subjicitur
729 2076 933 2116 occisioni
954 2075 1133 2117 Messiae
1156 2080 1376 2129 tamquam
1398 2089 1539 2129 poena
1563 2078 1727 2118 crimini
1750 2077 1816 2133 (cf.
1839 2090 1876 2121 n.
1900 2077 1997 2133 46);

260 2158 311 2187 ex
335 2144 446 2187 Osea
466 2146 538 2187 ubi
569 2150 666 2198 post
686 2146 817 2187 verba
840 2159 876 2186 n.
903 2150 925 2190 7
932 2150 957 2190 3
981 2146 1109 2188 allata
1131 2146 1373 2199 subjicitur:
1406 2147 1460 2188 Et
1487 2152 1581 2202 post
1612 2148 1712 2189 haec
1746 2152 1998 2189 revertentem·

257 2217 336 2270 filii·
358 2216 505 2270 Israel,
540 2223 576 2258 et
607 2222 803 2272 quaerent
826 2217 1051 2258 Dominum
1078 2218 1211 2258 Deum
1237 2231 1368 2272 suum,
1401 2223 1437 2259 et
1460 2218 1602 2260 David
1624 2232 1756 2274 reyem
1779 2233 1926 2260 suzam:
1961 2224 1998 2260 et

258 2287 462 2341 qiicccebunt
476 2288 532 2328 ad
546 2287 772 2328 Dominum
797 2293 833 2328 et
855 2289 912 2329 ad
935 2288 1081 2329 bonum
1098 2290 1185 2341 ejus
1206 2289 1249 2329 in
1274 2290 1492 2330 novissimo
1507 2290 1681 2342 dierum,
1706 2289 1857 2342 quibus
1872 2302 1996 2342 prae-

260 2358 422 2408 dicitur,
441 2359 633 2411 judaeos,
665 2363 891 2412 postquam
915 2364 977 2400 tot
998 2360 1188 2412 perpessi
1210 2364 1308 2400 sunt
1329 2361 1455 2410 mala,
1487 2360 1662 2402 tandem
1685 2373 1934 2402 reversuros
1956 2366 1997 2401 et

260 2430 526 2481 quaesituros
550 2442 643 2471 esse
665 2430 891 2471 Dominum
915 2430 1049 2471 Deum
1072 2444 1195 2472 suum
1228 2435 1269 2472 et
1300 2431 1442 2472 David
1474 2445 1607 2486 reyem
1630 2445 1747 2473 suum
1782 2433 1805 2473 i.
1829 2444 1862 2473 e.
1886 2432 1996 2474 Mes-

259 2500 378 2550 siani,
411 2502 480 2553 qui
511 2501 669 2553 passim
702 2513 728 2541 a
759 2502 976 2554 prophetis
999 2502 1076 2542 sub
1101 2501 1271 2543 Davidis
1294 2503 1403 2554 regis
1425 2503 1607 2555 imagine
1641 2507 1681 2544 et
1712 2507 1812 2556 typo
1836 2503 1995 2544 descri-

259 2570 380 2611 bitur.
425 2570 530 2623 Ergo
554 2572 677 2620 hunc,
701 2577 932 2625 antequam
953 2573 996 2613 in
1018 2576 1182 2614 tantam
1204 2573 1428 2614 inciderint
1451 2574 1751 2623 calamitatem,
1774 2574 1994 2627 reliquisse

260 2642 462 2694 arguendi
484 2647 592 2683 sunt.
636 2641 692 2683 Cf.
716 2643 833 2684 Deut.
861 2645 926 2692 is,
954 2647 1005 2689 18
1030 2645 1085 2699 (n.
1111 2645 1195 2699 72).

379 2740 444 2780 75.
466 2736 679 2788 ReJecisse
702 2742 845 2779 autem
863 2738 1046 2790 judaeos
1068 2738 1279 2789 Messian),
1303 2752 1354 2781 eo
1377 2741 1469 2792 ipso
1493 2738 1670 2792 quod-J.
1696 2739 1903 2780 Christum
1928 2754 1992 2780 re-

259 2808 392 2861 cipere
413 2807 646 2858 noluerunt,
669 2813 785 2860 patet
808 2810 846 2852 1.
871 2821 922 2850 ex
945 2809 1141 2850 omnibus
1164 2810 1226 2860 iis,
1249 2810 1402 2863 quibus
1423 2811 1642 2863 hucusque
1664 2810 1938 2860 ostendimus,
1960 2810 1993 2852 J.

259 2877 471 2919 Christum
494 2890 588 2919 esse
610 2879 808 2920 Messiam
831 2880 1029 2921 divinitus
1051 2881 1338 2933 praedictum,
1361 2894 1459 2921 cum
1482 2893 1581 2933 ergo
1605 2882 1718 2922 hunc
1740 2881 1993 2934 rejecerunt,

258 2948 455 2990 Messiam
477 2949 736 3001 rejecerunt3
768 2951 866 3003 quia
888 2952 929 2994 2.
953 2951 1090 2992 nullus
1113 2952 1322 3004 assignari
1344 2956 1494 3004 potest,
1518 2964 1645 3005 quem
1668 2952 1892 2993 universus
1915 2965 1991 3004 po-

258 3020 379 3071 pulus
401 3020 646 3061 solemniter
676 3021 970 3073 reprobaverit
1001 3022 1159 3075 quique
1193 3026 1255 3063 tot
1284 3023 1373 3063 veri
1394 3022 1574 3063 Messiae
1597 3023 1868 3064 characteres
1890 3035 1993 3075 prae

256 3102 301 3131 se
323 3091 475 3140 tulerit,
498 3095 666 3143 praeter
687 3090 832 3132 Jesum
855 3091 1088 3139 Christum;
1116 3097 1158 3134 et
1179 3105 1330 3134 revera
1353 3094 1393 3137 3.
1417 3093 1639 3135 calamitas
1661 3094 1732 3135 illa
1757 3094 1992 3135 solemnem
