2175 3382
187 151 272 193 324
493 141 756 178 Τ1301.111,(10
775 141 949 176 Ecclesia.
967 140 1095 175 Thesia
1175 0 1642 175 §nmmo

306 263 594 306 nectar-atio.
637 265 696 303 Ad
720 264 999 302 catholicitatis
1021 263 1220 301 notionem
1243 262 1532 305 illustrandam.
1555 265 1711 312 praeter
1732 263 1836 302 dicta
1857 276 1928 302 no-

185 329 314 365 tetur:
341 323 383 366 l.
407 325 453 362 de
477 325 560 372 ejus
582 324 733 361 ratione
755 335 840 361 esse
863 323 1060 372 quandam
1094 321 1577 360 universalitatem.
1620 321 1708 359 Jam
1743 333 1834 360 vero
1856 323 1927 360 Ec-

184 385 320 424 clesiae
343 383 553 432 multiplex
576 383 758 421 convenit
781 382 1071 420 universalitas.
1106 381 1296 419 Convenit
1319 380 1594 418 universalitas
1615 389 1657 421 8.
1672 380 1824 419 ratione
1847 381 1929 419 du-

184 444 426 494 rati-,onis
449 455 538 480 cum
561 442 613 480 sit
634 441 840 491 peiennis·
833 471 841 486 ,
865 439 909 482 b.
933 441 1082 478 ratione
1104 439 1371 489 veritatis,
1395 452 1512 488 quam
1535 439 1707 489 possidet
1730 443 1770 477 et
1792 439 1928 478 docet:

184 503 368 542 universa
389 502 493 539 enirn
515 502 688 539 revelata
708 501 854 538 veritas
877 501 911 538 ei
944 503 1001 537 est
1034 498 1279 544 concredita;
1312 508 1355 540 (3.
1378 499 1531 536 ratione
1563 511 1599 535 m
1615 498 1695 536 edi
1710 511 1847 537 orum
1868 511 1929 536 sa-

185 563 291 602 lutis
315 574 404 599 cum
427 561 606 598 omnibus
629 561 681 598 sit
702 560 907 599 instructa
932 572 1030 607 quae
1085 558 1262 595 hristus
1253 571 1295 595 111
1317 558 1518 595 hominum
1542 557 1709 595 salutem
1732 557 1928 596 instituit·

183 619 230 662 d.
252 621 405 659 ratione
429 620 513 657 des
526 620 566 656 ti
580 632 602 659 n
618 619 722 656 atio
737 619 828 661 nis.
882 631 954 655 uae
977 617 1225 667 quadruplex
1248 617 1523 654 univeisalitas
1545 616 1791 666 significatur
1805 616 1925 655 etiam

185 680 313 718 verbis
334 679 478 717 Christi
501 678 548 716 ad
571 678 767 744 apostolos
790 678 906 714 Math.
932 683 998 721 28,
1040 683 1100 716 19.
1127 682 1192 716 20.
1235 677 1280 713 In
1313 676 1452 725 primis
1482 687 1574 713 vero
1606 675 1840 714 universalis
1870 679 2022 742 estaf-

185 750 226 781 e.
249 739 399 777 ratione
420 738 465 775 d
458 751 468 774 1
484 737 502 774 f
511 742 525 774 t
535 737 686 783 usion
700 737 739 774 is
761 749 830 785 per
851 736 995 780 01bem,
1028 739 1075 773 ut
1097 738 1210 784 patet
1230 748 1275 773 ex
1298 735 1566 772 controversia
1598 747 1688 772 cum
1720 730 2046 774 donatistisaub·

185 802 303 847 atque
326 810 371 835 ex
393 797 453 846 1ρ3
439 810 479 834 33
499 797 668 834 nominis
692 795 920 833 definitione
942 793 983 846 ¹.)
1026 795 1176 831 Passim
1199 794 1304 832 enim
1326 806 1414 832 cum
1436 794 1636 831 13101010
1659 793 1759 843 hisp.
1775 793 1881 832 Sent.
1897 794 1931 834 1.

192 864 239 897 16
263 860 394 906 patres
417 856 636 893 inculcant:
661 855 833 899 ‚Sancta
855 855 893 891 E«
909 854 1027 892 clesia
1049 853 1134 891 1ι100
1157 853 1347 891 catholica
1369 853 1516 891 dicitur
1537 865 1608 902 pro
1629 865 1686 899 eo,
1711 852 1816 902 quod
1839 853 1931 891 uni-

186 916 392 954 versaliter
412 928 482 964 per
503 926 658 952 omnem
681 914 733 951 sit
754 913 947 951 mundum
971 912 1153 950 diffusa«
1198 912 1298 950 Hinc
1333 913 1488 961 quoties
1511 911 1705 950 Ecclesiae
1727 911 1930 950 catholici-

185 978 306 1013 tatem
331 974 492 1023 probare
514 973 667 1013 volunt.
689 973 735 1010 ad
759 972 983 1021 Scripturae
1006 972 1120 1009 effata
1141 975 1367 1021 provocant,
1391 983 1490 1020 quae
1504 971 1682 1020 ejusdem
1695 971 1928 1009 latissimam

187 1047 257 1083 per
278 1034 410 1071 orbem
433 1033 680 1070 diffusionem
704 1031 948 1081 praedicunt.
984 1031 1108 1075 Quam
1131 1031 1179 1068 ob
1201 1044 1283 1069 rem
1307 1034 1409 1068 teste
1433 1030 1622 1079 Optato
1646 1030 1674 1073 Ι,
1700 1036 1751 1070 26
1770 1030 1929 1068 Euno-

186 1093 316 1131 mius
340 1096 379 1130 et
402 1092 673 1141 Olympius
695 1090 870 1140 episcopi
893 1090 934 1128 in
957 1090 1128 1128 Africam
1150 1090 1270 1136 missi,
1306 1092 1353 1128 ut
1374 1089 1692 1138 pronunciarent,
1726 1089 1796 1127 ubi
1827 1091 1929 1127 esset

187 1152 447 1190 catholica
470 1148 684 1203 (Ecclesia).
708 1150 937 1187 edixerunt:
972 1149 1112 1193 ,Illam
1146 1162 1230 1187 esse
1252 1149 1492 1194 catholicam,
1525 1160 1625 1196 quae
1648 1150 1749 1186 esset
1771 1149 1812 1185 in
1843 1101 2090 1285 {W

188 1211 279 1248 orbe
301 1214 496 1248 terrarum
519 1210 698 1248 diffusas<

305 1279 349 1321 2.
372 1281 418 1318 In
440 1280 599 1318 notione
622 1279 842 1317 diffusionis
865 1278 1192 1328 distinguendum
1223 1280 1279 1316 est
1311 1279 1548 1316 elementum
1577 1277 1859 1316 materiale
1890 1282 1929 1315 et

187 1340 233 1377 fo
245 1353 311 1377 rm
325 1340 370 1376 al
384 1352 423 1386 e;
439 1339 540 1376 illud
555 1339 781 1376 continetur
794 1338 880 1387 ipsa
902 1338 925 1375 d
939 1337 1039 1375 iffu
1052 1337 1160 1375 sion
1173 1350 1192 1375 e
1205 1352 1212 1381 ;
1227 1337 1299 1375 hoc
1313 1338 1398 1375 uni
1410 1340 1427 1374 t
1439 1340 1531 1383 ate,
1556 1338 1712 1386 qualem
1726 1349 1764 1374 n.
1782 1342 1863 1378 288
1879 1348 1929 1374 ss.

188 1399 478 1447 descripsimus.
520 1398 657 1447 Neque
679 1398 783 1435 enim
805 1397 1058 1435 multitudini
1082 1397 1257 1441 cuilibet,
1290 1397 1471 1446 quamvis
1505 1396 1718 1435 admodum
1750 1395 1928 1441 diffusae,

188 1458 259 1496 hoc
293 1457 560 1507 praedicatum
596 1457 769 1494 tribuere
802 1456 908 1498 licet.
945 1456 978 1493 si
1012 1459 1117 1493 caret
1150 1456 1314 1493 unitate.
1359 1455 1485 1500 Quare
1520 1468 1548 1493 s.
1571 1455 1929 1505 Augustinus:

190 1517 418 1560 ,Dissensio
441 1516 586 1565 quippe
607 1528 674 1554 vos
697 1513 966 1568 (donatistas),
989 1515 1123 1564 inquit
1138 1515 1179 1564 2),
1215 1517 1254 1552 et
1286 1515 1426 1552 divisio
1459 1515 1551 1552 facit
1584 1514 1820 1552 haereticos:
1852 1526 1929 1562 pax

336 1663 357 1699 ¹)
377 1660 534 1694 Classico
554 1659 640 1693 stilo
660 1658 695 1693 S.
714 1659 825 1703 Cyri
840 1657 939 1692 llus
965 1658 1136 1692 hierosol.
1156 1660 1225 1692 cat.
1246 1661 1290 1693 18
1308 1671 1343 1692 n.
1362 1661 1407 1693 23
1426 1658 1716 1692 catholicitatem
1734 1658 1930 1692 describit:

188 1713 377 1760 Καθολικὴ
402 1718 556 1748 καμεῖται
580 1714 631 1747 διὰ
655 1715 692 1747 τὸ
718 1715 806 1748 κατὰ
832 1714 978 1760 πάσης
1013 1709 1128 1747 εἶναι
1162 1719 1244 1760 τῆς
1278 1711 1556 1760 οἰκουμένης
1585 1742 1591 1747 .
1619 1737 1627 1745 .
1656 1739 1662 1746 .
1689 1713 1764 1746 καὶ
1788 1712 1858 1746 διὰ
1882 1713 1932 1746 τὸ

187 1766 413 1800 διδάσκειν
446 1766 645 1807 καθολικῶς
679 1768 736 1801 καὶ
771 1767 974 1806 ἀνει.).εἱπως
1008 1766 1136 1799 ἅπαντα
1169 1768 1210 1799 τὰ
1245 1764 1290 1806 εἷς
1324 1771 1439 1811 γνῶσιν
1463 1766 1651 1812 ἀνθρώπων
1675 1765 1787 1800 {aazia
1813 1763 1930 1810 ὀφεί-

185 1822 323 1855 λοντα
348 1820 563 1865 δόγματα,
587 1822 644 1853 καὶ
668 1819 721 1854 διὰ
745 1822 782 1853 τὸ
809 1826 889 1854 πᾶν
913 1821 1039 1865 γένος
1064 1819 1250 1864 ἀνθρώπων
1284 1817 1348 1860 εἰς
1373 1818 1600 1864 εὐσέβειαν
1634 1819 1824 1853 &notasset-a
1851 1843 1860 1852 .
1887 1844 1894 1851 .

185 1874 241 1907 καὶ
267 1873 318 1907 διὰ
344 1875 380 1907 τά
406 1873 602 1914 καθολικῶς
626 1872 852 1919 ἰατρεύειν
887 1875 961 1919 μὲν
986 1874 1060 1906 καὶ
1094 1872 1363 1918 θεραπεύειν
1388 1873 1496 1907 ἅπαν
1521 1875 1568 1906 τὸ
1593 1871 1677 1907 ’ζῶν
1701 1873 1931 1918 ἁμαρτιῶν

186 1925 308 1967 εἶδος
335 1955 341 1960 .
370 1953 378 1961 .
406 1954 413 1960 .
440 1926 697 1974 κεκτῆςθαι
732 1927 772 1960 δὲ
807 1928 848 1961 ἐν
883 1926 994 1972 αὐτῇ
1021 1932 1161 1960 πᾶῦαν
1194 1924 1232 1960 ἶῧ
1247 1928 1318 1961 ἑαν
1353 1925 1598 1973 ὀνομαζομένης
1633 1927 1801 1974 ἀρετῆς
1825 1925 1932 1971 ἔργοις

186 1993 220 2014 τε
246 1983 300 2014 καὶ
326 1980 440 2027 λόγοις
464 1981 521 2014 καὶ
547 1985 776 2025 πνευματικοῖς
810 1980 975 2020 παντοίοις
1008 1979 1213 2026 χαρίσμαςιν.
1249 1979 1544 2023 Explicationem
1564 1981 1638 2013 1010
1656 1978 1810 2013 eandem
1829 1977 1928 2012 exhi-

187 2034 250 2068 bet
268 2033 311 2067 Is
325 2033 371 2067 id
384 2045 494 2068 orus
513 2033 607 2077 hisp.
627 2034 671 2066 de
692 2033 822 2067 officiis
841 2032 965 2067 ecdes.
983 2033 1008 2067 1.
1029 2036 1045 2066 1
1067 2044 1094 2067 0.
1119 2038 1146 2068 1.
1182 2033 1234 2068 Cf.
1253 2033 1315 2067 Th
1329 2044 1429 2067 oma
1442 2045 1457 2066 s
1476 2043 1597 2077 expos.
1616 2032 1654 2067 in
1674 2032 1791 2077 symb.
1810 2034 1931 2077 apost.

187 2099 222 2122 n.
243 2089 287 2122 33
306 2097 426 2131 opusc).
451 2086 506 2126 Vl,
526 2089 613 2123 235:
634 2086 656 2120 S
669 2090 689 2120 ὂ
702 2087 783 2120 der
802 2086 946 2130 Begriff
960 2086 1024 2120 der
1041 2086 1299 2121 Katholicitat.

331 2144 356 2182 2)
375 2140 410 2174 L.
433 2143 454 2175 2
470 2151 497 2173 c.
517 2139 573 2174 lit.
592 2139 700 2173 Petil.
719 2150 749 2173 c.
769 2142 833 2177 98;
855 2139 883 2174 O
896 2140 1066 2184 ptatus
1087 2140 1112 2179 I,
1135 2143 1186 2175 11.
1224 2138 1327 2181 Quod
1346 2140 1376 2173 si
1395 2139 1439 2173 dc
1457 2139 1706 2173 determinato
1725 2141 1832 2174 coetu
1850 2146 1929 2174 erat

187 2193 365 2237 quaestio,
384 2204 473 2226 num
492 2193 523 2227 13
541 2192 585 2226 ad
608 2192 803 2226 Ecclesiam
833 2191 1054 2227 catholicam
1085 2193 1277 2237 spectaret,
1306 2193 1558 2236 provocabant
1584 2192 1631 2226 ad
1660 2192 1799 2231 literas,
1834 2203 1933 2236 quae

189 2246 408 2280 dicebantur
426 2247 472 2280 fo
484 2258 501 2280 r
513 2258 547 2280 m
560 2248 605 2279 at
619 2257 639 2279 a
652 2255 682 2285 e,
703 2245 837 2289 quibus
858 2246 936 2290 ejus
955 2256 1037 2279 cum
1055 2245 1217 2280 Ecclesia
1234 2256 1299 2290 per
1313 2245 1439 2279 orbem
1454 2245 1588 2279 diffusa
1599 2244 1820 2290 probaretur
1833 2255 1932 2279 com·

185 2300 321 2332 munio.
355 2299 412 2332 Ita
429 2310 511 2332 cum
530 2299 727 2333 Fortunius
746 2298 897 2342 quidam
915 2299 1187 2333 donatistarum
1206 2309 1401 2344 episcopus
1419 2298 1568 2337 diceret,
1588 2298 1727 2342 ubique
1744 2299 1928 2332 terrarum

186 2361 264 2385 esse
283 2363 385 2385 suam
405 2352 712 2391 communionem,
731 2351 887 2396 ideoque
905 2351 1127 2386 catholicum
1155 2362 1192 2386 se
1219 2362 1316 2391 033ος
1349 2352 1589 2396 ,quaerebam
1618 2351 1665 2385 ab
1692 2362 1747 2393 eo,
1773 2352 1828 2386 ait-
1844 2351 1932 2385 Au-

183 2416 207 2449 g
219 2406 354 2438 nstin
366 2417 390 2438 u
402 2417 417 2438 s
435 2406 539 2449 epist.
558 2408 604 2438 44
622 2417 654 2439 n.
675 2407 706 2443 3.
729 2415 776 2438 an
795 2407 919 2449 posset
936 2405 1065 2439 literas
1085 2406 1442 2440 communicatorias.
1457 2417 1549 2449 quas
1562 2404 1741 2439 formatas
1759 2404 1927 2445 dicimus,

183 2468 401 2501 quocunque
419 2458 541 2497 vellet,
560 2458 646 2492 dare
666 2462 701 2492 et
720 2459 901 2503 accipere:
930 2459 999 2493 1100
1017 2458 1114 2492 enim
1134 2458 1245 2493 modo
1263 2459 1441 2493 facillime
1459 2459 1651 2493 terminari
1669 2457 1926 2502 quaestionem

182 2521 300 2554 posse.
336 2511 514 2544 Parabam
534 2511 644 2551 enim,
663 2515 714 2551 ut,
734 2512 763 2545 si
781 2512 1016 2552 consentiret,
1035 2512 1082 2546 ad
1100 2512 1270 2546 ecclesias
1285 2511 1507 2556 apostolicas
1525 2523 1546 2545 a
1564 2512 1670 2546 nobis
1682 2512 1778 2545 tales
1793 2511 1928 2545 literae

184 2565 454 2597 mitterentur.‘
493 2564 742 2597 Caecilianum
762 2575 910 2609 quoque
928 2565 1266 2610 carthaginiensem
1284 2565 1508 2610 episcopum,
1527 2575 1636 2608 quem
1654 2565 1849 2608 tantopere
1866 2563 1930 2597 do·

187 2619 347 2651 natistae
364 2617 653 2658 insectabantur,
672 2617 758 2652 inde
777 2630 813 2653 se
834 2619 1083 2658 ,catholicum
1101 2620 1257 2664 probare
1274 2620 1451 2664 potuisse,
1470 2619 1599 2653 scribit
1613 2630 1668 2662 ep.
1683 2622 1728 2653 43
1742 2629 1777 2652 n.
1793 2618 1924 2662 7,quia

185 2674 222 2704 et
241 2680 414 2704 romanae
432 2671 605 2704 ecclesiae
624 2674 659 2704 et
678 2672 807 2705 ceteris
827 2673 935 2706 terris
956 2683 1021 2717 per
1042 2672 1389 2707 communicatorias
1407 2672 1534 2706 literas
1558 2674 1653 2706 esset
1670 2671 1898 2716 conjunctus.
1911 2679 1921 2692 ἱ

187 2724 321 2758 Eodem
340 2723 379 2758 in
397 2723 475 2757 1000
495 2725 558 2758 ait.
580 2748 591 2762 ,
602 2724 806 2759 donatistas
823 2729 975 2770 propter
993 2737 1095 2761 suam
1109 2726 1386 2771 perversitatem
1403 2727 1450 2760 ab
1464 2725 1608 2760 unitate
1623 2725 1816 2766 catholica,
1831 2735 1928 2769 quae

186 2787 252 2821 per
270 2776 396 2810 orbem
413 2778 596 2810 terrarum
616 2780 681 2813 est,
701 2779 1043 2812 communicatorias
1069 2779 1198 2813 literas
1226 2779 1388 2822 accipere
1409 2779 1488 2823 jam
1513 2778 1676 2822 amplius
1693 2788 1768 2812 non
1784 2785 1922 2823 poa-ef

187 2829 220 2863 S.
249 2828 279 2862 B
292 2829 383 2863 asi]
397 2829 444 2863 13
457 2841 472 2862 3
502 2829 608 2873 epist.
628 2831 673 2865 75
691 2829 872 2864 Ecclesiae
899 2831 1106 2866 catholicae
1125 2843 1163 2866 se
1181 2830 1388 2866 membrum
1407 2840 1494 2872 esse,
1525 2841 1568 2865 ex
1585 2831 1716 2864 harum
1734 2831 1927 2865 literarum

191 2883 411 2916 commercio
430 2882 576 2916 evincit.
606 2882 811 2928 ,Episcopi,
830 2885 965 2928 inquit,
982 2885 1098 2919 totius
1116 2885 1214 2919 orbis
1232 2886 1360 2919 literas
1378 2886 1426 2919 ad
1443 2894 1509 2919 nos
1526 2886 1694 2927 mittunt,
1713 2890 1749 2919 et
1767 2885 1926 2919 vicissim

187 2947 207 2969 a
226 2937 334 2970 nobis
350 2936 554 2980 recipiunt:
573 2947 617 2970 ex
635 2936 768 2980 quibus
792 2947 1010 2981 cognoscere
1035 2940 1201 2982 potestis,
1229 2938 1327 2982 quod
1355 2940 1548 2973 unanimes
1575 2949 1699 2973 omnes
1725 2938 1930 2982 eodemque

187 2998 298 3023 sensu
315 2988 475 3033 praediti
494 2996 654 3023 sumus.‘
694 2989 877 3033 Optatu
890 3002 906 3024 s
933 2990 998 3025 lib.
1018 2991 1062 3031 ll,
1083 2994 1104 3026 3
1122 2994 1165 3025 ut
1181 2991 1315 3037 probet
1337 3001 1528 3026 romanam
1547 2992 1748 3028 ecclesiam.
1768 3003 1927 3035 quacum

187 3041 352 3076 africana
369 3042 676 3083 communicabat,
695 3053 771 3077 ess<²
789 3043 1023 3084 catholicam,
1055 3045 1185 3085 ,totus‚
1212 3045 1346 3088 inquit,
1375 3045 1473 3079 orbis
1501 3056 1584 3079 cum
1609 3045 1676 3079 illa
1705 3044 1925 3079 commercio

190 3096 429 3129 formatarum
441 3095 481 3129 111
494 3106 570 3129 una
584 3095 854 3130 communionis
868 3097 1043 3132 societate
1053 3098 1259 3132 concordat.
1269 3105 1282 3119 ⁸
1300 3097 1351 3131 Cf.
1365 3096 1388 3132 S
1399 3099 1415 3131 t
1426 3107 1446 3130 a
1460 3097 1508 3142 pl
1521 3108 1540 3132 0
1551 3099 1595 3131 to
1608 3110 1631 3131 n
1648 3097 1673 3131 1.
1686 3108 1715 3135 0,
1725 3097 1929 3131 conc-lum.

1946 377 2155 527 Μ...

2056 535 2151 586 μὰ
