2175 3382
202 180 283 217 οῖς
500 173 617 205 'lu-aet.
639 171 697 207 ΙΙΙ.
719 171 768 204 Dc
789 171 958 204 Ecclesia.
979 170 1105 204 'rhesis
1127 170 1162 204 L.
1183 169 1377 204 Ministerii
1397 169 1618 215 perennitas.

196 296 276 344 puli
313 295 358 331 ad
395 294 534 330 Christi
558 293 862 330 conversionem.
905 292 1010 329 Tunc
1043 292 1146 340 apud
1179 304 1243 329 eos
1276 291 1509 329 universalis
1541 291 1617 328 erit-
1648 303 1738 329 vera
1762 292 1830 328 Dei
1863 304 1934 329 seu

198 354 354 390 messiae
377 353 559 402 cognitio.
585 355 631 389 ut·
653 352 794 389 idcirco
818 351 919 388 haud
942 351 1113 399 amplius
1137 363 1235 400 opus
1259 351 1322 393 sit,
1346 352 1392 387 ut
1414 351 1513 387 alter
1537 350 1651 388 alteri
1675 350 1799 388 dicat:
1836 351 1933 400 Cog-

196 425 306 449 nosce
332 412 556 449 Dominum:
590 411 693 459 quod
717 423 794 447 non
817 410 991 447 excludit
1012 410 1284 460 magisterium
1317 409 1600 454 authenticum,
1633 423 1655 446 a
1678 422 1756 458 quo
1779 421 1933 458 aecepe-

195 472 275 507 n'nt.
298 471 393 508 hanc
415 471 596 508 notitiam
619 473 657 507 et
679 470 751 506 sub
773 481 850 517 quo
874 469 982 506 illam
1005 469 1241 514 custodiant,
1278 481 1493 517 verumque
1516 481 1600 506 esse
1633 471 1767 517 potest
1798 468 1840 506 in
1873 480 1934 506 so-

195 531 333 567 cietate
357 530 452 566 bene
475 529 627 568 exculta
649 531 688 565 ct
710 528 935 577 magisterio
958 528 1184 565 authentico
1207 528 1412 568 instructa.

565 668 586 707 ,ξ
614 667 650 701 3.
678 667 732 700 De
760 666 969 701 ministerii
996 666 1260 702 ecelesiastici
1288 667 1551 711 perennitate.

313 766 406 806 254.
432 762 598 804 'rhesis
627 761 678 803 L·
717 774 868 808 Voluit
894 777 1050 808 autem
1078 774 1302 815 Christus,
1328 777 1378 807 ut
1404 775 1597 808 docendi
1621 775 1935 817 pascendique

196 837 513 871 minister-ima
532 836 582 868 in
601 835 824 876 apostolis
840 835 1108 869 inchoatum
1134 844 1228 868 non
1242 838 1384 869 antea
1401 836 1645 875 desineret,
1672 844 1813 878 quam.
1836 837 1936 876 ipsa

194 897 373 930 adesset
398 894 661 928 seculorum
691 895 1040 928 consummatio.

311 987 693 1030 Demonstratio.
719 985 967 1027 Perennitas
982 986 1202 1027 ministerii
1228 987 1268 1029 1.
1294 987 1484 1039 sequitur
1505 998 1580 1039 per
1601 987 1774 1028 modum
1799 987 1934 1028 corol-

192 1059 283 1100 larii
315 1071 365 1099 ex
398 1058 507 1098 thesi
530 1060 586 1101 38
620 1056 672 1097 de
694 1056 908 1098 Ecclesiae
940 1057 1296 1109 perennitate
1329 1062 1370 1098 et
1401 1069 1451 1098 ex
1478 1057 1534 1098 th.
1556 1061 1613 1101 49
1636 1058 1688 1099 de
1711 1059 1935 1099 ministerii

193 1129 467 1171 ecclesiastici
490 1141 516 1168 n
535 1128 850 1172 ecessitate.
886 1127 930 1169 Si
948 1129 1060 1169 enim
1075 1128 1264 1169 Ecclesia
1287 1133 1350 1169 est
1371 1129 1569 1181 perennis
1592 1133 1633 1169 et
1655 1129 1944 1181 ministerium*

192 1200 530 1242 ecclesiasticum
555 1199 609 1240 ad
632 1211 727 1240 eam
750 1199 1070 1252 propagandam
1093 1199 1519 1252 conservandamque
1542 1200 1848 1241 necessarium.
1872 1201 1934 1252 ip-

191 1284 284 1312 sum
309 1282 476 1324 quoque
499 1281 692 1322 perenne
715 1282 808 1311 esse
831 1270 967 1311 debet.
1010 1270 1168 1311 Eadem
1190 1271 1347 1312 veritas

313 1367 356 1408 2³..
383 1364 589 1416 colligitur
611 1377 661 1406 ex
685 1363 929 1417 Scripturae
953 1365 1088 1406 effatis
1111 1365 1254 1409 Matth.
1279 1367 1348 1415 28,
1374 1369 1429 1409 ‘20
1453 1367 1509 1420 (n.
1536 1367 1658 1421 115);
1693 1365 1747 1405 Et
1780 1378 1847 1420 eqo
1872 1379 1935 1406 ro-

187 1435 474 1493 yccbOJPczt1·e7n
498 1443 533 1478 et
562 1436 692 1478 alium
709 1436 973 1478 Paracletum
988 1437 1102 1478 dabit
1117 1436 1240 1491 vobis,
1264 1443 1307 1478 ut
1327 1441 1494 1478 maneat
1516 1437 1720 1478 vobiscum
1745 1438 1787 1477 in
1810 1440 1934 1477 aeter-

192 1521 289 1546 nnm
310 1506 432 1548 Joan.
460 1512 524 1555 14,
553 1510 630 1552 15:
663 1509 987 1563 Quotiescunque
1018 1509 1124 1548 enim
1157 1507 1463 1549 manducabitis
1492 1521 1644 1562 panem
1666 1508 1774 1548 hune
1805 1512 1840 1547 et
1869 1521 1934 1548 σα-

193 1578 307 1618 licem
340 1579 493 1632 bibetis,
525 1583 694 1620 mortem
718 1578 890 1619 Domini
914 1580 1240 1632 annunciabitis,
1272 1579 1396 1619 donec
1421 1581 1557 1620 veniat
1582 1582 1618 1623 1.
1643 1577 1738 1620 Cor.
1764 1580 1831 1626 11,
1865 1581 1933 1627 26,

194 1650 345 1702 quibus
369 1650 628 1702 significatur
650 1650 929 1691 ministerium
952 1650 1285 1693 ecclesiasticum
1317 1662 1368 1691 ex
1402 1649 1556 1691 Christi
1586 1650 1820 1690 intentione
1853 1649 1930 1690 du-

193 1733 288 1762 rare
303 1720 458 1762 debere
473 1734 606 1774 usque
630 1721 684 1762 ad
706 1723 1096 1764 consummationem
1118 1723 1257 1776 seculi,
1283 1723 1325 1762 in
1347 1726 1574 1767 aeternum,
1598 1723 1723 1762 donec
1746 1721 1933 1763 Christus

193 1792 381 1832 secundo
406 1793 557 1846 veniat,
579 1792 761 1845 ideoque
785 1804 878 1834 esse
902 1798 1164 1845 perpetuum.
1208 1792 1255 1833 Et
1279 1805 1382 1834 sane

311 1887 352 1929 3.
389 1892 496 1927 teste
530 1887 661 1928 Paulo
696 1887 790 1928 finis
822 1888 1041 1929 ministerii
1073 1888 1350 1929 ecclesiastici
1385 1892 1460 1937 est,
1495 1899 1547 1928 ne
1583 1887 1932 1928 circumferamur

194 1958 310 1998 omni
323 1963 449 1998 vento
466 1958 696 2005 doctrinae,
720 1970 773 2000 ne
796 1959 935 1999 unitas
951 1959 1131 2000 violetur
1153 1958 1260 2002 fidei,
1283 1964 1328 2000 ut
1350 1958 1596 2000 aedificetur
1609 1970 1763 2011 corpus
1779 1957 1932 2000 Christi

194 2028 248 2083 (n.
273 2032 358 2073 250
377 2032 431 2082 2);
454 2029 571 2081 atqui
593 2029 743 2081 triplex
766 2029 834 2069 hic
857 2029 949 2070 finis
973 2030 1098 2081 exigit
1120 2035 1372 2082 perpetuum
1395 2030 1685 2070 ministerium.

310 2124 350 2167 4.
374 2123 563 2177 Denique
579 2125 858 2166 ministerium
875 2125 1208 2166 ecclesiasticum
1225 2129 1289 2166 est
1303 2125 1355 2166 de
1370 2126 1555 2166 essentia
1570 2129 1611 2166 et
1626 2125 1933 2165 constitutione

193 2193 417 2241 Ecclesiae,
454 2200 499 2235 ut
534 2195 741 2247 colligitur
771 2210 811 2240 a.
845 2208 896 2237 ex
928 2208 992 2245 eo,
1026 2197 1139 2249 quod
1171 2201 1235 2237 est
1266 2197 1356 2249 ejus
1387 2208 1519 2237 causa
1542 2195 1731 2237 formalis
1754 2200 1932 2236 externa

195 2266 251 2320 (n.
277 2266 403 2320 247)‚·
434 2267 478 2310 b.
514 2279 564 2307 ex
596 2267 785 2310 historia.
819 2280 902 2320 qua
928 2272 1035 2309 teste
1058 2280 1276 2320 nunquam
1301 2267 1460 2308 exstitit
1480 2266 1668 2307 Ecclesia
1690 2266 1782 2307 sine
1804 2267 1928 2306 mini-

125 2346 129 2358 ·
194 2336 320 2376 sterio
345 2337 647 2388 eeclesiastico,
678 2338 790 2379 unde
815 2339 952 2391 ipsum
977 2334 1040 2380 est
1060 2338 1275 2380 Ecclesiae
1299 2350 1506 2379 coaevum
1529 2342 1656 2390 atque
1679 2337 1928 2390 parallelum

194 2406 216 2446 i.
241 2418 273 2449 e.
306 2411 393 2447 tam
415 2407 498 2448 late
521 2413 637 2460 patet
659 2413 786 2462 atque
811 2409 904 2462 ipsa
926 2409 1135 2458 Ecclesia3
1168 2422 1277 2462 quae
1309 2422 1351 2453 c.
1385 2409 1593 2450 connexio
1626 2420 1844 2461 nunquam
1878 2420 1928 2449 ex

195 2476 368 2517 arbitrio
393 2476 585 2526 fidelium,
619 2479 693 2519 sed
725 2491 776 2519 ex
799 2477 954 2519 Christi
977 2479 1194 2521 voluntate
1217 2479 1293 2520 fuit
1314 2479 1516 2527 derivata,
1549 2491 1599 2520 ac
1633 2483 1863 2532 propterea
1885 2479 1929 2522 (l.

194 2547 323 2588 series
346 2559 562 2600 nunquam
586 2549 822 2601 interrupta
842 2554 1064 2602 pastorum
1086 2550 1233 2591 habita
1256 2562 1425 2603 semper
1455 2550 1531 2590 fuit
1562 2554 1665 2590 nota
1697 2561 1824 2590 verae
1852 2548 1928 2589 Ec-

193 2618 360 2666 clesiae,
381 2618 563 2671 ideoque
579 2620 669 2671 ejus
683 2620 922 2672 proprietas
937 2621 1184 2662 essentialis.
1220 2620 1360 2672 Quare
1384 2634 1424 2664 e.
1449 2619 1726 2674 Cypriassissi
1741 2633 1761 2660 s
1782 2619 1926 2660 Eccle-

193 2690 300 2730 siam
323 2691 631 2742 propemodum
654 2691 856 2732 definiens
879 2693 938 2733 ita
960 2692 1013 2733 ad
1036 2692 1297 2733 Florentium
1312 2692 1578 2744 Puppianum
1602 2690 1748 2731 scribit
1770 2701 1831 2743 ep.
1850 2694 1926 2735 69:

200 2760 410 2810 „Ecclesia
444 2766 508 2801 est
543 2761 660 2813 plebs
694 2762 906 2803 sacerdoti
938 2763 1123 2803 adunata
1160 2768 1201 2803 et
1231 2763 1392 2815 pastori
1427 2775 1504 2803 suo
1539 2773 1640 2813 grex
1675 2761 1926 2806 adhaerens

193 2830 312 2873 Unde
335 2832 442 2873 scire
465 2831 605 2880 debes.v
640 2833 883 2908 epissqsffifflp
908 2833 950 2873 in
973 2833 1153 2874 ecclesia
1176 2846 1269 2875 esse
1301 2838 1342 2875 et
1373 2833 1597 2874 ecelesiam
1629 2834 1673 2873 in
1705 2833 1928 2885 episcopm

193 2907 234 2943 et
255 2902 289 2943 si
312 2903 404 2955 quis
427 2914 523 2943 cum
547 2903 745 2955 episcopo
770 2916 856 2944 non
879 2917 913 2944 Sl
934 2936 942 2953 ‚
965 2917 1007 2944 in
1063 2904 1217 2945 eclesia
1238 2917 1325 2946 non
1349 2912 1482 2947 esse.“
1506 2903 1685 2945 Tamdiu
1709 2915 1808 2955 ergo
1832 2915 1927 2945 esse

191 2973 318 3014 debet
339 2973 619 3014 ministerium
645 2974 992 3023 ecclesiasticum,
1017 2975 1219 3027 quamdiu
1241 2975 1370 3016 stabit
1391 2974 1589 3016 Ecclesia.
