2175 3382
720 129 775 160 est
786 126 895 171 juxta
915 125 1046 160 Matth.
1069 127 1119 166 16,
1142 128 1185 160 18
1204 126 1386 159 Ecclesiae
1404 129 1523 170 petra.
1899 130 1987 172 365

252 253 403 300 potens
426 282 434 290 .
456 282 465 290 .
489 282 496 289 .
520 247 592 299 qui
613 245 752 286 dixisti
775 245 882 297 patri
903 248 1050 285 nostro
1074 243 1200 284 Petro
1223 255 1274 284 ex
1299 255 1372 284 ore
1395 244 1598 295 unigeniti
1620 245 1712 287 Filii
1736 248 1793 288 tui
1816 236 1986 299 Domini

253 321 294 359 et
315 317 390 358 Dei
410 315 459 358 N.
480 316 514 358 J.
537 315 634 357 Chr'
662 316 712 357 ti:
750 315 813 355 Tu
843 329 883 356 es
905 315 1034 356 Petra
1064 319 1101 355 et
1122 327 1247 368 super
1268 313 1376 355 hanc
1393 319 1555 368 petram
1581 316 1815 360 aedificabo
1838 302 1985 360 Eccle'ss'

252 389 359 429 siam
383 399 523 429 meam
546 392 622 431 etc..
695 386 823 440 Atqui
853 386 895 426 in
920 386 994 426 tali
1015 389 1217 426 contextu
1239 383 1463 425 manifesto
1487 387 1660 427 nomine
1683 393 1828 439 petrae
1851 391 1893 429 in
1914 374 1984 430 εέᾎ

253 458 391 499 cundo
414 458 547 499 inciso
569 458 640 499 illa
663 457 813 499 eadem
835 456 1087 509 intelligitur,
1111 455 1231 508 cujus
1253 455 1414 496 mentio
1432 458 1617 497 occurrit
1638 459 1681 498 in
1703 459 1987 511 praecedenti.

251 529 360 581 Ergo
383 541 434 570 ex
456 529 662 570 ecclesiae
684 528 877 581 copticae
899 527 979 568 fide
995 526 1142 568 Petrus
1164 531 1229 567 est
1249 526 1319 567 illa
1340 530 1476 578 petra,
1499 539 1627 579 supra
1650 541 1779 580 quam
1794 528 1987 571 Christus

252 612 374 641 suam
396 611 442 641 se
464 599 564 640 dicit
585 598 906 640 aedificaturum
928 609 1022 638 esse
1044 597 1287 638 Ecclesiam.

370 687 467 728 349.
490 683 852 727 Demonstrati«)
875 695 920 737 p.
944 682 997 724 II
1028 685 1069 722 et
1094 681 1188 724 ΙΙΙ.
1232 680 1373 731 Quare
1404 681 1643 722 traditionis
1674 682 1864 734 inspecto
1898 686 1984 724 sut·-

251 754 383 806 fragio
405 753 708 806 praeferendus
730 757 794 794 est
815 756 961 794 noster
983 752 1327 800 commentarius,
1360 763 1497 804 eoque
1520 752 1658 804 magis
1681 753 1794 806 quod
1818 758 1990 795 ceterae

254 825 626 877 interpretationes
642 836 739 865 eum
761 836 848 865 non
871 822 1109 871 excludunt,
1131 822 1205 863 sed
1228 822 1364 863 amice
1378 823 1517 874 potius
1539 835 1634 863 cum
1659 835 1710 864 eo
1732 825 1991 876 conspirant,

252 894 360 936 adeo
382 899 428 935 ut
449 895 575 936 iidem
597 900 740 947 patres
762 906 876 935 nunc
898 894 980 934 hoc
1000 898 1184 940 utantur,
1206 905 1319 934 nunc
1334 893 1481 942 altero,
1503 895 1588 934 imo
1609 894 1865 947 quandoque
1879 895 1988 936 duos

252 966 511 1018 conjungant
532 966 657 1007 simul
678 966 829 1007 eodem
852 966 895 1006 in
917 968 1128 1006 contextu.
1170 964 1220 1005 Et
1247 976 1352 1005 sane
1375 969 1555 1005 eatenus
1578 964 1727 1006 Petrus
1750 971 1869 1018 petra
1892 978 1990 1007 esse

251 1040 391 1089 potest
411 1036 635 1085 Ecclesiae,
668 1041 877 1089 quatenus
899 1034 1090 1076 Christus
1121 1036 1318 1088 princeps
1350 1040 1470 1088 petra
1501 1036 1613 1076 hanc
1644 1037 1989 1089 praerogativam

251 1107 291 1148 ei
320 1107 503 1160 largitur.
546 1107 605 1148 Eo
636 1108 728 1160 ipso
761 1119 861 1160 ergo
887 1106 1001 1160 quod
1022 1105 1213 1147 Christus
1237 1105 1409 1147 Petrum
1432 1107 1650 1148 coustituit
1672 1106 1891 1148 Ecclesiae
1915 1120 1988 1159 pe-

250 1182 373 1227 tram,
395 1189 441 1218 se
463 1178 601 1230 ipsum
623 1177 873 1230 significavit
894 1189 988 1218 esse
1010 1181 1175 1229 petram
1197 1177 1445 1229 principem.

368 1251 505 1289 Merito
526 1252 651 1301 igitur
671 1252 747 1289 Leo
761 1252 824 1288 IX.
847 1251 896 1288 ad
916 1251 1144 1288 Michaelem
1162 1251 1430 1288 Caerularium
1446 1251 1619 1289 scribens
1633 1253 1689 1289 ait
1700 1264 1730 1290 c.
1750 1259 1768 1291 Τ
1788 1266 1795 1289 :
1821 1253 1990 1296 „Sancta

250 1310 423 1347 Ecclesia
444 1322 563 1359 snper
585 1311 738 1348 Petram
761 1311 785 1349 i.
808 1323 838 1348 e.
862 1310 1058 1348 Christum
1080 1313 1120 1347 et
1141 1323 1260 1358 super
1282 1311 1440 1347 Petrum
1465 1310 1666 1348 aedificata
1689 1315 1797 1356 θεῖς(
1820 1314 1860 1349 et
1881 1324 1991 1349 auc-

250 1370 331 1406 tor
352 1369 454 1408 hom.
478 1370 525 1407 de
547 1370 789 1418 poenitentia
812 1382 840 1406 s.
862 1369 1010 1406 Basilio
1032 1369 1251 1418 adscriptae
1273 1382 1310 1406 n.
1335 1376 1380 1409 4:
1419 1368 1691 1418 ,Quamquam
1725 1374 1856 1407 autem
1878 1373 1989 1419 petra

251 1430 310 1465 est
332 1425 520 1480 (Petrus),
543 1441 622 1466 non
643 1431 689 1466 ut
711 1429 888 1466 Christus
911 1431 1032 1477 petra,
1056 1428 1124 1465 sed
1146 1435 1191 1465 ut
1214 1429 1353 1466 Petrus
1375 1431 1507 1476 petra:
1532 1429 1709 1467 Christus
1731 1430 1836 1467 enim
1859 1442 1988 1467 essen-

250 1486 401 1524 tialiter
422 1490 534 1535 petra
555 1488 794 1534 inconcussa,
818 1489 959 1525 Petrus
982 1498 1073 1524 vero
1096 1489 1256 1536 propter
1277 1491 1440 1536 petram,
1483 1488 1668 1537 Largitur
1691 1489 1795 1525 enim
1811 1489 1992 1526 Christus

252 1557 341 1583 suas
363 1546 576 1596 dignitates
599 1550 639 1584 et
660 1560 739 1584 non
761 1549 986 1592 evacuatur,
1010 1546 1076 1584 sed
1099 1559 1197 1594 quae
1218 1547 1373 1590 tribuit,
1398 1546 1576 1584 retinuit.
1618 1547 1701 1585 Lux
1724 1550 1802 1585 est:
1826 1560 1889 1585 2:05·
1902 1549 1993 1584 estis*

251 1605 320 1642 lux
339 1606 474 1643 mundi
484 1619 503 1652 ;
527 1607 705 1644 sacerdos
727 1609 795 1651 est,
821 1606 1039 1643 sacerdotes
1059 1605 1172 1650 facit;
1195 1609 1306 1654 petra
1327 1608 1396 1650 est,
1420 1613 1571 1654 petram
1586 1606 1721 1644 facin«
1756 1607 1791 1644 S.
1815 1607 1991 1644 Hiero-

250 1676 430 1713 nymus
453 1665 477 1702 l.
503 1672 524 1705 3
559 1666 599 1703 in
622 1665 759 1703 Matth.
789 1672 859 1705 16:
895 1665 1034 1709 »Sicut
1068 1665 1149 1713 ipse
1184 1664 1319 1701 lumen
1350 1665 1536 1713 apostolis
1570 1665 1741 1709 donavit,
1776 1668 1822 1703 ut
1855 1666 1990 1703 lumen

252 1723 386 1760 mundi
407 1725 770 1773 appellarentur...
793 1724 849 1761 ita
870 1726 910 1761 et
933 1724 1092 1769 Simoni,
1117 1723 1186 1771 qui
1210 1723 1392 1760 credebat
1413 1724 1455 1760 in
1475 1726 1626 1772 petram
1642 1719 1856 1767 Christum,
1879 1725 1987 1761 Petri

252 1782 420 1831 largitus
442 1785 504 1820 est
523 1796 685 1829 nomem
720 1795 763 1820 ac
784 1783 996 1820 secundum
1020 1783 1284 1831 metaphoram
1307 1786 1440 1831 petrae
1470 1787 1574 1820 recte
1597 1783 1739 1821 dicitur
1761 1784 1814 1821 ei:
1845 1783 1992 1821 Aedifi-

253 1841 346 1878 cabo
377 1841 591 1879 Ecclesiam
623 1855 747 1880 meam
777 1855 895 1890 super
925 1847 996 1878 τα(
1041 1841 1300 1890 Rupertus
1334 1841 1534 1879 tuitiensis
1568 1842 1591 1879 l.
1618 1849 1639 1882 2
1673 1838 1846 1880 in'Joan.
1876 1850 1907 1888 1,
1934 1848 1989 1881 42

254 1897 380 1952 (Mig.
412 1907 500 1946 169,
527 1904 626 1949 268)
658 1901 786 1939 citatis
818 1900 948 1938 verbis
979 1901 1117 1938 Matth.
1147 1907 1209 1946 16,
1239 1907 1287 1941 18
1312 1901 1368 1938 ita
1391 1901 1661 1949 prosequitur:
1697 1902 1853 1945 »Claret
1883 1914 1990 1950 ergo,

253 1958 346 2007 quia
367 1959 542 1997 Christus
564 1973 681 2009 super
703 1960 887 2009 seipsum,
911 1959 1094 1997 videlicet
1115 1959 1267 1997 firmam
1291 1962 1454 2007 petram,
1485 1972 1596 1997 suam
1618 1961 1894 1998 aedificaturus
1917 1960 1990 1997 Ec—

253 2017 421 2062 clesiam,
444 2019 514 2056 ubi
535 2020 648 2064 vidit,
671 2020 749 2057 imo
771 2019 944 2056 intuitus
967 2021 1038 2061 est,
1062 2022 1108 2055 ut
1130 2018 1185 2055 ait
1206 2019 1449 2068 evangelista
1472 2016 1600 2072 (Joan.
1631 2027 1662 2064 1,
1689 2017 1772 2072 42),
1795 2020 1836 2057 id
1858 2025 1918 2057 est
1932 2019 1994 2056 di-

252 2076 421 2126 ligenter
441 2078 614 2126 respexit
634 2079 759 2123 illum,
793 2091 910 2126 quem
939 2078 1112 2126 primum
1145 2079 1236 2126 post
1267 2091 1307 2115 se
1338 2078 1494 2115 volebat
1525 2079 1700 2127 ejusdem
1734 2091 1814 2116 esse
1847 2078 1988 2115 funda-

252 2138 430 2174 mentum
453 2137 655 2175 Ecclesiae.
697 2138 778 2175 Hac
799 2138 845 2175 de
873 2150 991 2175 causa
1012 2137 1173 2174 Petrum
1206 2150 1228 2174 a.
1250 2137 1378 2186 seipso
1411 2140 1522 2185 petra
1554 2138 1680 2186 prima
1710 2137 1994 2179 denominavit.

252 2196 390 2243 utpote
410 2195 453 2232 in
473 2208 550 2244 quo
572 2198 662 2246 post
684 2196 855 2245 seipsum
876 2198 959 2233 tota
981 2196 1193 2233 constituta.
1215 2198 1299 2233 erat
1321 2196 1464 2233 labrica
1486 2196 1707 2244 spiritualis
1730 2197 1894 2234 aedificii
1914 2193 1992 2247 1).‘K

254 2346 401 2381 abunde
419 2347 635 2391 suppeditat
652 2347 673 2381 J
676 2347 789 2391 oseph
806 2347 836 2380 D
849 2358 901 2381 av
913 2347 926 2380 i
938 2347 960 2381 d
978 2347 1017 2381 in
1035 2357 1093 2391 op.
1112 2347 1298 2390 Antiquae
1313 2346 1496 2381 Ecclesiae
1512 2347 1822 2391 syro-chaldaicae
1841 2348 1996 2381 traditio

255 2400 351 2434 circa
364 2399 463 2434 Petri
475 2411 532 2444 ap.
546 2400 696 2444 ejusque
714 2410 965 2434 successorum
982 2411 1073 2434 rom.
1084 2399 1301 2443 pontificum
1316 2399 1482 2433 divinum
1497 2399 1714 2444 primatum.¹
1728 2400 1864 2435 Romae
1884 2402 1995 2446 ¹870)

253 2464 272 2487 e
289 2464 362 2497 quo
380 2452 601 2497 florilegium
619 2454 770 2487 exhibet
787 2454 829 2490 cl.
850 2453 879 2486 B
891 2453 902 2486 i
915 2464 932 2486 c
944 2454 968 2487 k
980 2453 1020 2487 el
1035 2453 1044 2486 l
1072 2451 1252 2486 Katholik
1277 2455 1374 2487 1831.
1393 2452 1419 2494 I,
1442 2455 1484 2487 18
1501 2466 1546 2488 ss,
1566 2453 1748 2487 Ecclesiae
1767 2465 1817 2488 ar
1829 2466 1863 2487 m
1876 2465 1931 2488 en
1943 2465 1963 2488 a
1975 2465 1996 2488 e

254 2506 468 2550 suffragium
488 2506 640 2540 exhibet
662 2506 874 2540 Azarian
897 2507 935 2540 in
954 2507 975 2541 l.
995 2506 1149 2540 traditio
1168 2507 1212 2539 de
1230 2516 1319 2540 rom.
1339 2506 1526 2549 pontificis
1544 2507 1705 2551 primatu
1719 2507 1996 2552 jurisdictionis

253 2561 292 2595 et
308 2559 498 2594 inerrabili
518 2560 744 2605 magisterio,
762 2559 901 2593 Romae
922 2562 1031 2597 1870:
1062 2559 1091 2592 R
1102 2572 1122 2593 o
1135 2572 1150 2594 s
1161 2559 1185 2593 k
1198 2571 1217 2592 o
1230 2571 1252 2593 v
1264 2561 1285 2593 a
1298 2572 1319 2593 n
1329 2571 1354 2603 y
1375 2559 1432 2600 lV,
1451 2562 1473 2595 3
1492 2571 1556 2597 ss:
1585 2559 1759 2595 ecclesiae
1786 2573 1810 2604 g
1821 2572 1839 2594 ι·
1850 2572 1868 2594 a
1882 2571 1901 2594 e
1913 2571 1931 2594 c
1942 2571 1961 2594 a
1975 2572 1997 2593 e

253 2612 416 2647 Nilles
444 2613 705 2647 Kalendarium
734 2614 909 2646 manuale
928 2612 1131 2652 1‚7·2.19:3.
1160 2613 1197 2646 et
1226 2613 1284 2646 lto
1300 2613 1518 2657 skovany
1539 2613 1704 2654 VI‚194;
1737 2626 1785 2646 ru
1802 2614 1996 2647 ssiacae

254 2665 415 2707 Rudis,
442 2665 553 2699 Petra
576 2676 732 2700 romana
758 2677 794 2710 p.
816 2668 882 2700 128
900 2677 945 2704 s.;
979 2668 1043 2700 135
1063 2677 1089 2700 s.
1124 2664 1176 2700 Cf.
1204 2665 1376 2701 Zeitschr.
1403 2665 1463 2700 fiir
1489 2666 1592 2700 kata.
1621 2666 1747 2701 Theol.
1774 2667 1802 2709 Ι,
1830 2669 1995 2702 622-ὃό

254 2718 459 2753 Innsbruck
477 2720 586 2755 1877:
607 2719 667 2754 VI.
688 2721 768 2754 578.

398 2772 426 2817 ¹)
445 2771 497 2806 Cf.
518 2783 629 2816 supra
645 2773 757 2806 verba
775 2785 802 2807 s.
822 2772 850 2806 L
861 2783 880 2806 e
891 2782 911 2806 o
924 2785 946 2805 n
958 2773 970 2805 i
984 2783 999 2806 s
1017 2771 1065 2805 M.
1091 2784 1127 2806 n.
1141 2775 1238 2807 345⁶.
1258 2771 1293 2806 S.
1312 2771 1349 2805 M
1362 2783 1383 2806 a
1394 2785 1416 2806 x
1427 2773 1439 2806 i
1451 2784 1486 2806 m
1498 2784 1523 2805 u
1534 2784 1550 2806 s
1567 2773 1661 2809 taur.
1676 2774 1773 2807 hom.
1794 2779 1805 2807 1
1825 2774 1861 2807 in
1876 2774 1994 2806 natali

256 2836 301 2858 ss.
320 2824 418 2858 Petri
437 2826 475 2858 et
490 2823 612 2860 Pauli:
632 2825 725 2863 ,Hic
739 2826 794 2859 est
811 2825 950 2863 Petrus,
968 2826 1025 2859 cui
1042 2825 1208 2860 Christus
1231 2825 1411 2860 Dominus
1435 2825 1729 2860 communionem
1754 2828 1809 2860 sui
1834 2825 1994 2859 nominis

254 2877 414 2911 libenter
431 2878 597 2915 indulsit.
616 2878 668 2913 Ut
682 2879 792 2919 enim,
810 2878 905 2912 sicut
925 2889 981 2923 ap.
999 2879 1134 2912 Paulus
1147 2879 1302 2913 edocuit.
1324 2881 1432 2923 petra.
1446 2880 1523 2912 erat
1539 2878 1707 2912 Christus
1722 2883 1767 2918 (1.
1780 2881 1856 2913 Cor.
1875 2882 1926 2919 10,
1939 2883 1972 2916 4>
1986 2890 1996 2909 .-

254 2931 309 2964 ita
324 2940 391 2975 per
408 2929 591 2965 Christum
609 2931 737 2965 Petrus
755 2933 876 2965 factus
890 2933 945 2965 est
960 2933 1076 2976 petra,
1091 2931 1236 2965 dicente
1253 2933 1284 2966 ei
1303 2931 1478 2966 DJnnino:
1502 2933 1553 2965 Tu
1570 2943 1603 2966 es
1624 2933 1766 2965 Petrum
1789 2935 1855 2965 etc.
1887 2930 1993 2972 Quod

255 2982 287 3016 si
303 2983 502 3026 quaeritur,
519 2983 701 3027 quomodo
721 2985 785 3018 alii
805 2985 1061 3019 commentarii
1079 2984 1177 3019 hisce
1196 2984 1314 3018 verbis
1339 2995 1361 3018 a
1383 2984 1530 3019 Christo
1553 2984 1635 3028 sign
1653 2984 1818 3020 fiventur,
1842 2993 1993 3028 rex-pon-

258 3036 395 3077 demus‚
420 3047 480 3070 eos
499 3049 533 3070 m
547 3047 565 3070 e
577 3037 621 3070 di
635 3037 711 3072 ate
730 3038 931 3082 significari
950 3040 987 3071 et
1004 3048 1051 3071 re
1063 3038 1158 3072 alit
1171 3048 1189 3072 e
1200 3050 1218 3071 r
1235 3039 1273 3072 et
1298 3050 1319 3072 v
1331 3048 1377 3072 er
1389 3038 1411 3072 b
1423 3049 1439 3071 a
1456 3037 1491 3071 li
1503 3040 1519 3071 t
1530 3048 1585 3078 er,
1614 3048 1687 3071 non
1705 3037 1852 3080 quidem
1871 3036 1997 3071 verba-

255 3088 340 3123 liter
359 3089 544 3134 explicite,
563 3090 626 3125 sed
643 3090 703 3124 im
714 3103 737 3135 p
748 3090 762 3124 1
773 3091 785 3124 i
797 3092 838 3124 ci
849 3093 865 3124 t-
877 3102 907 3125 e.
