2175 3382
617 96 746 130 'l'hesis
765 96 926 130 XXXIII.
951 99 967 126 t
981 107 998 130 e
1018 96 1273 140 inspirationis
1292 97 1514 131 extensione.
1852 95 1934 144 185

314 222 476 258 Patrum
498 232 588 257 vero
611 219 736 264 effata,
761 231 861 267 quae
883 231 952 267 pro
976 218 1169 267 ejusmodi
1192 218 1403 255 dictatione
1426 218 1556 255 afferri
1580 219 1717 264 solent,
1742 219 1799 256 ita
1826 232 1930 257 com-

201 280 313 317 modo
336 279 520 328 explicari
544 280 720 326 possunt,
746 280 792 314 ut
814 277 1034 327 significent
1055 278 1223 321 tantum,
1249 289 1399 313 summa
1423 277 1642 314 reverentia
1664 289 1807 315 sacram
1831 278 1933 315 Scri-

197 341 354 388 pturam
377 338 644 387 excipiendam
666 349 746 374 esse
769 336 976 384 omniaque
1000 336 1083 383 ejus
1097 335 1215 372 verba
1230 335 1440 384 diligenter
1455 348 1539 372 esse
1555 336 1816 384 expendenda,
1841 337 1935 385 quia

199 398 321 435 multa
344 397 536 435 divinitus
559 398 653 433 sunt
675 395 874 443 inspirata,
899 395 1028 431 omnia
1055 406 1174 431 sensu
1186 394 1315 442 plena,
1340 394 1494 430 nullum
1510 394 1654 431 inutile
1669 398 1738 432 aut
1753 396 1934 439 otiosum,

198 458 336 505 utpote
359 457 437 493 Deo
460 455 692 504 invigilante
715 454 931 502 conscripta
962 455 1001 490 et
1035 452 1277 501 providente,
1312 465 1359 489 ne
1392 465 1502 489 voces=
1536 455 1753 501 superfluae
1788 456 1855 491 aut
1890 454 1935 491 ad

202 528 337 553 sensus
359 514 537 563 inspirati
560 513 845 561 expressionem
867 512 999 549 minus
1024 512 1183 549 idoneae
1207 511 1495 548 adhiberentur.

948 615 1117 670 Caput
1149 615 1188 658 ll.

402 698 473 739 De
505 698 901 751 inspirationis
934 697 1263 737 extensione
1296 707 1389 737 seu
1423 696 1482 737 de
1517 708 1737 737 canone.

325 785 414 826 164.
439 783 606 825 TheSiS
629 781 868 824 XXXIII.
911 795 979 827 Dc
999 795 1126 834 facto
1153 794 1485 835 inspirationis
1512 795 1661 834 moda,
1688 802 1777 835 quo
1804 801 1940 834 opor-

201 860 275 899 tet,
302 857 430 890 nobis
457 858 632 890 constat
657 864 803 897 neque
830 853 868 887 1.
896 864 954 887 ew
993 854 1063 887 rei
1101 855 1280 886 namara
1314 855 1356 885 ct
1391 861 1421 885 a
1451 853 1634 895 prior&
1671 861 1817 894 neque
1843 853 1884 885 2.
1911 862 1940 885 a

196 916 447 957 posteriori
475 924 533 948 ex
559 913 904 948 characteribus
931 912 1046 954 ipsis
1072 912 1221 945 sacris
1240 911 1371 944 libris
1388 911 1760 951 inhaerentibus;
1798 919 1941 952 neque

202 975 245 1009 3.
271 985 328 1009 ex
355 984 419 1016 eo,
444 976 566 1017 qnod
584 975 752 1007 horum
779 973 1011 1006 librorum
1039 974 1204 1005 auctor
1224 971 1374 1012 fuerit
1391 971 1639 1013 apostolus,
1655 972 1936 1012 praesertim

202 1036 243 1069 si
268 1035 512 1069 criterium
538 1034 619 1067 hoc
646 1033 875 1066 erclusive
902 1033 1119 1065 sumitur.

322 1102 685 1146 Demonstratio
708 1115 751 1156 1).
775 1102 813 1144 Ι.
856 1100 1157 1141 Demonstrata
1180 1097 1495 1150 Scripturarum
1519 1098 1560 1138 in
1583 1109 1738 1149 genere
1762 1098 1941 1150 inspira-

205 1175 330 1223 tione,
348 1174 438 1226 J'am
461 1172 757 1225 inquirendum
783 1175 845 1212 est
868 1172 910 1211 in
932 1170 1239 1218 criterium,
1275 1169 1314 1209 vi
1338 1169 1458 1220 cujUs
1480 1168 1585 1209 liber
1608 1168 1850 1221 inspiratus,
1873 1169 1943 1220 qui

206 1245 258 1285 ad
281 1256 448 1286 sacrani
463 1243 673 1296 pertineat
688 1240 962 1294 Scripturam,
986 1244 1075 1281 tuto
1099 1240 1233 1292 possit
1255 1240 1420 1280 secerni
1443 1251 1467 1279 a
1490 1238 1595 1279 libro
1620 1252 1706 1280 non
1726 1239 1942 1291 inspirato.

204 1315 420 1368 Ejusmodi
443 1314 656 1355 criterium
681 1313 865 1354 maxime
889 1324 982 1353 esse
1004 1311 1295 1352 necessarium
1318 1322 1393 1362 per
1415 1321 1460 1350 se
1483 1315 1612 1361 patet,
1641 1321 1776 1362 eoque
1799 1310 1944 1361 magis,

206 1386 316 1439 quod
336 1386 425 1438 Jam
456 1385 602 1438 primis
624 1384 839 1424 Ecclesiae
871 1383 1036 1433 seculis,
1069 1386 1176 1423 teste
1209 1382 1436 1423 Irenaeo
1461 1381 1487 1429 I,
1520 1385 1575 1425 20
1608 1394 1645 1421 n.
1676 1387 1707 1429 l,
1742 1381 1944 1421 haeretici

217 1456 566 1507 „inenarrabilem
604 1454 923 1501 multitudinem,
968 1453 1309 1506 apocrypharum
1329 1453 1360 1508 1)
1395 1457 1436 1493 et
1467 1463 1743 1504 perperarum
1778 1452 1942 1507 (νόθων)

207 1527 522 1579 scripturarum,
555 1539 660 1579 quas
692 1526 769 1578 ipsi
801 1525 1045 1573 finxerunt,“
1086 1524 1295 1565 afferrent.
1350 1521 1454 1564 Cum
1487 1527 1629 1564 autem
1660 1523 1702 1563 in
1737 1523 1945 1575 ejusmodi

209 1598 422 1639 criterium
438 1597 699 1650 inquirimus,
724 1609 810 1637 non
833 1596 1021 1649 quolibet
1035 1595 1223 1636 contenti
1238 1608 1395 1643 sumus,
1419 1594 1492 1635 sed
1514 1593 1597 1634 tale
1621 1593 1837 1645 exigimus,
1861 1605 1944 1645 quo

206 1672 310 1717 tuto,
339 1669 592 1717 authentice,
626 1668 754 1708 modo
779 1666 976 1708 omnibus
999 1665 1338 1713 accommodato,
1370 1665 1422 1705 de
1453 1665 1729 1717 inspiratione
1752 1665 1942 1705 omnium

210 1738 450 1792 Scripturae
472 1739 678 1780 librorum
702 1739 969 1791 partiumque
1002 1738 1106 1778 certi
1132 1737 1370 1777 reddamur.
1415 1735 1595 1776 Evidens
1627 1747 1728 1776 vero
1763 1739 1837 1783 est,
1868 1735 1946 1774 hos

212 1810 340 1851 libros
372 1823 397 1851 a
428 1811 604 1862 priori
639 1814 679 1850 et
711 1821 760 1849 ex
793 1809 854 1849 rei
886 1813 1039 1849 natura
1061 1820 1148 1848 non
1171 1807 1371 1859 dignosci,
1396 1819 1492 1847 cum
1518 1806 1663 1846 omnia
1687 1809 1948 1857 argumenta,

212 1893 320 1933 quae
354 1881 408 1921 ad
439 1881 522 1922 hoc
554 1880 819 1921 suadendum
852 1879 991 1920 afferri
1023 1879 1171 1927 solent,
1205 1879 1259 1919 ad
1292 1890 1504 1918 summum
1528 1876 1852 1928 possibilitatem
1883 1875 1949 1916 vel

214 1951 552 1992 convenientiam
577 1950 866 2002 inspirationis
898 1950 939 1989 in
972 1961 1125 2002 genere
1158 1953 1377 1997 evmcant;
1412 1949 1584 2001 quinam
1619 1951 1762 1988 autem
1793 1947 1875 1987 sint
1907 1947 1949 1986 in

216 2026 414 2063 concreto
440 2021 649 2074 ejusmodi
670 2021 765 2062 libri
788 2025 829 2061 et
852 2020 1022 2073 quidem
1046 2032 1194 2061 omnes
1218 2024 1259 2060 et
1281 2019 1371 2069 soli,
1405 2031 1623 2072 nunquam
1647 2018 1950 2059 demonstrent.

331 2104 691 2148 Demonstratio
739 2117 783 2157 p.
818 2103 886 2146 II.
930 2106 1200 2142 Protestantes
1235 2104 1461 2154 magisterio
1498 2104 1691 2142 Ecclesiae
1723 2102 1950 2140 authentico

213 2177 254 2202 ac
276 2166 488 2203 traditione
511 2166 644 2203 divina
665 2165 821 2214 rejectis
838 2165 921 2214 jam
945 2164 1072 2202 medio
1088 2166 1300 2201 caruerunt
1315 2164 1574 2213 cognoscendi
1589 2163 1712 2200 libros
1728 2161 1950 2210 inspiratos,

213 2224 305 2262 hinc
327 2225 597 2274 desperatione
620 2224 746 2261 adacti
768 2224 816 2261 ad
839 2224 996 2261 criteria
1017 2225 1282 2272 provocarunt
1303 2223 1535 2259 interna:
1573 2235 1741 2270 quorum
1772 2220 1951 2258 nonnulli

215 2283 261 2320 ad
289 2290 337 2324 16
371 2284 606 2334 conglobant
638 2281 699 2336 (ex
732 2283 877 2332 quibus
909 2286 1042 2319 tamen
1074 2282 1207 2330 aliqua
1238 2283 1332 2319 sunt
1363 2279 1550 2333 externa).
1594 2280 1808 2329 Praecipua
1838 2281 1951 2316 sunt:

215 2342 535 2388 historicum,
559 2343 663 2392 quod
686 2342 935 2380 constituunt
957 2342 1000 2378 in
1021 2341 1221 2378 miraculis
1245 2343 1284 2378 et
1297 2340 1525 2389 prophetiis,
1550 2353 1649 2389 quae
1665 2339 1793 2376 literis
1808 2338 1953 2375 divinis

217 2401 488 2446 continentum
513 2401 872 2451 dogmaticum,
898 2400 1001 2449 quod
1025 2400 1206 2437 consistit
1227 2400 1268 2436 in
1292 2400 1511 2445 sanctitate,
1537 2399 1784 2436 sublimitate
1807 2399 1846 2435 et
1860 2409 1951 2434 con-

215 2460 390 2498 sensione
412 2461 630 2506 doctrinae;
667 2460 981 2510 empiricum,
1018 2459 1121 2507 quod
1151 2458 1346 2507 repetitur
1377 2470 1422 2495 ex
1457 2458 1569 2496 miris
1604 2457 1822 2501 effectibus,
1859 2467 1955 2504 quos

216 2519 391 2568 legentes
412 2532 456 2557 ex
479 2520 519 2557 vi
540 2522 580 2557 et
602 2520 770 2557 efficacia
792 2518 901 2556 verbi
924 2519 994 2555 Dei
1018 2517 1298 2566 experiuntur3
1321 2517 1466 2566 quibus
1489 2517 1580 2554 addi
1602 2518 1732 2566 potest
1754 2517 1863 2552 aest
1878 2515 1953 2551 he-

217 2578 374 2615 ticum
395 2579 437 2616 in
459 2579 702 2616 sublimitate
725 2580 764 2615 et
787 2578 1038 2626 simplicitate
1062 2577 1242 2614 dictionis
1265 2576 1400 2614 situm.
1443 2576 1565 2613 Nemo
1589 2589 1681 2613 vero
1704 2577 1761 2612 est
1783 2574 1852 2622 qui
1875 2585 1952 2610 non

217 2637 415 2687 intelligat
431 2637 475 2687 2),
499 2637 694 2686 ejusmodi
717 2637 875 2674 criteria
898 2649 978 2674 esse
1001 2636 1304 2672 indeterminata
1326 2638 1365 2672 et
1386 2648 1494 2685 vaga,
1531 2635 1747 2684 subjectiva
1778 2637 1817 2670 et
1851 2632 1953 2668 arbi-

218 2696 348 2741 traria,
372 2696 529 2742 incerta,
553 2709 624 2734 nec
645 2696 841 2734 exclusiva
865 2693 926 2748 (cf.
949 2708 987 2732 n.
1018 2691 1095 2747 18).

366 2798 391 2841 ¹)
408 2798 615 2842 Supersunt
629 2798 749 2832 adhuc
773 2796 967 2842 evangelia
990 2796 1204 2841 apocrypha
1219 2796 1263 2829 de
1276 2796 1472 2840 juventute
1486 2795 1544 2829 vel
1561 2794 1729 2839 passione
1746 2792 1878 2826 Christi
1898 2790 1954 2823 de-

221 2860 294 2884 cem
310 2862 317 2889 ;
338 2852 420 2884 acta
440 2850 665 2885 diversorum
684 2852 945 2896 apost-olorum,
975 2860 1131 2893 quorum
1148 2849 1284 2882 notitia
1302 2848 1359 2882 vel
1377 2849 1597 2892 fragmenta,
1627 2845 1683 2880 vel
1702 2847 1812 2879 etiam
1832 2844 1955 2877 textus

221 2905 426 2947 supersunt,
444 2904 542 2938 circa
560 2905 760 2943 sexdecim;
788 2905 910 2949 plures
939 2902 1117 2947 epistolae
1146 2902 1182 2936 et
1199 2902 1439 2946 apocalypses
1459 2902 1505 2945 (5)
1525 2901 1768 2944 apocryphae.
1804 2897 1856 2932 Cf.
1875 2896 1909 2929 M
1923 2906 1956 2928 o-

220 2967 336 2997 verS,
356 2957 781 3002 Apocryphenliteratur
799 2957 841 2992 K.
860 2957 898 2991 L.
919 2956 944 2996 Ι,
965 2958 1034 2990 334
1051 2967 1095 2992 ss

366 3013 390 3051 Σ’)
410 3008 462 3046 Of.
482 3010 579 3044 Wis
592 3021 610 3044 e
623 3023 657 3044 m
669 3021 725 3045 an
743 3010 810 3044 Die
830 3009 1091 3044 voi-nehinsten
1102 3009 1242 3043 Lehren
1260 3009 1334 3042 und
1357 3007 1570 3042 Gebraucho
1592 3006 1653 3039 der
1666 3004 1795 3037 Kirche
1817 3004 1900 3036 sect.
1918 3004 1936 3034 2
1951 3016 1956 3035 :

223 3062 245 3096 S
258 3073 275 3095 c
288 3063 310 3096 h
323 3074 358 3095 m
371 3061 417 3095 id
437 3072 494 3106 op.
515 3063 574 3096 cit.
593 3074 679 3107 pag.
702 3066 766 3098 118
786 3075 832 3097 ss.
