2175 3382
227 112 305 149 130
608 100 728 133 'ri-act.
750 99 791 132 ll.
811 100 863 132 Dc
882 97 1093 132 traditione.
1113 97 1240 131 'rhesis
1259 96 1388 130 xxm.
1410 96 1569 130 Medium

341 224 380 265 3.
405 220 510 261 Hinc
530 220 619 272 jam
636 219 667 259 T
680 230 702 260 e
715 223 761 259 rt
774 231 800 258 u
813 218 847 258 ll
860 218 871 258 i
885 230 909 258 a
922 230 947 257 n
960 230 986 258 u
999 230 1018 257 s
1041 216 1258 269 praeclare
1281 214 1464 255 ostendit
1487 217 1539 254 de
1562 226 1744 266 praescr.
1761 227 1794 258 e.
1814 219 1865 259 15
1880 229 1958 264 ss.;

222 304 358 346 neque
390 303 516 344 posse
549 301 684 343 neque
717 288 873 330 debere
907 278 1007 329 solis
1031 286 1257 340 Scripturis
1290 285 1489 337 componi
1512 286 1835 334 controversias,
1867 291 1956 327 tum

222 365 320 417 quia
342 377 382 406 a.
408 360 616 414 ejusmodi
639 360 946 412 disputationes
970 358 1166 410 prohibet
1187 356 1417 409 Apostolus
1439 355 1514 396 Tit.
1535 359 1573 399 3
1596 359 1634 399 9.
1654 359 1726 404 10;
1749 360 1836 397 tum
1860 357 1958 409 quia

223 437 266 479 b.
282 438 430 475 carent
453 432 610 479 sructuz
633 435 722 472 tum
746 430 844 483 quia
860 442 899 473 c.
915 428 1180 469 auditoribus
1203 431 1301 468 sunt
1323 429 1492 467 damno.
1522 425 1652 476 „Quid
1676 427 1959 478 promovebis,

222 506 356 558 inquit
378 517 410 545 c.
440 507 504 553 17,
527 501 876 544 exercitatissime
899 498 1225 551 Scripturarum,
1261 511 1357 539 cum
1380 498 1414 537 si
1439 496 1538 549 quid
1560 496 1808 546 defenderis,
1832 509 1959 550 nege-

223 582 311 623 tur;
335 588 385 617 ex
409 575 590 622 diverso,
613 573 648 613 si
671 571 769 625 quid
792 571 1012 623 negaveris
1036 568 1315 610 defendatur?
1347 567 1396 608 Et
1418 572 1461 608 tu
1485 567 1652 620 quidem
1675 567 1776 608 nihil
1799 568 1960 620 perdes,

222 647 302 687 nisi
325 657 474 687 vocem
508 645 549 685 in
583 643 876 684 contentione:
908 640 1008 681 nihil
1041 640 1327 692 consequeris,
1363 639 1443 679 nisi
1466 638 1593 679 bilem
1617 638 1668 679 de
1691 638 1959 691 blasphema-

223 718 374 759 tione.“
414 716 597 768 Ideoque
621 727 654 755 c.
683 717 733 757 19
756 712 899 753 infert:
942 711 1071 763 „Ergo
1095 723 1181 751 non
1205 710 1258 751 ad
1281 709 1522 762 Scripturas
1544 709 1863 762 provocandum
1886 714 1962 758 est,

223 800 302 829 nec
326 789 368 829 in
391 787 454 828 his
478 784 820 827 constituendum
845 789 1075 830 certamen,
1108 782 1150 822 in
1174 781 1325 834 quibus
1349 785 1421 821 aut
1443 780 1568 829 nulla,
1597 785 1671 821 aut
1692 780 1854 820 incerta
1875 780 1962 820 vic-

223 859 333 901 toria
356 862 430 906 est,
454 861 527 897 aut
548 869 626 909 par
647 856 878 896 incertae:“
909 853 984 895 sed
1006 852 1143 903 „Ordo
1167 865 1308 894 rerum
1332 851 1602 893 desiderabat
1615 851 1713 891 illud
1731 851 1845 903 prius
1865 862 1962 903 pro-

223 930 336 983 poni,
359 927 472 982 quod
495 940 608 968 nunc
630 926 767 968 solum
790 925 1092 978 disputandum
1116 928 1199 965 est:
1227 923 1379 976 quibus
1402 926 1617 974 competat
1640 921 1740 963 fides
1763 922 1866 974 ipsa,
1893 933 1963 962 cu·

222 1001 291 1053 jus
314 1000 397 1040 sint
411 997 666 1051 Scripturae,
690 1009 716 1038 a
738 1009 821 1049 quo
846 1001 887 1037 et
908 1008 983 1048 per
1006 1007 1112 1048 quos
1136 998 1177 1035 et
1199 993 1369 1047 quando
1393 997 1434 1034 et
1455 992 1606 1045 quibus
1629 993 1682 1033 sit
1703 993 1858 1033 tradita
1879 992 1964 1033 dis-

226 1071 394 1123 ciplina,
418 1081 502 1123 qua
524 1068 627 1110 fiunt
651 1068 901 1108 christiani?
924 1066 1002 1108 Ubi
1025 1066 1137 1107 enim
1161 1065 1404 1118 apparuerit
1426 1075 1520 1105 esse
1542 1065 1762 1105 veritatem
1785 1068 1827 1104 et
1840 1063 1964 1104 disci-

225 1143 365 1196 plinae
388 1145 430 1182 et
451 1139 548 1181 fidei
570 1140 839 1187 christianae,
862 1138 944 1178 illic
973 1137 1052 1179 erit
1073 1137 1230 1178 veritas
1253 1135 1566 1188 Scripturarum
1589 1139 1631 1175 et
1652 1134 1964 1187 expositionum

228 1219 270 1255 et
292 1213 480 1254 omnium
517 1210 792 1252 traditionum
825 1210 1186 1250 christianarum.“
1236 1207 1395 1248 Acutas
1418 1205 1663 1247 Tertulliani
1694 1204 1962 1245 animadver-

227 1286 368 1326 siones
400 1281 662 1335 experientia
694 1285 757 1321 tot
787 1280 1029 1321 seculorum
1059 1277 1392 1319 luculentissime
1424 1276 1658 1317 confirmat.
1700 1275 1823 1317 Nulla
1853 1275 1966 1316 enim

226 1356 313 1397 fere
344 1354 503 1395 utilitas
533 1352 728 1405 provenit
760 1364 811 1392 ex
842 1355 905 1391 tot
927 1363 1024 1391 cum
1045 1349 1270 1390 haereticis
1294 1348 1515 1401 colloquiis
1538 1352 1577 1389 et
1601 1345 1966 1400 disputationibus,

228 1426 367 1478 Quare
390 1429 535 1478 patres
558 1436 733 1464 causam
757 1423 898 1473 aliam,
923 1433 1032 1474 quae
1055 1420 1150 1461 fidei
1173 1419 1327 1461 efficiat
1348 1420 1566 1468 unitatem,
1589 1419 1818 1471 assignant,
1840 1422 1886 1458 ut
1907 1417 1967 1457 in-

227 1498 292 1539 fra
314 1496 599 1538 ostendemus.

354 1583 446 1624 118,
470 1579 669 1631 Quintum
702 1581 999 1631 araqumentum.
1023 1601 1079 1606 ——
1103 1573 1215 1615 Sane
1248 1573 1570 1615 considerentur
1592 1572 1792 1613 attentius
1815 1571 1967 1623 origo

229 1651 320 1692 ind
334 1650 470 1699 oles,
493 1649 627 1690 form
641 1660 665 1689 a
688 1652 765 1691 etc.
781 1660 811 1688 s.
828 1645 1083 1699 Scripturae,
1106 1650 1147 1686 et
1169 1644 1440 1685 manifestum
1463 1644 1552 1692 erit,
1574 1643 1644 1683 illa
1660 1654 1747 1683 non
1761 1641 1969 1683 contineri

229 1721 415 1763 medium
438 1720 726 1774 praecipuum,
761 1717 917 1758 nedum
949 1716 1122 1757 unicum
1154 1729 1178 1756 a
1202 1714 1369 1756 Christo
1392 1715 1629 1755 institutum
1653 1713 1707 1753 ad
1728 1724 1968 1765 propagan-

231 1793 329 1834 dam
353 1790 754 1842 diffundendamque
777 1788 1081 1829 revelationem
1105 1787 1302 1828 divinam.
1346 1785 1455 1825 Nam

352 1865 392 1906 1.
416 1862 511 1903 libri
533 1873 683 1903 sacrae
706 1859 950 1912 Scripturae
973 1858 1203 1910 conscripti
1224 1861 1332 1906 sunt,
1355 1869 1452 1897 cum
1475 1855 1618 1896 fideles
1636 1855 1726 1908 J'am
1750 1867 1801 1895 ex
1818 1853 1971 1895 Christi

230 1935 449 1976 voluntate
483 1937 525 1974 et
554 1932 817 1973 institutione
846 1930 1081 1983 penderent
1103 1929 1157 1969 ab
1181 1940 1254 1969 ore
1278 1927 1571 1981 apostolorum
1594 1926 1858 1977 aliorumque
1882 1923 1971 1976 ejus

231 2006 404 2047 nomine
427 2004 683 2045 docentium.
710 2001 851 2053 Quare
875 2000 1057 2053 apostoli
1078 1999 1194 2040 libris
1216 2003 1367 2052 postea
1389 1998 1555 2050 scriptis
1577 2002 1692 2038 certe
1714 2008 1801 2037 non
1824 1995 1970 2037 volue-

232 2080 330 2117 runt
352 2075 544 2116 ordinem
567 2074 766 2114 divinitus
799 2073 1035 2113 institutum
1067 2075 1194 2123 atque
1218 2082 1243 2111 a
1266 2082 1311 2110 se
1338 2069 1499 2110 tamdiu
1522 2073 1669 2109 sancte
1692 2072 1908 2108 servatum
1931 2070 1973 2106 et

234 2147 522 2199 organismum
553 2144 669 2186 velut
700 2143 914 2185 Ecclesiae
946 2142 1205 2191 subvertere,
1237 2152 1375 2194 neque
1407 2140 1520 2181 enim
1551 2139 1591 2179 id
1616 2137 1788 2191 probari
1810 2141 1971 2190 potest:

234 2218 309 2259 sed
331 2217 576 2270 adjumenta
602 2220 763 2256 tantum
787 2213 995 2268 quaedam
1021 2212 1304 2265 suppeditare.
1347 2209 1501 2263 Scripti
1522 2214 1619 2251 sunt

353 2289 396 2330 2.
421 2287 521 2327 data
552 2287 779 2327 occasione
814 2285 868 2325 ad
901 2284 1102 2325 ecclesias
1137 2282 1414 2335 particulares
1436 2281 1502 2322 vel
1525 2281 1579 2321 ad
1601 2291 1807 2333 personas
1829 2279 1972 2331 singu-

234 2359 346 2400 lares
369 2370 420 2399 ex
443 2369 575 2398 causa
597 2356 863 2409 particulari:
886 2356 985 2396 hinc
1007 2355 1227 2395 continent
1241 2353 1531 2400 salutationes,
1555 2352 1785 2404 respiciunt
1799 2349 1911 2391 facta
1933 2354 1975 2390 et

236 2428 508 2482 quaestiones
539 2427 648 2468 illius
680 2427 904 2479 temporis;
937 2437 1074 2479 neque
1098 2437 1148 2466 eo
1173 2424 1350 2465 consilio
1374 2428 1471 2464 sunt
1493 2423 1667 2470 exarati,
1698 2427 1744 2462 ut
1764 2422 1973 2473 integrum

237 2499 485 2541 exhiberent
507 2498 726 2539 doctrinae
749 2501 956 2550 systema3
980 2495 1127 2536 nullibi
1149 2495 1263 2536 enirn
1286 2493 1510 2534 consilium
1532 2493 1614 2533 hoc
1636 2491 1893 2544 exprimitur.

355 2571 398 2613 3.
424 2569 510 2610 Imo
535 2569 589 2610 ab
612 2570 705 2621 ipsa
728 2567 866 2609 forma
889 2572 930 2608 et
951 2567 1092 2608 indole
1115 2565 1358 2618 Scripturae
1380 2565 1463 2605 hoc
1485 2563 1706 2605 consilium
1729 2561 1973 2610 excluditur,

237 2645 329 2681 tum
351 2643 448 2693 quia
472 2639 690 2693 Scriptura
713 2644 775 2681 est
799 2639 994 2688 obscura,
1025 2637 1227 2691 quidquid
1244 2637 1409 2689 J'actant
1430 2639 1733 2688 protestantes:
1765 2637 1852 2673 tum
1876 2632 1975 2685 quia

237 2711 384 2753 nullibi
406 2712 507 2752 data
529 2723 660 2764 opera
695 2723 747 2752 ea
767 2716 1055 2759 recensentur,
1079 2721 1189 2762 quae
1211 2709 1294 2749 sint
1314 2706 1557 2748 necessario
1578 2703 1801 2752 credenda,
1826 2714 1975 2755 quem-

242 2782 472 2823 admodum
495 2783 538 2822 in
560 2782 763 2835 symbolis
785 2781 965 2833 fideique
989 2779 1327 2821 confessionibus
1342 2778 1407 2819 vel
1422 2776 1691 2818 catechismis
1705 2775 1794 2815 fieri
1808 2774 1915 2815 solet
1932 2775 1975 2829 1),

240 2908 332 2941 haec
342 2906 592 2941 confirmanda
603 2905 762 2949 reperies
774 2915 816 2938 ex
830 2903 1126 2948 protestantismi
1138 2901 1293 2935 historia
1307 2901 1405 2945 apud
1424 2900 1451 2933 P
1463 2911 1481 2934 e
1493 2912 1509 2933 r
1519 2910 1537 2932 r
1548 2910 1568 2933 0
1584 2911 1606 2931 n
1619 2909 1637 2932 e
1655 2896 1770 2941 prael.
1785 2896 1898 2931 theol.
1913 2897 1939 2930 t.
1955 2899 1977 2931 3

242 2962 287 2997 de
307 2974 333 2995 s.
352 2961 487 3005 Script.
507 2972 535 2994 c.
555 2963 576 2994 3
595 2971 628 2993 a.
655 2965 662 2993 1
686 2971 790 3003 prop.
810 2961 850 2997 3;
872 2957 1110 2991 Heinrich
1129 2958 1155 2990 t.
1176 2955 1208 2989 ΙΙ
1224 2960 1239 2990 ,ξ
1258 2959 1322 2991 85;
1342 2953 1629 2997 Scheebeng
1652 2955 1702 2988 18.

390 3015 412 3057 ¹)
431 3012 550 3054 Quare
570 3013 829 3057 protestantes,
848 3013 1048 3056 praeeunte
1066 3009 1238 3049 Luthero,
1259 3009 1451 3042 ediderunt
1471 3005 1723 3044 catechismos
1745 3004 1827 3038 siin
1842 3002 1976 3037 divinis

241 3068 359 3102 literis
378 3067 466 3101 adeo
486 3066 582 3100 clare
601 3066 725 3100 omnia
748 3065 794 3098 ad
819 3064 977 3098 salutem
1004 3063 1209 3097 necessaria
1237 3062 1482 3100 continentur,
1509 3060 1551 3093 ut,
1568 3057 1725 3102 quilibet
1743 3057 1850 3091 fidem
1867 3054 1976 3090 facile
