2175 3382
237 82 318 123 1332
770 76 888 109 'Prae-t.
913 74 952 109 II.
970 74 1022 108 De
1041 86 1067 109 s.
1087 74 1285 119 Scriptura.
1307 74 1434 108 Falsae

233 195 510 236 sollicitudine
533 193 816 246 componendi
839 193 1062 246 antilogias
1085 193 1150 234 vel
1176 193 1384 242 minimas,
1416 204 1525 245 quae
1548 193 1656 234 inter
1679 198 1875 234 auctores
1901 194 1964 234 in-

232 267 414 318 spiratos
437 264 614 306 subinde
638 276 731 305 esse
754 264 958 313 videntur,
982 269 1070 305 tum
1093 276 1144 304 ex
1167 263 1334 304 disertis
1357 263 1505 306 effatis.

350 353 385 390 It
432 352 657 400 Hierony
672 364 777 389 mus
801 364 860 400 ep.
889 358 937 391 27
964 351 1201 399 respondens
1235 350 1318 388 suis
1341 349 1629 387 detractoribus
1652 352 1813 398 propter
1835 363 1964 388 emen-

231 426 242 448 1
258 426 278 449 3
301 425 310 447 1
449 411 753 461 Evangeliorum
775 411 821 447 ad
845 413 1022 447 veterum
1045 409 1219 447 codicum
1244 422 1429 452 normam,
1454 408 1611 446 scribit:
1651 409 1766 452 „Non
1788 409 1882 446 adeo
1905 421 1965 446 me

232 470 380 508 hebetis
403 471 524 508 fuisse
547 470 673 507 cordis
697 472 736 506 et
758 472 835 506 tam
853 448 1004 506 effice
1018 468 1300 513 rustiticitatis,
1325 470 1370 505 ut
1384 467 1535 516 aliquid
1551 480 1598 505 ne
1614 467 1820 505 dominicis
1835 467 1965 505 verbis

231 532 299 567 aut
322 529 575 579 corigendum
610 529 831 578 putaverim
865 531 932 564 aut
966 540 1045 564 non
1080 527 1275 565 divinitus
1310 527 1593 576 inspi1·atum;«
1638 527 1966 577 Augustinus

231 602 260 627 c.
284 589 473 626 Faustum
496 588 560 633 XI,
587 595 621 633 5,
647 600 723 636 quo
747 586 1020 635 complectitur
1040 587 1202 635 potiora,
1227 598 1325 635 quae
1348 586 1425 623 dici
1447 588 1616 635 possunt
1631 585 1678 623 ad
1693 585 1966 623 vindicandam

232 661 260 685 S.
284 648 522 696 Scripturam
547 647 594 684 ab
617 646 817 684 erroribus
841 646 916 694 ipsi
938 645 1104 682 subinde
1127 645 1300 689 tributis,
1326 645 1414 690 „lbi
1437 643 1495 697 (in
1512 644 1716 694 Scriptura
1739 642 1798 697 s.),
1823 644 1965 693 inquit,

231 708 264 745 si
286 707 384 755 quid
406 707 517 743 velut
540 705 754 743 absurdum
768 705 944 750 moverit,
967 717 1044 742 non
1059 705 1152 742 licet
1166 704 1312 742 dicere:
1337 706 1485 741 Auctor
1505 704 1623 752 hujus
1637 703 1730 741 libri
1745 715 1823 741 non
1836 698 1969 741 tenuit

230 767 448 812 veritatem,
473 765 552 810 sed,
576 767 643 802 aut
667 764 783 801 codex
806 763 1013 801 mendosus
1035 766 1105 809 est,
1129 766 1197 801 aut
1219 763 1413 812 interpres
1436 762 1594 808 erravit,
1619 765 1687 800 aut
1718 749 1966 800 tuwnss‘rl‘in-

229 825 420 875 telligisss
464 825 514 861 Et
535 836 593 873 ep.
619 829 683 863 82.
715 823 762 860 ad
786 823 1071 872 Hieronymum
1103 823 1274 860 scribens
1296 835 1333 859 11.
1359 828 1403 863 3:
1439 822 1548 871 »Ego
1579 822 1683 859 enim
1715 822 1838 859 fateor
1869 821 1967 859 cari-

230 885 303 922 tati
325 888 427 929 tuae,
460 883 552 920 solis
575 882 632 919 eis
657 882 949 931 Scripturarum
980 881 1106 926 libris,
1140 882 1208 930 qui
1239 882 1317 930 jam
1349 880 1525 918 canonici
1554 881 1814 930 appellantur,
1849 880 1967 918 didici

230 944 333 981 hunc
354 944 535 980 timorem
559 942 823 989 honoremque
846 941 1008 986 deferre,
1033 943 1079 978 ut
1102 941 1259 978 nullum
1280 952 1413 978 eorum
1437 941 1643 977 auctorum
1665 940 1869 978 scribendo
1894 940 1966 977 ali—

231 1003 325 1052 quid
348 1014 498 1039 eri-asse
519 1001 738 1038 firmissime
770 1000 934 1040 credam.
977 1001 1032 1037 Ac
1064 1000 1097 1037 si
1129 999 1278 1048 aliquid
1311 998 1353 1036 in
1384 998 1439 1036 eis
1471 998 1668 1036 offendero
1701 999 1827 1036 literis
1861 998 1967 1047 quod

229 1062 411 1099 videatur
433 1060 672 1098 contrarium
695 1059 867 1105 veritati,
892 1059 994 1096 nihil
1015 1059 1124 1096 aliud
1146 1072 1264 1107 quam
1278 1058 1340 1095 vel
1356 1058 1583 1095 mendosum
1598 1069 1681 1095 esse
1696 1057 1878 1105 codicem,
1903 1058 1966 1095 vel

230 1121 484 1169 interpretem
516 1132 594 1157 non
616 1121 836 1156 assecutum
859 1131 950 1164 esse,
985 1118 1088 1167 quod
1111 1118 1260 1156 dictum
1283 1120 1343 1155 est
1364 1117 1427 1154 vel
1450 1130 1511 1154 me
1534 1116 1693 1154 minime
1726 1117 1967 1154 intellexisse

231 1193 308 1218 non
331 1179 527 1229 ambigam
551 1211 558 1218 .
582 1210 588 1216 .
614 1212 620 1218 .
644 1179 698 1216 De
720 1190 889 1226 quorum
923 1175 1220 1230 (prophetarum
1250 1177 1313 1215 vel
1344 1176 1628 1225 apostolorum)
1661 1176 1830 1225 scriptis,
1863 1175 1968 1224 quod

230 1239 334 1277 omni
367 1251 494 1276 errore
527 1240 694 1283 careant,
730 1236 915 1275 dubitare
949 1237 1142 1274 nefarium
1176 1238 1274 1274 est}
1318 1236 1363 1272 In
1397 1235 1564 1272 eundem
1597 1246 1756 1272 sensum
1790 1235 1968 1284 loquitur

231 1298 477 1336 Justinus
499 1298 541 1334 in
563 1297 651 1334 dial.
676 1308 764 1334 cum
786 1296 994 1346 Tryphone
1016 1309 1053 1333 n.
1079 1302 1153 1335 65:
1180 1295 1247 1339 ,Si
1269 1296 1318 1332 ob
1341 1307 1424 1332 eam
1448 1306 1616 1339 causam,
1645 1294 1749 1343 quod
1771 1296 1810 1331 16
1832 1294 1966 1332 existi-

230 1357 398 1395 maveris
420 1357 731 1406 disputationem
762 1356 803 1392 in
834 1368 898 1393 eas
929 1355 1130 1405 angustias
1163 1354 1354 1404 conjicere
1385 1366 1508 1403 posse,
1540 1355 1587 1390 ut
1609 1352 1830 1402 Scripturas
1862 1353 1968 1390 inter

231 1429 271 1454 se
294 1417 460 1454 dicerem
482 1427 671 1466 pugnare,
695 1415 844 1452 errasti.
878 1415 922 1452 Id
945 1415 1050 1452 enim
1064 1427 1266 1463 nunquam
1281 1413 1430 1451 audebo
1444 1425 1515 1450 nec
1528 1412 1712 1462 cogitare,
1735 1425 1805 1450 1166
1820 1412 1965 1457 1116616;

231 1476 298 1513 5611
321 1476 355 1512 51
377 1488 454 1524 qua
474 1476 717 1524 proponatur
740 1474 951 1523 Scriptura,
975 1485 1074 1522 quae
1096 1473 1288 1522 ejusmodi
1312 1484 1391 1509 esse
1413 1472 1607 1516 videatur,
1645 1473 1685 1508 et
1704 1473 1964 1521 praetextum,

230 1535 341 1584 quasi
362 1536 464 1572 esset
487 1533 602 1571 alteri
626 1533 831 1579 contraria,
854 1533 1051 1582 praebeat,
1074 1544 1164 1570 cum
1186 1544 1419 1581 persuasum
1441 1531 1602 1568 habeam
1624 1531 1775 1568 nullam
1790 1530 1966 1580 Scriptu-

229 1607 311 1632 ram
334 1594 447 1631 alteri
469 1593 702 1631 contrariam
723 1605 816 1637 esse,
849 1592 1000 1630 fatebor
1020 1591 1153 1641 potius
1185 1604 1246 1629 me
1274 1603 1353 1629 non
1383 1590 1606 1640 intelligere
1636 1602 1736 1638 quae
1767 1590 1965 1638 dicuntur,

230 1656 269 1690 et
290 1653 348 1699 iis,
385 1652 455 1702 qui
478 1652 701 1701 Scripturas
723 1652 828 1689 inter
850 1664 889 1689 se
910 1663 1086 1701 pugnare
1110 1651 1375 1699 suspicantur,
1408 1652 1455 1687 ut
1485 1649 1589 1686 idem
1619 1649 1750 1698 potius
1783 1649 1966 1694 sentiant,

228 1712 460 1761 persuadere
482 1712 688 1756 conabor,«

348 1768 390 1813 3.
417 1770 556 1808 Eadem
579 1770 674 1807 fides
697 1770 898 1819 colligitur
920 1769 1108 1806 indirecte
1131 1781 1175 1805 ex
1198 1768 1339 1818 agendi
1361 1767 1511 1805 ratione
1533 1767 1860 1813 adversariorum,
1899 1767 1968 1816 qui

230 1832 373 1879 putant
395 1830 570 1868 sufficere
596 1830 643 1866 ad
665 1829 883 1879 negandam
907 1828 1072 1877 alicujus
1094 1828 1187 1865 libri
1210 1828 1308 1865 sacri
1323 1826 1632 1876 inspirationem,
1657 1826 1871 1870 ostendere,
1895 1826 1967 1864 ali-

230 1890 324 1938 quid
347 1889 445 1934 falsi,
470 1889 545 1926 etsi
568 1889 610 1925 in
633 1901 673 1926 re
695 1888 859 1925 minoris
881 1887 1080 1933 momenti,
1104 1887 1146 1924 in
1168 1887 1302 1924 eodem
1325 1886 1500 1936 reperiri.

347 1946 390 1989 4.
414 1947 739 1985 Adversariorum
763 1946 894 1996 opinio
916 1947 1214 1995 inspirationem
1227 1946 1358 1983 reddit
1373 1945 1574 1982 incertam.
1612 1945 1820 1989 ,Admisso
1835 1945 1966 1990 semel,

229 2007 362 2056 inquit
384 2007 712 2057 Augustinus
748 2006 796 2043 ad
819 2006 987 2043 eundem
1017 2019 1075 2055 ep.
1103 2011 1152 2045 29
1178 2018 1215 2045 n.
1242 2012 1277 2051 3,
1309 2005 1351 2042 111
1382 2006 1540 2042 tantum
1572 2003 1822 2042 auctoritatis
1853 2003 1967 2042 fasti-

229 2067 339 2117 gium
361 2066 528 2104 officioso
551 2066 681 2114 aliquo
704 2065 903 2102 mendacio
934 2065 1038 2102 idem
1069 2064 1233 2109 dicatur,
1268 2061 1319 2117 (si
1342 2063 1620 2101 admitteretur
1651 2063 1795 2111 aliquis
1828 2060 1966 2115 error),

229 2126 339 2163 nulla
360 2126 519 2163 illorum
539 2125 732 2162 librorum
753 2124 948 2174 particula
967 2123 1196 2169 remanebit,
1220 2136 1318 2172 quae
1340 2135 1419 2160 non
1441 2124 1488 2159 ut
1510 2122 1651 2170 cuique
1674 2122 1875 2160 videbitur
1903 2121 1966 2159 vel

229 2185 276 2222 ad
297 2197 424 2222 mores
447 2184 617 2222 difficilis
639 2184 700 2221 vel
732 2183 779 2221 ad
802 2183 917 2221 fidem
947 2182 1189 2220 incredibilis
1222 2182 1356 2219 eadem
1385 2181 1717 2230 perniciosissima
1749 2181 1886 2230 regula
1918 2180 1966 2218 ad

230 2245 457 2281 mentientis
479 2243 650 2281 auctoris
674 2243 880 2280 consilium
903 2242 1153 2291 officiumque
1175 2241 1383 2279 referatur.
1396 2246 1413 2264 «

348 2325 390 2367 5.
414 2323 519 2364 Hinc
540 2323 642 2364 Leo
666 2322 766 2364 XIII.
798 2323 853 2363 lit.
887 2323 952 2364 cit.
974 2322 1189 2363 Ecclesiae
1222 2321 1347 2362 fidem
1378 2321 1437 2361 ita
1468 2320 1713 2362 solemniter
1745 2319 1967 2361 enunciat:

213 2382 582 2454 &Nefasqomn-ino
606 2394 741 2451 suerit,
772 2398 845 2435 aut
870 2393 1191 2449 inspirationem
1216 2392 1270 2433 ad
1293 2392 1457 2445 aliquas
1480 2395 1644 2432 tantum
1667 2404 1698 2432 s.
1722 2389 1966 2442 Scripturae

229 2471 372 2518 partes
395 2454 696 2517 coangustati&
711 2469 783 2506 aut
805 2464 1040 2506 concedere
1063 2476 1234 2505 sacrum
1256 2464 1395 2516 ipsum
1426 2474 1591 2504 errasse
1616 2466 1846 2504 auctorem.
1878 2459 1966 2502 Nec

230 2537 342 2578 enim
364 2536 586 2578 toleranda
608 2541 673 2576 est
694 2548 842 2577 eorum
865 2536 985 2585 ratio,
1015 2535 1086 2588 qui
1108 2547 1159 2576 ex
1183 2534 1273 2575 istis
1295 2532 1610 2574 difficultatibus
1634 2532 1803 2588 (contra
1825 2530 1967 2584 Scrip-

230 2612 350 2649 turae
366 2608 585 2648 veritatem
602 2606 795 2662 objectis)
813 2618 906 2647 sese
930 2585 1172 2658 gxpfflffi
1192 2605 1233 2646 id
1255 2605 1454 2645 nimirum
1477 2604 1579 2644 dare
1601 2615 1689 2644 non
1710 2601 1966 2651 dubitantes,

230 2679 552 2731 inspirationem
574 2677 762 2718 divinam
794 2677 848 2718 ad
879 2689 947 2718 res
969 2676 1065 2718 fidei
1087 2687 1352 2729 morumque,
1374 2675 1477 2716 nihil
1498 2679 1733 2727 praeterea,
1755 2672 1967 2725 pertinere

230 2783 237 2790 .
261 2783 268 2789 .
293 2781 300 2789 .
323 2748 488 2789 Etenim
510 2748 604 2788 libri
628 2760 777 2789 omnes
801 2752 928 2801 atque
949 2748 1110 2800 integri,
1143 2759 1250 2800 quos
1272 2745 1461 2787 Ecclesia
1493 2750 1715 2797 tamquam
1748 2755 1896 2785 sacros
1927 2747 1969 2784 et

229 2820 460 2861 canonicos
492 2819 651 2871 recipit,
685 2831 782 2859 cum
814 2819 1011 2860 omnibus
1043 2818 1130 2859 suis
1161 2817 1364 2870 partibus,
1397 2815 1555 2869 Spiritu
1577 2828 1608 2856 5.
1631 2815 1831 2864 dictante,
1864 2826 1966 2855 con-

229 2891 372 2943 scripti
403 2894 523 2939 sunt,·
554 2893 720 2930 tantum
743 2901 843 2930 vero
867 2889 1000 2939 abest,
1031 2893 1077 2930 ut
1109 2888 1276 2929 divinae
1299 2886 1568 2939 inspirationi
1591 2896 1710 2926 error
1731 2885 1841 2927 ullus
1864 2883 1966 2925 sub-

230 2972 322 3002 esse
346 2961 490 3014 possit,
526 2964 573 3001 ut
605 2972 655 3000 ea
686 2972 761 3012 per
793 2971 838 3001 se
869 2960 962 3012 ipsa
983 2971 1071 3041 non
1094 2959 1221 3000 modo
1245 2969 1435 3000 errorem
1458 2956 1655 2999 excludat
1677 2967 1861 3005 omnem,
1893 2954 1967 2996 sed

229 3037 316 3072 tam
341 3032 585 3072 necessario
609 3031 805 3072 excludat
828 3035 869 3072 et
890 3035 1076 3083 respuat,
1109 3043 1238 3084 quarn
1261 3028 1548 3071 necessarium
1573 3031 1649 3077 est,
1679 3026 1826 3077 Deum,
1851 3038 1967 3067 sum-
