2175 3382
555 159 794 194 articulorum
813 158 1146 194 fundamentalium
1168 160 1204 192 et
1221 169 1295 192 non
1312 159 1660 195 fundamentalium.
1887 165 1972 207 313

356 282 452 324 296.
478 280 857 323 Demonstratio.
883 278 1128 327 Discrimen,
1151 278 1264 330 quod
1279 279 1565 330 exposuimus,
1588 291 1682 320 esse
1698 279 1973 332 rejiciendum

357 351 399 394 1.
424 351 630 392 evincitur
653 349 850 391 omnibus
881 349 943 397 iis,
977 348 1129 401 quibus
1160 348 1436 401 probavimus
1459 349 1611 390 thesim
1634 351 1974 402 praecedentem.

353 424 395 465 2.
419 420 595 462 Accedit
616 424 913 473 argumentum
936 419 991 460 ad
1013 419 1242 462 hominem.
1285 418 1527 460 Secundum
1550 425 1836 471 protestantes
1869 422 1973 463 nihil

234 493 278 532 in
299 492 512 545 religionis
534 491 705 544 negotio
729 490 954 531 admittere
977 489 1087 539 licet,
1110 490 1224 543 quod
1246 502 1334 530 non
1356 489 1561 542 probetur
1583 502 1633 531 ex
1658 491 1808 532 divinis
1830 492 1973 536 literis,

234 563 361 616 Atqui
383 563 577 616 quamvis
599 562 785 602 maxime
808 561 948 610 velint,
978 572 1032 601 ne
1064 573 1196 601 unum
1228 560 1399 613 quidem
1431 560 1619 613 proferre
1647 567 1825 614 possunt
1856 563 1972 604 testi-

236 634 425 674 monium
442 633 530 674 sive
544 633 748 673 disertum
763 632 852 673 sive
867 632 1154 685 aequivalens,
1177 644 1261 684 quo
1284 632 1391 673 haec
1414 632 1590 680 theoria,
1613 632 1846 673 secundum
1861 635 1975 685 ipsos

235 704 389 744 summi
411 704 620 744 momenti
643 708 685 744 et
706 715 805 744 vere
829 703 1032 755 capitalis,
1055 702 1271 755 probetur.

352 778 463 815 Certe
495 777 542 814 ad
573 790 656 814 rem
689 789 768 814 non
800 779 895 814 sunt
926 777 1045 814 verba
1066 777 1178 814 Pauli
1208 785 1239 817 1.
1263 777 1344 815 Cor.
1369 784 1405 822 3,
1436 785 1505 817 ll:
1538 777 1845 814 Fundamentum
1879 779 1977 815 enim

234 838 344 874 aliud
367 848 474 873 nemo
489 841 612 884 potest
632 849 771 884 ponere
787 841 945 885 praeter
966 837 1017 884 id,
1046 837 1144 885 quod
1160 838 1331 885 positum
1354 841 1420 883 est,
1455 837 1555 885 quod
1577 842 1626 873 est
1651 837 1828 874 Christus
1851 837 1976 874 Jesus.

236 896 345 933 Licet
366 895 429 932 hic
450 898 627 932 occurrat
662 895 991 933 fundamenti
1014 895 1260 939 vocabulum,
1292 908 1370 932 non
1402 898 1534 933 tamen
1557 908 1600 932 eo
1624 895 1867 944 significatur
1887 909 1976 944 pro-

236 954 470 992 testantium
492 954 655 991 theoria.
698 954 781 991 Etsi
803 955 908 992 enim
929 954 965 991 J.
989 954 1165 992 Christus
1202 954 1343 991 salutis
1377 958 1436 992 est
1465 954 1781 1000 fundamentum,
1815 957 1853 991 et
1886 955 1978 992 haec

236 1013 383 1051 veritas
406 1014 519 1050 Jesus
541 1018 593 1050 est
618 1014 795 1051 Christus
817 1013 962 1050 veritas
985 1013 1292 1051 fundamentalis
1330 1014 1511 1050 fidelibus
1533 1014 1699 1050 maxime
1729 1014 1976 1051 inculcanda:

237 1072 327 1110 inde
348 1074 480 1109 tamen
503 1085 583 1109 non
606 1073 798 1121 sequitur,
831 1072 927 1109 alias
950 1073 1136 1109 veritates
1158 1075 1315 1121 praeter
1346 1072 1445 1110 hanc
1475 1073 1591 1110 licere
1622 1073 1783 1121 impune
1813 1085 1977 1122 negare:

235 1132 314 1168 imo
335 1131 467 1180 potius
487 1131 796 1180 protestantium
819 1131 949 1180 opinio
971 1132 1040 1169 hoc
1073 1131 1299 1169 testimonio
1322 1131 1525 1169 evertitur.
1569 1131 1608 1168 Si
1631 1131 1736 1168 enim
1766 1131 1807 1168 in
1838 1132 1978 1180 primis

233 1190 470 1228 credendum
494 1193 554 1227 est
575 1190 612 1227 J.
635 1203 719 1228 esse
743 1190 939 1228 Christum
978 1202 1048 1227 seu
1070 1191 1139 1227 Dei
1171 1191 1358 1237 legatum,
1392 1191 1572 1238 sequitur
1603 1191 1720 1227 etiam
1751 1191 1881 1228 omnia
1911 1191 1979 1227 illa

237 1262 317 1287 esse
339 1249 539 1295 credenda,
564 1262 664 1298 quae
687 1250 844 1287 nomine
867 1249 937 1286 Dei
960 1249 1093 1287 docuit
1114 1252 1153 1286 et
1175 1250 1361 1294 tradidit;
1385 1250 1416 1287 si
1439 1250 1543 1287 enim
1566 1250 1701 1298 aliqua
1721 1252 1879 1287 tantum
1895 1261 1976 1286 cre-

236 1309 438 1357 derentur⁷
462 1309 630 1357 practice
652 1310 865 1358 negaretur
886 1321 976 1345 eum
999 1321 1083 1346 esse
1106 1309 1464 1346 authenticum
1487 1309 1556 1346 Dei
1578 1309 1765 1358 legatum.
1800 1308 1979 1346 Christus

234 1370 368 1405 autem
385 1368 508 1415 jussit
528 1368 788 1417 Evangelium
811 1380 887 1416 qua
908 1368 986 1404 late
1008 1370 1118 1416 patet
1139 1368 1367 1417 praedicari,
1402 1381 1550 1416 nosque
1573 1368 1728 1405 credere
1760 1368 1890 1405 omnia
1923 1381 1977 1413 ea,

238 1439 493 1475 quaecunque
517 1426 652 1463 docere
674 1427 865 1475 praecipit
888 1424 1043 1479 (Matth.
1071 1433 1135 1472 28,
1166 1434 1229 1467 19.
1256 1425 1339 1479 20).
1382 1427 1475 1464 Fide
1499 1439 1590 1476 ergo
1614 1426 1746 1464 omnia
1768 1427 1979 1464 credantur

237 1497 391 1523 necesse
413 1488 484 1522 est.
528 1485 665 1534 Neque
682 1486 798 1534 juvat
821 1486 1075 1531 adversarios,
1112 1486 1218 1534 quod
1240 1487 1386 1524 Paulus
1410 1498 1496 1523 mox
1523 1499 1656 1523 eorum
1688 1486 1781 1523 facit
1812 1486 1978 1523 mentio-

238 1557 338 1589 nem,
363 1545 430 1593 qui
453 1544 778 1593 superaedificant
801 1544 920 1594 ligna,
945 1545 1113 1589 foenum,
1137 1545 1337 1594 stipulam,
1361 1558 1527 1593 quorum
1543 1557 1640 1594 opus
1656 1545 1760 1594 ignis
1776 1544 1977 1593 probabit:

237 1607 279 1641 et·
299 1603 392 1640 licet
415 1603 580 1652 alicujus
604 1616 702 1653 opus
725 1604 876 1649 arserit,
903 1606 981 1652 ipse
1002 1607 1136 1641 tamen
1158 1605 1286 1641 salvus
1307 1605 1394 1645 erit,
1419 1606 1472 1641 sic
1494 1610 1617 1641 tamen
1641 1606 1753 1654 quasi
1768 1617 1842 1652 per
1858 1605 1978 1654 iynem

240 1661 291 1715 (v.
322 1663 398 1712 15).
441 1663 652 1711 Nunquam
677 1663 781 1700 enim
804 1663 1029 1712 probabunt
1051 1664 1142 1700 haec
1177 1676 1263 1701 esse
1285 1663 1543 1712 intelligenda
1575 1664 1622 1700 de
1654 1663 1842 1700 doctrinis
1873 1675 1978 1700 erro-

239 1722 333 1765 neis
358 1734 457 1770 quae
479 1722 748 1766 adversantur,
785 1722 965 1769 quamvis
988 1735 1066 1759 non
1098 1723 1140 1759 in
1171 1722 1543 1767 fundamentalibus,
1576 1723 1636 1767 iis.
1670 1735 1769 1771 quae
1800 1722 1978 1759 Christus

237 1781 356 1818 Jesus
380 1780 524 1826 docuit,
558 1784 603 1818 ut
624 1781 776 1830 patebit
798 1794 841 1818 ex
864 1794 952 1818 mox
985 1781 1168 1818 dicendis.
1212 1781 1337 1825 Quare
1368 1782 1485 1831 longe
1518 1782 1594 1818 alia
1626 1783 1684 1818 est.
1714 1781 1817 1830 apud
1849 1783 1979 1830 patres

238 1840 356 1888 hujus
378 1839 452 1877 loci
476 1840 708 1877 subobscuri
730 1840 1016 1888 interpretatio.

359 1908 399 1950 3.
434 1906 522 1948 Imo
558 1907 759 1948 refellitur
791 1907 1135 1948 adversariorum
1178 1908 1320 1960 opinio
1354 1906 1597 1960 Scripturae
1632 1908 1845 1956 doctrina,
1879 1920 1980 1949 nam

238 1984 416 2018 eatenus
438 1981 605 2018 tantum
628 1978 710 2018 hoc
733 1978 961 2019 discrimen
984 1978 1150 2019 admitti
1172 1983 1323 2031 potest,
1355 1983 1563 2031 quatenus
1587 1983 1757 2031 praeter
1778 1979 1979 2020 articulos

239 2049 484 2089 necessario
508 2048 743 2089 credendos
767 2049 837 2089 alii
859 2054 1165 2101 supponantur,
1188 2050 1271 2102 qui,
1307 2050 1387 2090 etsi
1409 2049 1596 2101 revelati,
1621 2050 1865 2090 necessario
1889 2062 1980 2091 cre-

241 2119 366 2160 dendi
387 2131 475 2160 non
497 2120 590 2163 sint.
634 2119 762 2172 Atqui
785 2118 951 2160 Christo
976 2124 1152 2161 auctore
1184 2124 1273 2160 tam
1304 2121 1389 2161 late
1421 2125 1568 2173 patere
1601 2120 1728 2162 debet
1753 2120 1856 2162 fides
1879 2120 1979 2161 fide-

240 2190 339 2231 lium
374 2189 573 2239 salvifica,
605 2203 733 2243 quam
765 2191 849 2232 late
881 2195 998 2243 patet
1018 2190 1292 2244 Evangelium
1325 2203 1401 2232 seu
1432 2191 1648 2235 rex-elatio,
1691 2191 1848 2232 Paulus
1880 2203 1979 2232 vero

241 2259 331 2302 Gal.
358 2264 393 2311 1,
417 2265 441 2306 S
465 2274 496 2305 s,
520 2263 576 2316 (n.
596 2264 676 2306 147
696 2262 729 2318 2)
752 2261 985 2302 anathema
1007 2262 1107 2302 dicit
1129 2263 1178 2310 ei,
1202 2263 1272 2315 qui
1295 2262 1554 2313 evangelizet
1576 2266 1745 2314 praeter
1768 2267 1809 2302 et
1831 2266 1981 2303 contra

244 2332 297 2381 id,
320 2332 433 2385 quod
455 2332 638 2385 apostoli
662 2332 921 2384 praedicant.
965 2332 1092 2386 Atqui
1121 2334 1163 2374 in
1186 2333 1411 2386 hypothesi
1435 2333 1778 2373 adversariorum
1800 2333 1982 2374 salutem

242 2403 528 2456 consequitur,
558 2414 696 2455 neque
719 2403 951 2444 anathema
973 2404 1161 2453 incurrit,
1193 2404 1262 2455 qui
1284 2405 1486 2445 veritates
1509 2403 1826 2456 praedicatione
1849 2415 1980 2444 evan-

241 2473 375 2526 gelica
397 2473 730 2526 comprehensas
753 2478 880 2526 negat
911 2478 949 2514 et
984 2475 1245 2527 evangelizat
1267 2474 1506 2516 doctrinam
1530 2475 1769 2527 oppositam
1792 2474 1980 2515 veritati-

243 2544 321 2585 bus
356 2543 409 2585 ab
445 2544 649 2597 apostolis
683 2544 971 2597 promulgatis,
1013 2545 1244 2586 dummodo
1281 2558 1357 2587 eae
1392 2558 1478 2587 non
1511 2547 1593 2586 sint
1628 2545 1979 2586 fundamentales.

246 2614 351 2666 Ergo
374 2615 701 2667 protestantium
723 2615 889 2656 theoria
912 2615 1163 2656 adversatur
1185 2614 1423 2668 Scripturis.

360 2685 403 2729 4.
436 2684 656 2726 Refellitur
688 2686 878 2726 unanimi
905 2685 1123 2726 christiani
1145 2686 1330 2727 nominis
1355 2687 1606 2737 traditione;
1638 2698 1738 2726 nam
1770 2700 1813 2730 a.
1847 2697 1979 2739 usque

243 2756 300 2796 ad
321 2768 404 2799 sec.
418 2755 522 2796 XVI.
537 2756 644 2797 haec
659 2756 853 2797 doctrina
877 2760 940 2797 est
961 2756 1087 2808 plane
1108 2756 1310 2805 inaudita.¹
1335 2762 1376 2798 et
1397 2762 1541 2798 tamen
1564 2769 1615 2798 ex
1639 2757 1980 2798 adversariorum

248 2826 472 2879 hypothesi
503 2838 554 2867 ea
586 2838 685 2867 vere
717 2831 782 2868 est
812 2827 967 2868 summi
999 2828 1214 2870 momenti.
1257 2827 1448 2869 Inaudita
1472 2840 1640 2881 quoque
1672 2827 1748 2868 fuit
1778 2827 1843 2868 vel
1869 2825 1980 2878 apud

246 2896 496 2946 haereticos,
529 2896 681 2949 quibus
714 2909 767 2938 ea
797 2896 943 2937 fuisset
974 2897 1158 2937 maxime
1191 2903 1430 2950 opportuna
1463 2902 1504 2939 et
1536 2898 1774 2938 commoda.
1817 2897 1905 2937 Imo
1934 2898 1978 2940 b.

246 2979 464 3019 nunquam
486 2979 573 3008 non
595 2979 747 3019 reapse
778 2967 938 3019 reJecta
969 2966 1056 3008 fuit.
1099 2966 1310 3009 Haeretici
1332 2970 1445 3009 enim
1466 2968 1738 3009 habebantur
1769 2972 1809 3008 et
1840 2967 1877 3014 ii,
1910 2967 1981 3018 qui

246 3037 447 3081 veritates
469 3038 703 3078 secundum
729 3042 1015 3090 protestantes
1046 3049 1134 3078 non
1165 3038 1504 3080 fundamentales
1526 3038 1740 3089 negabant
1772 3049 1806 3078 e.
1840 3050 1875 3088 g.
1908 3049 1979 3077 ex-

246 3107 482 3148 sistentiam
504 3109 749 3159 purgatorii,
773 3113 1022 3160 perpetuam
1053 3107 1212 3150 Mariae
1234 3110 1529 3161 virginitatem,
1562 3108 1750 3149 valorem
1782 3106 1981 3158 baptismi
