2175 3382
175 141 258 181 3374
584 135 703 167 Travt.
727 134 783 167 llI.
804 133 847 167 ‹le
867 134 1039 178 primatu.
1060 132 1187 167 'rhesis
1210 133 1364 167 Lxxiv.
1387 132 1513 166 Petrus

174 259 220 297 τὰ
243 258 420 310 πρόβατά
444 271 529 309 μα),
575 252 689 292 Dicit
724 254 760 293 ei
791 254 909 293 tertio
922 267 933 291 :
970 253 1114 293 Simon
1135 250 1332 304 Joannis,
1355 264 1475 291 amas
1499 254 1592 290 me?
1638 252 1915 292 contristatus

173 329 227 364 est
251 324 412 376 Petrus,
447 325 544 379 quia
568 323 674 363 dixit
699 324 735 363 ei
759 324 888 374 tertio,
927 337 1046 363 amas
1069 323 1165 361 me?
1195 325 1230 361 et
1262 321 1367 361 dixit
1399 322 1459 361 ei:
1496 321 1685 373 Domine„
1708 326 1752 361 tu
1774 323 1913 362 omnia

175 396 302 436 nosti:
327 399 369 434 tn
392 396 486 447 scis,
509 395 607 449 quia
631 407 724 434 amo
747 400 791 434 le.
835 393 956 434 [mit
986 394 1044 433 ei:
1078 392 1208 432 Pasce
1229 406 1319 432 ores
1342 405 1466 444 meas,
1499 395 1619 446 βάσκε
1651 397 1699 434 τὰ
1732 395 1914 447 πρόβατά.

172 465 240 521 (al.
265 469 460 522 προβάτιά
488 465 694 519 oviculas)
719 483 794 522 μου
818 466 903 518 (21.
932 467 982 507 15
1005 465 1087 512 ss).
1134 462 1184 503 Ut
1210 462 1587 504 demonstrationis
1611 463 1673 503 vis
1695 468 1912 515 appareat.

171 537 277 577 haec
301 548 351 577 ex
375 536 525 577 ordine
548 536 793 576 statuimus:

292 608 331 650 l.
356 607 486 648 verba
520 608 626 648 haec
660 607 713 648 ad
746 620 876 648 unum
901 605 1120 647 Simonem
1151 618 1280 646 sensu
1303 605 1452 646 literali
1483 610 1524 646 et
1547 605 1792 646 immediato
1816 617 1911 657 per-

171 679 315 727 tinere,
338 683 383 719 ut
405 690 480 730 per
501 690 547 720 se
570 683 696 730 patet.
720 678 910 718 Christus
933 677 1047 717 enim
1063 675 1234 717 Petrum
1260 676 1501 729 alloquitur,
1525 688 1622 717 eum
1643 676 1814 728 proprio
1833 687 1912 716 no-

170 749 295 797 mine,
318 761 402 802 quo
426 760 580 801 nempe
603 761 627 789 a
650 748 820 800 singulis
844 747 1191 799 distinguebatur,
1215 746 1526 799 compellando,
1549 747 1772 800 ipsamque
1795 746 1911 799 ejus-

170 819 267 861 dem
302 831 531 872 personam
566 818 709 859 addito
744 818 926 859 carnalis
957 818 1090 870 patris
1122 818 1293 858 nomine
1315 817 1608 870 significando,
1642 829 1693 858 ac
1728 817 1911 870 denique

171 902 369 943 expresse
392 889 575 930 eundem
599 902 624 930 a
647 890 797 930 ceteris
821 888 1020 929 omnibus
1043 887 1283 940 separando
1308 888 1468 942 (ditiqesss
1490 901 1551 928 me
1570 889 1667 942 plus
1689 887 1781 943 leis).

287 963 330 1004 2.
356 961 478 1001 Hisce
500 959 639 1001 verbis
672 973 757 1000 non
785 960 992 1000 contineri
1016 971 1179 1000 meram
1202 959 1545 1000 exhortationem
1577 964 1619 1000 et
1651 958 1908 999 admonitio-

169 1044 278 1081 nem,
301 1032 375 1073 sed
398 1043 543 1072 veram
566 1031 786 1071 ministerii
807 1031 1116 1083 potestatisque
1140 1030 1423 1071 collationem.
1460 1027 1573 1071 Sane
1595 1041 1773 1082 pascere
1795 1029 1908 1070 idem

170 1109 233 1144 est
255 1109 381 1155 atque
405 1102 587 1144 officium
611 1101 826 1154 pastorale
849 1112 1072 1148 exercere3
1104 1113 1257 1142 munus
1281 1106 1424 1141 autem
1447 1100 1663 1152 pastorale
1686 1101 1768 1141 tria
1791 1112 1908 1142 com-

170 1174 385 1227 plectitur:
408 1187 448 1217 a.
475 1173 681 1225 praebere
695 1172 896 1225 pabulum
923 1177 964 1213 et
987 1172 1041 1213 ad
1063 1184 1224 1224 pascua
1238 1171 1416 1220 ducere;
1441 1172 1486 1215 b.
1511 1183 1614 1212 oves
1636 1171 1678 1211 in
1700 1171 1908 1212 unitatem

169 1246 360 1297 redigere
383 1249 511 1297 atque
533 1245 576 1284 in
597 1244 758 1285 unitate
774 1255 1051 1291 conservare3
1074 1243 1186 1284 unde
1208 1243 1309 1284 illud
1322 1242 1389 1283 ΕΖ.
1406 1247 1473 1291 34,
1488 1246 1538 1287 5:
1562 1243 1791 1297 Dispersae
1812 1246 1909 1282 sunt

169 1331 257 1357 ores
280 1331 404 1369 meae,
427 1329 469 1356 eo
493 1315 601 1370 quod
624 1328 705 1356 non
725 1320 1010 1368 esset23623t01·,·
1031 1314 1156 1355 Zach.
1176 1318 1240 1362 13,
1258 1318 1280 1358 7
1298 1332 1306 1364 ς
1331 1320 1372 1355 et
1386 1314 1486 1355 illud
1501 1313 1657 1355 Christi
1670 1313 1732 1355 Jo.
1750 1316 1817 1362 10,
1836 1316 1908 1357 16:

170 1388 222 1429 Et
249 1390 318 1440 fiet
352 1400 478 1428 unum
502 1387 603 1427 orz'le
630 1391 666 1426 et
691 1400 798 1426 emus
816 1391 993 1440 pamm-,-
1024 1399 1064 1430 c.
1097 1398 1198 1427 oves
1221 1387 1329 1428 tueri
1361 1386 1415 1427 ab
1448 1384 1764 1427 incursantibus
1786 1383 1907 1436 lupis,

168 1459 280 1513 quod
303 1471 457 1499 munus
483 1458 647 1511 egregie
669 1457 870 1498 describit
892 1457 1082 1498 Christus
1104 1457 1157 1497 ib.
1181 1470 1216 1498 v.
1242 1461 1267 1502 9
1290 1471 1344 1500 ss,
1386 1456 1509 1508 Quod
1541 1458 1575 1498 si
1603 1468 1744 1497 sermo
1769 1459 1834 1496 est
1855 1455 1907 1496 de

169 1530 318 1571 ovibus
332 1528 623 1577 rationalibus,
646 1528 941 1581 complectitur
955 1533 1211 1580 potestatem
1232 1540 1359 1569 verae
1377 1527 1704 1580 jurisdictionis:
1727 1527 1908 1579 ideoque

168 1614 218 1643 ex
233 1614 313 1642 usu
326 1600 526 1654 loquendi
539 1599 719 1653 profano
735 1604 776 1641 et
789 1599 945 1640 biblico
961 1611 1138 1652 pascere
1152 1599 1266 1640 idem
1281 1605 1345 1640 est
1359 1612 1410 1640 ac
1425 1613 1451 1652 p
1464 1612 1484 1640 r
1496 1612 1521 1640 a
1533 1611 1555 1640 e
1568 1611 1590 1640 e
1602 1612 1622 1640 s
1635 1612 1654 1640 s
1666 1610 1709 1647 e,
1725 1598 1907 1639 authen-

170 1673 250 1714 tice
273 1672 492 1713 docere.
516 1682 727 1723 regere,
750 1670 1071 1723 gubernare.
1094 1670 1287 1719 napae,
1312 1675 1358 1715 9:
1382 1671 1508 1724 11³2qu
1530 1684 1595 1712 eos
1617 1674 1658 1711 in
1681 1671 1802 1723 vii-qa
1823 1668 1907 1721 fer·

169 1759 254 1794 rea,
282 1753 482 1800 ποιμανεῖς
504 1743 668 1792 αὒτοὸςς
701 1741 845 1783 Matth.
874 1747 908 1791 1,
932 1746 978 1786 6:
1012 1741 1079 1782 Ex
1101 1746 1137 1782 te
1159 1743 1265 1782 enim
1289 1743 1393 1782 exiet
1415 1743 1517 1786 dux,
1540 1743 1611 1796 qui
1632 1744 1749 1795 reqat
1765 1753 1905 1794 popu-

167 1814 251 1855 lum
276 1828 406 1856 meum
429 1813 577 1867 Israel,
609 1815 656 1857 ἐκ
679 1822 748 1856 5οὒ
771 1817 847 1869 γὰρ
870 1813 1117 1862 sigismerem
1138 1815 1367 1872 ἠγοὺμενος,
1392 1813 1498 1861 ὅστις
1520 1821 1700 1869 ποιμανεῖ
1721 1817 1784 1855 τόν
1808 1815 1906 1854 λαόν

169 1903 244 1942 μου
266 1890 330 1930 τὸν
353 1886 542 1944 Ἰσραήλς
567 1884 615 1930 Cf.
639 1885 686 1926 IS.
710 1888 778 1934 44,
802 1889 879 1933 28:
904 1889 940 1929 2.
955 1884 1056 1937 Reg.
1071 1888 1110 1932 5,
1134 1888 1180 1931 Ξῖ
1208 1888 1243 1933 7,
1270 1888 1314 1931 7;
1337 1883 1402 1924 ΕΖ.
1419 1888 1487 1934 34,
1511 1888 1567 1929 ‘23
1591 1898 1621 1925 S.
1646 1887 1714 1933 37,
1737 1886 1795 1928 24
1815 1888 1905 1924 etc..

166 1961 207 1997 et
228 1955 431 2005 Christus,
459 1957 529 2009 qui
551 1956 741 2008 profecto
765 1968 932 1997 summa
957 1956 1086 2008 pollet
1107 1960 1318 2008 potestate
1341 1967 1509 1997 necnon
1532 1967 1733 2008 suprema
1755 1960 1905 1996 aucto-

165 2028 288 2068 ritate
320 2027 512 2077 docendi,
544 2039 672 2080 saepe
704 2027 954 2080 pastoris
986 2027 1158 2068 nomine
1185 2027 1360 2080 ejusque
1383 2028 1616 2068 auctoritas
1638 2026 1905 2079 pascendi

165 2103 374 2150 potestate
410 2099 663 2150 designatur.
719 2097 860 2149 Quare
904 2098 1036 2139 verbo
1071 2111 1200 2152 pasce
1235 2098 1373 2139 omnis
1407 2097 1668 2150 significatur
1702 2101 1906 2149 potestaS,

165 2181 294 2221 quam
316 2169 508 2211 Christus
532 2169 708 2210 contulit
739 2170 782 2210 in
814 2169 998 2210 fidelium
1023 2168 1259 2217 utilitatem,
1284 2168 1476 2218 docendi,
1499 2168 1805 2218 sanctificandi,
1836 2180 1905 2209 re-

165 2241 287 2291 gendi
309 2246 384 2284 etc
418 2240 524 2282 Cum
548 2253 646 2293 ergo
671 2246 790 2281 tanta
812 2238 938 2281 fuerit
952 2240 1107 2281 Christi
1128 2240 1310 2287 bonitas,
1337 2244 1383 2280 ut
1405 2252 1514 2293 quae
1537 2244 1681 2281 essent
1701 2238 1782 2280 sibi
1803 2252 1904 2292 pro-

164 2312 265 2363 pria,
289 2311 479 2353 abiturus
502 2312 544 2352 in
567 2311 734 2352 coelum
758 2311 844 2352 suis
867 2311 1206 2352 communicaret
1220 2309 1447 2362 discipulis,
1470 2323 1496 2362 p
1510 2310 1736 2351 ascendi
1760 2315 1904 2351 autem

163 2381 293 2423 verbo
326 2395 425 2424 vera
459 2383 702 2435 designetur
733 2383 966 2423 auctoritas
998 2385 1127 2434 atque
1148 2384 1360 2434 potestas:
1395 2380 1661 2422 inferendum
1696 2386 1772 2430 est,
1804 2392 1903 2422 eum

163 2452 332 2494 Petrum
356 2459 451 2505 post
475 2466 520 2495 se
543 2454 758 2496 Ecclesiae
781 2459 997 2507 pastorem
1022 2454 1292 2495 constituisse
1325 2458 1366 2494 et
1394 2454 1553 2494 amoris
1587 2454 1652 2494 sui
1686 2453 1814 2495 veluti
1835 2466 1901 2494 re-

161 2524 331 2577 liquisse
353 2525 574 2574 vicarium,
596 2531 642 2566 ut
663 2525 848 2579 loquitur
869 2525 905 2566 A
917 2538 958 2566 m
971 2525 998 2566 b
1011 2539 1032 2566 r
1044 2538 1068 2566 o
1081 2525 1195 2566 sius
1217 2525 1261 2565 in
1275 2524 1372 2567 Luc.
1387 2524 1410 2568 l.
1428 2528 1482 2568 10
1499 2536 1533 2565 C.
1549 2528 1617 2573 24,
1640 2525 1800 2565 amoris
1815 2524 1902 2565 scil.

162 2594 281 2643 illius,
305 2607 388 2647 quo
411 2600 452 2635 et
475 2609 587 2637 nunc
610 2598 755 2638 ovium
777 2597 981 2649 prospicit
1002 2597 1139 2640 saluti.
1174 2595 1306 2647 „Quid
1329 2608 1428 2648 ergo
1453 2596 1745 2647 incongruum,
1768 2596 1904 2648 inquit

161 2664 503 2716 Augustinus
526 2678 558 2709 c,
582 2666 787 2708 Faustum
808 2667 933 2717 XXlI,
958 2671 993 2715 7,
1029 2668 1063 2708 si
1084 2667 1234 2708 Petrus
1267 2671 1363 2720 post
1394 2667 1475 2707 hoc
1506 2670 1730 2719 peccatum
1753 2667 1901 2722 (nega-

161 2736 304 2790 tionis)
327 2734 463 2777 factus
486 2742 550 2777 est
571 2750 596 2789 p
610 2749 635 2777 a
648 2742 729 2778 sto
742 2750 762 2778 1²
783 2737 1010 2787 Ecclesiae,
1032 2739 1141 2779 sicut
1162 2737 1331 2791 Moyses
1351 2741 1450 2790 post
1470 2749 1720 2789 percussum
1743 2749 1899 2790 aegyp-

161 2809 266 2847 tium
287 2806 423 2847 factus
446 2813 508 2848 est
541 2813 727 2848 rector
758 2808 866 2850 illius
897 2821 1141 2862 synagogae
1161 2810 1245 2863 1)‘?“
1294 2807 1344 2849 Et
1375 2808 1616 2860 expressius
1645 2807 1900 2849 Asterius

305 2938 332 2975 1)
352 2935 441 2969 Cum
460 2936 498 2969 M
508 2946 527 2969 0
537 2948 561 2980 y
573 2948 588 2970 s
600 2947 617 2970 e
636 2936 775 2970 confert
788 2937 935 2972 Petrum
955 2939 1068 2973 etiam
1086 2939 1124 2972 M
1136 2950 1156 2973 a
1168 2950 1186 2973 c
1196 2950 1217 2973 a
1229 2951 1246 2973 r
1256 2939 1269 2972 i
1280 2951 1304 2972 u
1315 2951 1331 2972 s
1349 2949 1427 2983 aeg.
1447 2941 1476 2980 153·
1491 2949 1522 2972 a.
1539 2940 1608 2973 390
1628 2938 1685 2972 vel
1700 2937 1782 2982 391)
1801 2937 1897 2970 hom.

161 2990 279 3034 spirit.
300 2992 345 3025 23
362 3000 391 3023 c.
413 2991 457 3023 26
470 3005 476 3023 :
499 2990 672 3033 ,Moysen
690 2991 838 3023 secutus
857 2994 910 3025 est
927 2991 1066 3034 Petrus,
1081 2993 1140 3026 cui
1154 3003 1249 3027 nova
1263 2992 1401 3026 Christi
1415 2991 1578 3026 Ecclesia
1593 2992 1630 3025 et
1643 3001 1769 3024 verum
1785 3000 1899 3023 sacer-

161 3040 304 3076 dotium
324 3042 558 3076 commissum
580 3044 665 3075 est.‘
688 3041 783 3076 Hinc
801 3042 914 3076 etiam
940 3043 979 3077 in
1005 3044 1274 3088 antiquissimis
1292 3045 1515 3078 christianae
1539 3043 1628 3077 artis
1647 3044 1898 3077 monumentis

159 3094 287 3128 Petrus
306 3094 345 3127 in
362 3104 518 3139 persona
534 3094 670 3138 Moysis
688 3098 997 3139 repraesentatur.
