2175 3382
256 163 311 200 44
415 156 532 187 'li-act.
559 156 579 187 Ι.
600 153 794 198 Apologia.
813 152 919 197 relig.
939 152 1201 186 christ.Thesis
1215 152 1273 186 IX.
1294 152 1410 185 Vatic.
1430 162 1535 186 mess,
1554 154 1640 186 sunt
1656 151 1827 196 genuina.

259 274 510 321 concedunt,
533 273 606 314 sed
631 272 836 313 adversus
858 272 1098 313 incredulos
1120 271 1386 324 probandum
1410 275 1483 312 est.
1527 271 1608 312 Pro
1630 283 1715 324 qua
1738 271 1990 324 probatione

257 345 407 386 suflicit
430 355 667 397 provocare
682 343 736 384 ad
751 344 1040 384 testiinonium
1056 354 1309 396 synagogae,
1331 342 1443 395 quod
1459 342 1540 382 hac
1554 342 1596 382 in
1610 343 1860 395 quaestione
1875 343 1990 384 omni

256 417 506 469 exceptione
539 420 603 456 est
633 415 782 467 majus.
819 415 908 455 sive
939 418 1155 466 spectatur
1185 427 1227 457 a.
1260 413 1453 466 qualitas,
1487 425 1701 462 numerus,
1733 413 1990 466 conspiratio

258 487 426 527 testium
447 488 497 542 ¹);
520 487 608 527 sive
631 487 677 529 b.
700 487 922 526 notissima
945 484 1176 526 eorundem
1200 485 1408 526 tenacitas
1430 488 1471 525 et
1492 484 1636 537 religio
1659 484 1702 524 in
1723 484 1857 525 sacris
1878 482 1995 525 libris

256 556 582 603 c·‘›nse1·vandis;
617 557 704 596 sive
729 570 769 599 (⁴.
795 555 909 608 quod
932 555 1220 596 testimonium
1244 553 1382 596 ferunt
1404 559 1554 595 contra
1576 555 1751 607 seipsos,
1774 566 1871 596 cum
1892 553 1992 596 illud

259 628 411 668 mirum
442 628 485 668 in
516 627 691 668 modum
724 631 975 678 promoveat
1007 637 1182 666 causam
1215 625 1490 666 christianam
1522 626 1622 678 ipsis
1645 636 1833 674 exosam,
1864 625 1993 667 detri-

259 703 448 739 mentum
471 710 572 742 vero
597 698 749 739 inferat
770 698 979 750 propriae.
1944 686 1947 689 Δ
1973 694 1978 697 ’

379 791 443 824 38.
487 788 568 828 Qua
601 784 801 821 occasione
834 796 912 821 non
943 785 1113 831 possunt
1143 795 1221 819 non
1243 783 1378 819 mirari
1403 784 1533 831 patres
1565 782 1903 832 sapientissimum
1923 782 1995 820 Dei

256 844 478 883 consilium.
503 855 580 891 quo
603 843 794 892 populum
812 842 1047 891 judaeorum
1073 841 1168 879 adeo
1190 841 1394 891 ingratum
1415 854 1495 878 non
1517 841 1719 887 deleverit,
1753 841 1821 879 sed
1842 854 1912 891 per
1932 854 1995 880 or-

241 904 346 964 Nbem
369 902 606 951 disperserit,
630 906 676 939 ut
697 902 816 938 iidem
837 900 1067 939 testimonio
1089 913 1158 938 suo
1180 904 1285 938 certe
1306 913 1385 938 non
1408 902 1587 949 suspecto
1601 900 1889 957 genuinitatepi
1902 913 1995 938 con·
2031 945 2035 950 ἢ

241 964 413 1019 ⁴tirment
435 962 725 1004 vaticiniorum,
748 960 852 998 unde
875 960 1166 997 confundantur
1186 960 1274 1009 ipsi,
1298 960 1582 997 convincantur
1594 959 1762 1009 gentiles
1777 959 1824 997 de
1837 959 1996 1010 religio-

241 1021 319 1058 nis
342 1021 574 1058 christianae
597 1021 774 1058 veritate.
817 1020 873 1056 Ex
895 1020 1118 1057 innumeris
1141 1019 1270 1056 effatis
1295 1031 1419 1056 unum
1441 1019 1629 1056 audiatur
1649 1019 1934 1068 Augustini
1954 1019 1997 1056 in

258 1081 319 1117 Ps.
345 1087 396 1118 5ss
421 1093 458 1117 n.
484 1088 528 1121 9:
555 1079 754 1128 ²,Dispersi
778 1082 872 1116 sunt
895 1091 964 1127 per
986 1090 1119 1116 omnes
1141 1081 1278 1128 gentes
1300 1090 1494 1126 nusquam
1516 1078 1703 1115 habentes
1725 1078 1995 1124 stabilitatem,

258 1152 455 1187 nusquam
477 1142 622 1177 certam
645 1139 784 1176 sedem.
818 1139 1029 1187 Propterea
1052 1140 1185 1174 autem
1207 1138 1332 1175 adhuc
1349 1137 1483 1186 judaei
1506 1139 1609 1182 sunt,
1632 1139 1680 1174 ut
1700 1137 1997 1176 libros'nostros

258 1202 416 1247 portent
441 1199 489 1236 ad
511 1198 779 1236 confusionem
802 1210 922 1234 suam.
968 1196 1129 1241 Quando
1161 1197 1265 1234 enim
1287 1197 1470 1234 volumus
1492 1196 1699 1234 ostendere
1721 1197 1999 1246 prophetatum

175 1244 232 1302 Ὗ*
259 1258 468 1303 Christum,
492 1257 726 1307 proferimus
748 1256 910 1306 paganis
932 1257 1028 1293 istas
1050 1256 1194 1293 literas.
1236 1256 1287 1292 Et
1316 1268 1365 1293 ne
1396 1255 1496 1293 forte
1528 1255 1659 1293 dicant
1689 1255 1779 1292 duri
1801 1255 1849 1293 ad
1871 1255 1996 1302 fidem,

155 1303 197 1360 ,f

260 1318 353 1365 quia
376 1330 447 1355 nos
470 1318 557 1355 illas
579 1316 784 1354 christiani
809 1315 1120 1365 composuimus,
1154 1318 1193 1352 et
1215 1327 1303 1352 cum
1324 1314 1559 1364 Evangelio.
1593 1314 1698 1363 quod
1719 1314 1998 1363 praedicamus,

260 1376 488 1414 finxerimus
511 1376 738 1425 prophetas:
763 1375 851 1412 binc
874 1387 937 1412 eos
959 1374 1236 1420 convincimus,
1261 1374 1354 1422 quia
1375 1386 1509 1411 omnes
1532 1374 1640 1422 ipsae
1662 1373 1821 1420 literae,
1853 1374 1999 1423 quibus

259 1436 438 1473 Christus
460 1435 718 1484 prophetatus
751 1437 822 1476 est.
856 1434 960 1483 apud
988 1433 1154 1482 judaeos
1176 1436 1288 1479 sunt,
1321 1445 1455 1470 omnes
1487 1433 1593 1482 ipsas
1615 1433 1749 1470 literas
1772 1433 1919 1471 habent
1933 1434 1999 1483 ju-

259 1495 355 1532 daei.
390 1495 626 1532 Protei-imus
658 1494 805 1531 codices
837 1494 884 1530 ab
906 1493 1095 1537 inimicis,
1127 1495 1174 1530 ut
1205 1492 1489 1530 confundamus
1519 1492 1615 1530 alios
1636 1491 1814 1530 inimicos
1836 1523 1843 1530 .
1868 1522 1876 1529 .
1900 1521 1907 1528 .
1930 1492 2000 1530 Oo-

258 1555 385 1592 dicem
405 1557 538 1603 portat
554 1554 734 1602 judaeus,
757 1553 861 1590 unde
885 1552 1017 1590 credat
1039 1552 1283 1589 christianus.
1306 1551 1475 1588 Librarii
1496 1551 1621 1588 nostri
1641 1550 1735 1588 fact-i
1758 1553 1871 1597 sunt,
1904 1564 2002 1600 quo-

260 1613 374 1652 modo
397 1614 523 1651 solent
547 1613 649 1650 servi
670 1615 761 1662 post
782 1612 957 1649 dominos
980 1611 1128 1649 codices
1150 1612 1261 1656 ferre,
1285 1613 1330 1648 ut
1352 1610 1412 1647 illi
1433 1610 1626 1660 portando
1647 1610 1841 1657 deficiant,
1864 1610 1926 1648 illi
1945 1611 2002 1648 le-

260 1673 386 1722 gendo
408 1673 613 1722 proficiant
637 1706 643 1713 ,
669 1702 675 1708 .
700 1704 708 1711 .
743 1672 801 1708 Sic
824 1671 930 1708 enim
951 1672 1141 1719 apparent
1157 1670 1294 1718 judaei
1326 1670 1372 1707 de
1396 1669 1598 1718 Scriptura
1619 1672 1753 1707 sancta
1774 1683 1889 1718 quam
1912 1682 2003 1719 por-

260 1735 360 1775 tant,
385 1731 579 1780 quomodo
602 1734 762 1780 apparet
784 1730 901 1768 facies
925 1730 1028 1767 coeci
1051 1730 1098 1766 de
1121 1730 1300 1778 speculo:
1333 1729 1381 1766 ab
1413 1728 1501 1766 aliis
1532 1728 1702 1774 videtur,
1734 1729 1782 1766 ab
1812 1729 1899 1778 ipso
1924 1741 2004 1767 non

261 1791 458 1828 videtur<
504 1790 655 1828 Similia
688 1791 878 1839 leguntur
913 1789 1017 1838 apud
1050 1789 1338 1835 Justinum,
1373 1788 1670 1834 Eusebium,
1707 1787 2002 1838 chrysosto-

260 1864 406 1895 mum,
445 1850 779 1887 Severianum
812 1849 1049 1885 Gabalorum
1082 1848 1164 1896 epis
1180 1877 1198 1893 .‚
1235 1847 1613 1885 Theodoretum
1646 1849 1730 1893 eto,
1765 1860 1864 1896 quae
1886 1847 1932 1886 cf.
1962 1847 2005 1884 in

261 1922 390 1957 opusc.
415 1909 478 1947 VI.
508 1917 581 1949 111
612 1921 662 1945 ss.
685 1911 723 1945 et
746 1908 825 1953 XV,
855 1914 933 1948 154
958 1909 1088 1944 annot.

385 1999 450 2032 39.
474 1992 699 2040 Exceptsom·
720 1992 866 2038 satisfit.
890 2013 947 2017 —-
969 1991 1106 2038 Neque
1129 1990 1340 2037 obiiciatur
1363 2002 1451 2027 cum
1472 1990 1748 2036 rationalistis,
1781 1990 1876 2027 haec
1905 2001 2005 2038 quae

263 2052 454 2089 dicuntur
475 2051 659 2088 vaticinia
681 2050 874 2088 messiana
896 2050 1122 2097 antiquiora
1144 2049 1303 2097 quidem
1325 2061 1408 2086 esse
1432 2049 1594 2094 Christo,
1623 2049 1693 2086 sed
1712 2062 1791 2087 non
1813 2061 1896 2086 esse
1915 2060 2005 2098 pro-

262 2111 347 2159 prie
371 2111 473 2148 dicta
494 2110 699 2154 vaticiniag
723 2122 806 2147 esse
828 2111 983 2146 tantum
1007 2109 1195 2157 quaedam
1218 2108 1355 2157 populi
1376 2110 1469 2145 vota
1490 2110 1530 2145 et
1552 2108 1747 2146 desideria
1759 2107 2005 2145 liberationis

266 2172 404 2219 sponte
438 2181 509 2206 sua
538 2168 724 2218 periculis
755 2171 793 2206 et
826 2168 1112 2205 calamitatibus
1144 2179 1325 2216 expressa
1349 2169 1468 2215 atque
1489 2167 1613 2204 forma
1634 2167 1860 2216 prophetica
1880 2179 2006 2204 enun-

264 2229 376 2266 ciata.
420 2229 520 2266 Nam
542 2229 674 2265 obstat
694 2238 734 2268 a.
757 2227 861 2276 quod
885 2227 1024 2264 saltem
1046 2227 1161 2276 plura
1182 2226 1345 2264 fuerunt
1366 2228 1545 2264 accurate
1567 2226 1799 2275 adimpleta3
1833 2226 1939 2275 quod
1960 2223 2006 2266 b.
2039 2236 2042 2240 ’

265 2288 477 2337 prophetae
498 2287 777 2325 vaticiniorum
807 2286 1095 2336 genuinitatem
1126 2285 1378 2334 passionibus
1408 2288 1569 2335 propter
1598 2286 1683 2334 ipsa
1713 2285 1894 2323 toleratis
1916 2297 2006 2322 con-

265 2347 542 2391 firmaverunt3
566 2347 672 2395 quod
695 2356 736 2386 C.
759 2346 873 2395 plura
895 2345 1080 2383 vaticinia
1093 2346 1393 2394 praecesserunt
1413 2349 1569 2393 tempus
1589 2345 1879 2390 calamitatum3
1902 2344 2007 2393 quod

266 2404 311 2445 d.
337 2406 518 2443 Messiam
540 2405 773 2454 praedicunt
796 2405 1027 2453 patientem,
1050 2407 1097 2441 ut
1118 2404 1166 2441 Is.
1191 2410 1256 2446 53,
1286 2403 1437 2452 proprii
1457 2404 1595 2453 populi
1615 2403 1864 2452 rejectionem
1886 2405 1927 2440 et
1947 2403 2007 2440 di-

268 2465 521 2513 spersionem,
545 2465 655 2502 urbis
676 2465 893 2513 templique
916 2463 1226 2501 destructionem
1246 2463 1342 2500 Dan.
1368 2470 1403 2508 9,
1429 2468 1503 2508 26ς
1535 2463 1642 2511 quod
1663 2473 1705 2503 θ.
1727 2464 1809 2500 tam
1831 2474 2009 2511 expressa

268 2524 455 2561 vaticinia
479 2524 609 2561 solum
631 2524 734 2570 apud
751 2523 916 2571 judaeos
938 2523 1212 2572 reperiuntur:
1246 2522 1279 2559 si
1308 2534 1399 2559 vero
1431 2522 1670 2560 calamitates
1699 2524 1858 2559 tantum
1878 2525 2009 2559 essent

268 2583 426 2620 illorum
450 2583 569 2632 origo,
594 2583 699 2631 apud
721 2594 854 2620 omnes
877 2583 955 2619 sere
978 2582 1144 2631 populos
1166 2581 1309 2619 similia
1330 2583 1549 2626 exstarent3
1572 2581 1677 2630 quod
1699 2578 1734 2621 f.
1755 2587 1844 2630 post
1865 2580 2010 2618 Christi

268 2641 482 2679 adventum
512 2642 657 2690 judaei,
690 2641 767 2679 etsi
788 2642 829 2678 in
852 2641 1069 2690 graviorem
1092 2640 1456 2688 diuturnioremque
1487 2640 1712 2678 inciderunt
1733 2639 2007 2685 calamitatem,

268 2700 464 2748 ejusmodi
486 2704 619 2737 carent
639 2701 835 2738 vaticiniis
851 2698 896 2738 ἢ.

418 2833 442 2875 ¹)
462 2831 576 2865 Plura
592 2831 652 2866 hic
670 2832 787 2876 repeti
804 2834 960 2876 possunt
989 2843 1032 2866 ex
1049 2832 1106 2873 iis,
1136 2831 1268 2876 quibus
1285 2830 1526 2875 probavimus
1545 2829 1823 2874 evangeliorum
1839 2829 2010 2874 genuini-

273 2887 401 2919 tatem.
421 2884 591 2918 Ceterum
609 2885 869 2929 probationem
887 2885 945 2919 vix
964 2885 1118 2919 innuere
1135 2895 1328 2929 possumus
1344 2898 1351 2922 ς
1371 2894 1452 2917 eam
1469 2882 1647 2922 evolvere,
1666 2881 1881 2916 confirmare
1895 2882 1933 2916 et
1949 2882 2010 2917 ad-

273 2947 399 2971 versus
420 2947 546 2971 omnes
563 2938 660 2971 tueri
678 2938 910 2980 exceptiones
929 2939 1071 2981 spectat
1089 2944 1135 2971 au
1154 2936 1466 2971 introductionem
1485 2935 1527 2969 in
1544 2946 1569 2971 S.
1588 2934 1816 2978 Scripturam
1835 2934 1878 2969 V.
1897 2934 1936 2968 T.

421 2994 445 3032 2)
464 2990 515 3027 Cf,
534 2989 563 3023 R
575 2989 688 3024 eink
701 3000 719 3024 e
731 3016 739 3030 ,
757 2988 931 3035 Beitiage
948 3002 1012 3023 zur
1028 2989 1240 3033 Erklamng
1257 2990 1320 3024 des
1333 2992 1375 3024 A.
1390 2990 1429 3023 T.
1447 2990 1474 3023 t.
1495 2992 1515 3023 2
1534 2988 1670 3024 inti-od.
1688 2989 1709 3034 ξ
1726 2991 1740 3021 1
1759 2988 1894 3022 introd.
1912 2989 1933 3034 ξ
1950 2991 2009 3026 12:

275 3044 296 3078 S
310 3046 324 3078 t
337 3053 357 3078 o
369 3056 386 3078 1·
398 3054 415 3076 c
427 3045 450 3077 h
464 3054 482 3078 e
493 3055 518 3077 n
529 3054 549 3076 a
559 3055 585 3077 u
603 3042 776 3088 Zugaben
794 3055 857 3076 zur
878 3043 1110 3088 Philosophie
1128 3043 1191 3078 der
1208 3042 1379 3088 Religion
1397 3042 1438 3083 X,
1455 3043 1630 3078 77—195.
