2175 3382
758 998 1179 1070 Tractatus
1230 999 1332 1069 IV.

602 1121 690 1170 De
730 1120 938 1183 genesi
978 1123 1039 1170 et
1077 1121 1289 1183 regula
1322 1120 1484 1171 fidei.

294 1226 393 1267 453.
416 1223 686 1264 Multifariam
709 1223 935 1276 multisque
957 1223 1094 1264 modis
1118 1223 1217 1264 olim
1239 1223 1373 1264 Deum
1396 1236 1489 1265 esse
1511 1224 1701 1266 locutum
1724 1229 1914 1279 patribus

181 1294 225 1334 in
254 1294 484 1347 prophetis,
516 1295 746 1335 novissime
777 1306 879 1335 vero
911 1307 986 1347 per
1008 1294 1151 1335 Jesum
1176 1294 1390 1335 Christum
1414 1294 1554 1351 (Hebr.
1581 1299 1616 1344 1,
1654 1299 1693 1352 1)
1726 1300 1912 1340 ostendi-

178 1377 285 1407 mus,
316 1365 436 1406 Hanc
458 1377 586 1417 porro
609 1365 913 1406 revelationem
937 1378 966 1405 s.
991 1364 1209 1418 Scriptura
1232 1365 1467 1419 divinisque
1490 1367 1787 1410 traditionibus
1811 1382 1913 1411 con-

175 1436 300 1476 tineri
323 1440 449 1488 atque
481 1447 557 1488 per
578 1435 811 1476 Ecclesiam
845 1436 897 1476 ad
931 1437 1101 1489 quasvis
1134 1441 1290 1489 gentes
1323 1448 1432 1489 quae
1466 1437 1638 1489 singulis
1669 1440 1820 1481 seculis
1852 1442 1913 1482 in-

174 1506 319 1547 colunt
353 1506 512 1555 orbem,
549 1506 731 1547 derivari
762 1507 1089 1559 hominibusque
1123 1507 1384 1559 promulgari
1425 1512 1466 1548 et
1505 1508 1724 1560 explanari
1755 1512 1914 1562 pariter

175 1577 577 1618 demonstravimus.
613 1576 816 1628 Quaestio
835 1577 923 1630 jam
948 1578 1082 1618 oritur
1103 1577 1217 1618 haud
1240 1577 1429 1630 simplex,
1453 1580 1667 1631 quomodo
1690 1581 1819 1622 homo
1843 1594 1913 1623 ra-

173 1648 343 1689 tionalis
368 1648 421 1689 ad
445 1648 748 1689 revelationem
764 1649 1028 1701 propositam
1044 1649 1440 1702 promulgatamque
1464 1660 1509 1689 se
1532 1650 1712 1699 habeat;
1740 1652 1911 1704 quinam

173 1719 227 1759 sit
248 1731 474 1771 processus
497 1731 572 1759 seu
595 1720 761 1771 genesis
784 1724 917 1769 actus,
940 1732 1022 1772 quo
1045 1720 1175 1760 homo
1198 1719 1503 1760 revelationem
1528 1721 1797 1773 amplectitur
1820 1724 1911 1776 qui-

175 1802 256 1843 que
287 1791 390 1844 fi'des
423 1789 680 1842 appellatum
726 1802 835 1842 quae
879 1790 1003 1843 hujus
1039 1789 1134 1831 fidei
1169 1790 1290 1831 dotes
1325 1795 1453 1843 atque
1488 1792 1792 1843 proprietates;
1829 1805 1911 1846 quo

174 1860 302 1902 modo
327 1860 619 1901 authenticum
635 1859 848 1901 Ecclesiae
870 1861 1158 1911 magisterium
1181 1861 1486 1902 revelationem
1509 1861 1589 1902 sibi
1611 1863 1811 1904 traditam
1834 1876 1910 1916 ap-

174 1932 300 1984 plicet
323 1931 377 1972 ad
400 1931 677 1984 regulandam
691 1931 935 1972 universam
951 1931 1150 1972 credendi
1165 1932 1457 1985 sentiendique
1480 1933 1689 1974 rationem
1715 1933 1912 1975 fidelium.

175 2001 338 2053 Quibus
362 2001 682 2055 quaestionibus
706 2002 1014 2043 satisfaciemus
1036 2003 1250 2055 praesenti
1272 2008 1468 2053 tractatu,
1496 2016 1621 2056 quem
1645 2005 1688 2044 in
1712 2010 1797 2046 tres
1819 2018 1911 2046 sec-

176 2073 314 2113 tiones
337 2072 595 2119 dividemus;
628 2085 808 2126 quarum
840 2074 977 2125 prima
1008 2085 1257 2126 processum
1289 2086 1364 2115 seu
1396 2076 1640 2126 genesim
1672 2080 1794 2116 actus
1816 2076 1913 2117 fidei

175 2155 226 2184 ex
249 2149 370 2196 parte
393 2144 524 2196 ipsius
546 2144 731 2184 hominis
755 2144 978 2193 credentis,
1009 2144 1140 2185 altera
1173 2144 1420 2185 habitum
1452 2146 1523 2198 qui
1550 2146 1659 2186 inter
1680 2147 1910 2188 revelatio-

174 2226 272 2255 nem
295 2219 337 2255 et
358 2215 580 2264 rationem⁷
604 2215 713 2255 inter
734 2214 859 2256 fidem
883 2219 925 2256 et
945 2216 1167 2256 scientiam
1182 2215 1414 2264 intercedit,
1437 2216 1561 2256 tertia
1575 2218 1910 2269 propositionem

173 2285 395 2326 doctrinae
426 2285 642 2326 revelatae
674 2288 725 2327 ex
757 2291 878 2339 parte
900 2286 1114 2327 Ecclesiae
1137 2286 1330 2327 docentis
1363 2298 1438 2327 seu
1470 2287 1715 2339 regulam
1749 2288 1846 2329 fidei
1868 2289 1910 2329 in

173 2361 374 2397 concreto
394 2357 426 2411 1)
451 2356 749 2397 considerabit.

896 2487 1101 2539 Sectio
1140 2490 1178 2538 I.

798 2587 872 2621 De
904 2586 1050 2621 fidei
1082 2586 1292 2629 genesi.

294 2677 393 2718 454.
417 2674 540 2716 Fidei
555 2677 834 2730 praestantia.
866 2702 923 2707 —
954 2677 1043 2717 Dici
1074 2676 1221 2728 nequit
1250 2681 1436 2729 quantae
1467 2678 1756 2729 praestantiae
1783 2683 1908 2730 atque

175 2745 452 2786 excellentiae
475 2746 528 2786 sit
549 2752 669 2787 actus
693 2746 799 2788 fidei.
844 2746 956 2788 Sane

296 2816 336 2858 1.
360 2815 462 2856 tides
485 2821 548 2857 est
570 2816 892 2858 fundamentum
915 2817 1127 2858 Ecclesiae
1149 2817 1270 2867 illius,
1303 2830 1432 2871 quam
1455 2831 1534 2860 nec
1557 2819 1823 2860 atrocissima
1845 2820 1909 2858 in-

173 2883 282 2926 ferni
303 2885 445 2926 rabies
468 2887 608 2928 vincet
628 2900 838 2940 unquam3
870 2888 990 2928 radix
1021 2887 1187 2929 arboris
1215 2900 1396 2941 magnae
1429 2893 1471 2930 et
1500 2889 1630 2939 fortis,
1663 2889 1807 2930 similis
1840 2889 1908 2938 illi,

320 3004 342 3045 ¹)
361 3001 524 3036 Dicimus
542 3003 581 3037 in
599 3010 754 3038 concreto
762 3017 773 3038 .·
786 3016 871 3038 nam
886 3003 1014 3049 regula
1027 3004 1112 3038 fidei
1128 3017 1146 3038 r
1157 3015 1176 3039 e
1188 3017 1221 3038 m
1235 3016 1253 3039 o
1267 3006 1284 3040 t,
1295 3016 1316 3039 a
1334 3007 1390 3039 est
1407 3006 1584 3040 revelat-io
1601 3006 1725 3040 divina
1748 3017 1774 3038 s.
1791 3004 1907 3048 Scrip-

172 3056 257 3088 tura
276 3059 387 3098 atque
413 3056 615 3090 traditione
643 3056 769 3091 divina
797 3060 980 3097 contenta,
1007 3058 1228 3102 proxima,
1255 3069 1340 3092 vero
1368 3059 1531 3093 Ecclesia
1560 3070 1621 3093 seu
1653 3059 1908 3092 authenticum

177 3107 361 3142 Ecclesiae
379 3108 643 3153 magisterium.
679 3111 788 3144 Modo
817 3111 861 3144 de
889 3111 1054 3154 synthesi
1080 3110 1271 3155 utriusque
1298 3112 1482 3157 agendum
1510 3113 1532 3146 i.
1562 3123 1589 3146 e.
1618 3112 1661 3146 de
1687 3112 1909 3146 revelatione
