2175 3382
693 115 729 147 et
747 113 817 158 ipsi
838 114 1013 148 haeretici
1033 114 1189 149 Romam
1209 118 1454 150 recurrerunt.
1853 125 1939 165 399

202 235 303 285 apud
339 236 549 272 Damasum
571 234 621 287 ¹);
665 236 885 272 Rufinus
928 236 1181 284 aquilejensis
1224 238 1403 286 apologia
1445 239 1561 276 missa
1604 240 1652 277 ad
1686 241 1939 279 Anastasium

202 294 250 346 (a.
275 293 398 346 400);
430 294 719 332 Victricius
750 295 1033 344 rotomagensis
1068 295 1116 332 ob
1139 296 1266 332 scelus
1287 296 1361 332 sibi
1385 296 1624 345 imputatum
1648 298 1755 350 (ante
1777 313 1810 337 a.
1834 299 1939 354 404)

201 353 304 402 apud
325 352 603 390 Innocentium
624 353 673 397 I.;
707 354 770 390 Ba
784 353 1016 391 chiarius
1037 354 1250 391 monachus
1274 350 1364 406 (sec.
1390 354 1450 407 V.)
1474 356 1604 394 oblato
1627 358 1802 405 pontifici
1824 359 1939 396 Urbis

200 413 407 449 adversum
428 412 616 460 querulos
639 414 679 448 et
700 412 949 449 infamatores
973 412 1063 449 fidei
1085 412 1231 457 libello,
1255 413 1296 449 in
1319 425 1417 461 quo:
1444 414 1505 456 „N
1511 428 1561 451 on
1576 428 1785 463 moremur,
1808 417 1941 466 inquit

199 484 235 508 n.
261 478 296 515 2,
319 470 410 508 fidei
431 474 588 508 nostrae
610 471 789 520 regulam
811 471 1052 508 beatitudini
1074 474 1177 517 tuae,
1211 471 1280 520 qui
1302 471 1442 509 artifex
1464 485 1504 510 es
1526 473 1651 522 ipsius
1673 475 1850 522 aedificii,
1874 476 1939 513 de-

198 532 423 567 monstrare.
436 535 451 552 ²<
476 529 530 566 Ex
545 541 603 578 ep.
627 536 672 569 [ὃ
689 529 909 566 Innocentii
932 530 961 566 Ι.
977 529 1163 567 discimus
1185 530 1377 578 quosdam
1399 531 1519 568 etiam
1541 533 1760 580 pontificias
1782 535 1940 572 finxisse

199 589 347 633 literas,
372 591 417 626 ut
438 601 460 625 a
476 588 690 636 judicibus,
715 588 784 636 qui
805 588 910 636 ipsos
933 589 1224 633 damnaverant,
1248 589 1559 627 absolverentur.

317 671 413 712 380.
438 668 479 709 7.
503 666 591 707 Imo
616 667 694 719 ipsi
716 667 913 707 haeretici
926 667 1087 708 solliciti
1097 668 1526 720 fueruntretinendae
1549 671 1605 710 cel
1629 674 1939 725 recuperandae

203 739 497 778 communionis
519 751 610 777 cum
644 737 734 778 sede
765 738 1004 792 apostolica,
1044 750 1092 789 „a
1125 751 1209 792 qua
1232 751 1285 788 ,se
1318 740 1507 793 quisquis
1530 740 1721 791 abscidit,
1754 742 1798 782 fit
1829 743 1940 783 chri-

201 810 364 849 stianae
396 807 608 860 religionis
641 808 834 858 extorris,
869 820 965 849 cum
1000 809 1042 849 in
1077 809 1227 850 eadem
1261 822 1349 850 non
1383 811 1573 863 coeperit
1606 823 1700 852 esse
1735 825 1940 866 compage

201 878 529 935 (Bonifatius
551 878 577 922 I.
601 890 664 931 ep.
691 882 745 922 14
766 891 806 919 n.
834 880 910 934 1).“
946 879 1128 920 Romam
1153 880 1339 933 confugit
1361 884 1415 934 (a.
1444 884 1543 935 142)
1566 881 1811 924 Marcion
1833 888 1940 924 teste

198 949 431 1002 Epiphanio
454 949 570 990 haer.
592 952 650 992 42
672 961 711 989 n.
737 954 782 996 13
817 948 1097 1002 confugerunt
1128 952 1528 1001 montanistae,
1562 956 1690 1004 atque
1721 954 1936 1006 hypocrisi

191 1033 276 1066 v,sua
297 1021 441 1061 literas
464 1018 663 1072 pacificas
678 1020 908 1060 extorsisse
924 1019 1118 1061 videntur
1140 1032 1166 1061 a
1187 1021 1398 1073 pontifice,
1421 1022 1492 1074 qui
1515 1034 1589 1063 eas
1611 1029 1758 1065 tamen
1773 1023 1940 1065 Praxea

198 1091 403 1132 suadente
425 1090 655 1140 revocavit,
686 1095 733 1131 ut
764 1089 892 1131 refert
913 1089 1297 1132 Tertullianus
1328 1092 1520 1133 scribens
1543 1105 1577 1134 c.
1602 1092 1809 1135 Praxeam
1833 1107 1866 1137 c.
1893 1098 1937 1137 1:

205 1162 337 1213 „Nam
368 1162 481 1203 idem
504 1160 727 1217 (Praxeas)
755 1167 856 1201 tunc
878 1162 1126 1214 episcopum
1148 1174 1378 1203 romanum
1403 1163 1700 1219 (probabiliter
1723 1164 1939 1206 Victorem

203 1235 434 1277 183-202
457 1231 522 1273 vel
544 1231 651 1272 forte
673 1231 958 1284 Zephyrinum
979 1236 1231 1288 202—2i9)
1256 1240 1559 1284 agnoscentem
1577 1236 1670 1287 Jam
1691 1237 1936 1288 prophetias

199 1304 402 1353 Montani,
434 1303 618 1351 Priscae,
650 1302 920 1352 Maximillae,
951 1308 992 1343 et
1014 1314 1066 1344 ex
1089 1315 1141 1344 ea
1164 1305 1379 1355 agnitione
1400 1316 1553 1357 pacem
1574 1305 1788 1347 Ecclesiae
1811 1307 1939 1347 Asiae

201 1379 241 1416 et
261 1374 467 1427 Phrygiae
488 1374 739 1416 inferentem
762 1374 869 1416 falsa
900 1375 953 1416 de
984 1375 1085 1427 ipsis
1116 1375 1334 1428 prophetis
1367 1381 1408 1417 et
1435 1376 1623 1418 ecclesiis
1646 1389 1797 1418 eorum
1819 1389 1936 1418 asse-

198 1445 386 1487 verando
417 1451 458 1486 et
487 1445 868 1498 praedecessorum
903 1446 994 1498 ejus
1028 1444 1209 1501 (Soteris
1241 1452 1283 1487 et
1316 1447 1499 1504 Aniceti)
1543 1449 1820 1490 auctoritates
1864 1448 1938 1490 de·

202 1516 407 1557 tendendo
442 1517 580 1569 coegit
611 1521 653 1558 et
686 1517 830 1558 literas
861 1517 979 1569 pacis
1022 1529 1227 1558 revocare
1265 1518 1355 1570 Jam
1398 1518 1589 1569 emissas,
1631 1524 1673 1560 et
1713 1532 1739 1560 a
1779 1532 1937 1572 propo-

198 1588 279 1629 sito
311 1588 653 1641 recipiendorum
687 1590 992 1630 charismatum
1028 1595 1317 1632 concessare.“
1379 1588 1665 1643 Confugerunt
1711 1602 1768 1631 so
1781 1591 1853 1631 cii
1896 1592 1938 1631 in

199 1659 427 1700 schismate
448 1659 480 1700 F
493 1660 654 1700 elicis
666 1660 764 1701 sim
776 1660 809 1710 i,
831 1660 883 1700 de
906 1659 1059 1712 quibus
1083 1660 1137 1700 ad
1152 1659 1395 1701 Cornelium
1410 1661 1554 1702 scribit
1569 1663 1623 1718 (a.
1642 1662 1746 1718 252)
1763 1662 1939 1715 Cypria-

198 1742 277 1770 nus
300 1742 363 1782 ep.
386 1732 442 1775 55
464 1743 503 1771 n.
531 1734 603 1774 14:
642 1730 768 1781 „Post
804 1732 885 1771 ista
916 1731 1108 1786 (scelera,
1142 1742 1252 1784 quae
1282 1737 1575 1788 recensuerat)
1601 1733 1740 1774 adhuc
1766 1734 1939 1786 insuper

198 1800 563 1855 pseudoepiscopo
596 1801 676 1842 sibi
707 1801 761 1842 ab
795 1802 1022 1842 haereticis
1053 1802 1284 1843 constituto
1316 1803 1518 1855 navigare
1550 1803 1710 1844 audent
1739 1804 1794 1844 ad
1825 1803 1938 1845 Petri

200 1872 448 1913 cathedram
483 1878 611 1926 atque
646 1872 701 1913 ad
735 1872 968 1913 Ecclesiam
1002 1873 1292 1925 principalem,
1334 1873 1447 1914 unde
1482 1875 1624 1915 unitas
1658 1875 1937 1916 sacerdotalis

198 1947 348 1984 exorta
369 1948 445 1993 est,
468 1955 494 1984 a
516 1944 800 1984 schismaticis
823 1948 864 1984 et
885 1944 1074 1995 profanis
1096 1944 1240 1984 literas
1262 1944 1382 1993 ferre,
1411 1957 1491 1986 nec
1514 1946 1712 1997 cogitare,
1745 1957 1820 1987 eos
1842 1957 1936 1986 esse

195 2026 412 2064 romanos,
436 2026 616 2067 quorum
640 2014 744 2055 fides
765 2014 971 2066 Apostolo
994 2014 1267 2066 praedicante
1291 2014 1429 2071 (Rom.
1450 2020 1484 2065 1,
1508 2019 1564 2071 8),
1587 2016 1760 2057 laudata
1782 2021 1858 2066 est,
1882 2017 1937 2057 ad

195 2097 299 2136 quos
322 2084 496 2137 perfidia
518 2084 680 2126 habere
704 2097 794 2126 non
816 2085 950 2137 possit
973 2091 1230 2128 accessum.“

314 2170 367 2208 De
389 2170 679 2208 donatistis
712 2171 906 2220 legantur,
940 2183 1039 2219 quae
1061 2170 1182 2208 refert
1204 2171 1426 2219 Optatus
1449 2172 1703 2210 milevitanus
1725 2173 1775 2218 II,
1809 2181 1856 2218 4;
1889 2173 1937 2210 de

197 2228 394 2266 arianis
417 2229 513 2267 satis
535 2229 612 2266 erit
633 2229 675 2266 in
697 2233 862 2267 mentem
884 2241 1075 2276 revocare,
1099 2243 1197 2278 quae
1220 2230 1375 2279 egerint
1389 2231 1470 2268 sive
1484 2231 1689 2269 fraudibus
1705 2232 1787 2270 sive
1801 2234 1936 2281 aperta

195 2288 244 2333 vi,
277 2293 324 2325 ut
353 2288 551 2326 Liberium
574 2286 843 2341 (352-366)
876 2288 917 2325 in
945 2300 1056 2325 suam
1077 2291 1281 2326 traherent
1303 2290 1549 2330 sententiam.
1591 2291 1726 2328 Refert
1746 2291 1850 2328 enim
1872 2291 1935 2329 vel

194 2346 423 2384 Ammianus
444 2347 784 2384 Marcellinus
818 2349 987 2396 scriptor
1021 2348 1182 2397 gentilis
1204 2347 1251 2385 de
1275 2348 1500 2387 Constantio
1524 2347 1609 2402 (15,
1637 2348 1698 2403 7);
1733 2350 1807 2394 „Id
1829 2350 1933 2387 enim

196 2405 498 2457 (damnationem
521 2406 602 2444 scil.
624 2405 845 2459 Athanasii)
868 2406 960 2444 licet
981 2406 1189 2455 impletum
1212 2406 1338 2452 sciret,
1367 2410 1499 2445 tamen
1523 2410 1757 2446 auctoritate
1779 2422 1935 2458 quoque

195 2477 272 2512 qua
292 2465 518 2513 potioris
549 2469 727 2502 aeternae
757 2466 866 2502 urbis
888 2465 1058 2513 episcopi
1079 2465 1225 2502 firmari
1246 2465 1439 2504 desiderio
1462 2467 1665 2505 nitebatur
1686 2468 1842 2505 ardenti
1859 2467 1932 2521 ²).«

195 2523 249 2559 De
262 2523 348 2561 Vit
359 2524 459 2561 alis
472 2524 740 2573 Appollinaris
762 2524 943 2572 discipuli
966 2524 1232 2562 sollicitudine
1253 2524 1295 2561 in
1311 2526 1498 2574 jactanda
1519 2527 1620 2564 sedis
1635 2539 1816 2565 romanae
1830 2540 1932 2565 com-

193 2582 377 2620 munione
407 2583 493 2633 lege
523 2583 719 2632 insignem
741 2583 972 2632 Hieronymi
1007 2595 1065 2631 ep.
1095 2590 1142 2623 16
1173 2583 1221 2620 ad
1243 2584 1455 2622 Damasum
1476 2598 1514 2622 n.
1540 2592 1575 2625 2.
1617 2587 1778 2624 Romam
1799 2590 1933 2624 conlu-

193 2640 296 2690 gisse
317 2642 712 2679 Priscillianum
737 2641 776 2694 (†
794 2644 894 2692 385)
918 2654 1006 2678 cum
1028 2642 1108 2678 suis
1129 2644 1300 2680 testatur
1315 2643 1338 2680 S
1353 2644 1586 2693 ulpicius
1607 2645 1774 2683 Severus
1788 2645 1932 2683 Risus.

192 2699 242 2744 Π,
261 2707 332 2745 163
356 2700 403 2738 de
419 2701 628 2751 Pelagio
651 2703 692 2738 et
706 2701 731 2738 C
744 2713 764 2738 O
777 2713 796 2737 e
810 2701 853 2738 le
866 2712 882 2738 s
895 2702 968 2738 tio
990 2703 1109 2738 testes
1131 2701 1320 2739 habemus
1342 2703 1509 2750 libellos,
1534 2717 1631 2752 quos
1652 2717 1812 2742 romano
1834 2717 1929 2752 pon-

193 2757 290 2795 tifici
320 2758 518 2805 obtulere;
551 2764 591 2797 et
613 2760 828 2798 Coelestius
855 2760 1012 2808 quidem
1036 2759 1085 2811 (a.
1109 2759 1210 2813 417)
1234 2760 1276 2797 in
1302 2773 1373 2799 suo
1397 2765 1623 2810 profitetur:
1657 2763 1739 2807 „Ea
1760 2775 1861 2811 quae
1883 2763 1930 2799 de

193 2817 470 2865 prophetarum
501 2821 542 2856 et
573 2820 839 2867 apostolorum
879 2818 987 2856 fonte
1018 2819 1272 2867 suscepimus,
1307 2821 1429 2858 vestri
1459 2823 1701 2870 apostolatus
1733 2822 1930 2859 offerimus

333 2970 358 3008 ¹)
378 2965 431 3000 Cf.
451 2966 741 3013 Gregorium
761 2980 837 3003 naz.
857 2979 913 3012 ep.
935 2972 1001 3003 102
1020 2969 1067 3002 ad
1085 2969 1299 3005 Cledonium
1318 2974 1351 3005 2.

334 3021 360 3059 2)
379 3017 753 3056 Cf.Athanasius
771 3022 858 3056 hist.
879 3022 992 3057 arian.
1012 3021 1058 3055 ad
1077 3033 1173 3057 mon.
1192 3035 1227 3057 n.
1246 3027 1304 3058 35.
1322 3026 1387 3062 37;
1407 3024 1746 3058 Theodoretus
1765 3024 1807 3056 H.
1828 3024 1867 3058 E.
1882 3023 1927 3066 Il,

193 3075 253 3107 16:
271 3080 326 3115 ep.
345 3077 368 3106 4
387 3072 577 3108 hiberii
596 3087 631 3111 n.
652 3079 683 3109 ⁶2.
702 3079 743 3113 4:
764 3075 1093 3119 Hieronymus
1111 3080 1228 3121 ep.15
1249 3078 1295 3112 ad
1312 3077 1514 3112 Damasum
1532 3091 1567 3112 n.
1587 3083 1618 3112 5.
