2175 3382
954 103 1074 136 ludex.

146 278 273 312 Thesis
289 281 346 314 43.
364 279 516 314 Falsum
534 284 600 320 est,
618 280 663 312 ad
682 279 883 312 Ecclesiam
901 279 1113 312 immediate
1132 289 1257 312 onmes
1276 281 1310 312 et
1332 280 1425 313 solos
1441 281 1689 323 praedestina-

357 338 416 372 tos
433 338 615 382 pertinere
1045 366 1053 372 .
1260 368 1267 374 .

145 395 271 431 Thesis
288 401 344 431 44.
362 397 422 431 Ad
438 398 601 432 animam
618 396 799 431 Ecclesiae
815 396 1002 441 pertinent
1019 396 1141 440 primo
1157 396 1262 440 justi,
1291 396 1374 430 dein
1402 408 1466 430 suo
1497 398 1601 431 modo
1631 399 1692 441 qui

357 455 483 500 aliquo
500 456 643 501 gratiae
659 458 809 501 gratum
825 454 998 489 facientis
1016 454 1110 488 dono
1130 455 1327 499 potiuntur

428 514 455 549 C
465 525 486 549 0
497 528 515 549 1·
526 516 567 549 01
578 516 601 552 l,
636 515 662 549 l.
680 514 733 549 De
751 513 1028 549 catechumenis
1262 541 1269 547 .
1369 542 1376 549 .
1477 545 1481 550 .

430 574 456 609 C
467 585 516 608 or
527 585 547 609 o
560 574 606 610 ll.
625 574 670 609 II.
688 575 824 608 Anima
840 572 1024 608 Ecclesiae
1041 572 1154 607 latius
1178 573 1283 617 patet
1301 583 1453 617 corpore
1474 601 1480 607 .

144 633 270 668 Thesis
288 638 343 668 45.
362 634 542 674 Infideles‚
559 633 748 673 haeretici,
775 632 1001 667 schismatici
1028 631 1201 665 formales
1229 630 1447 675 simpliciter
1476 634 1562 666 sunt
1587 635 1696 666 extra

428 694 629 728 Ecclesiam
1048 719 1055 726 .
1262 720 1268 725 .
1369 722 1374 728 .

357 754 379 787 S
390 764 408 787 0
419 754 444 787 11
456 753 524 787 oli
536 763 575 787 a:
593 752 646 786 De
663 724 886 793 infidelibus,
905 751 1111 791 haereticis
1131 750 1377 785 schismaticis
1397 752 1656 786 materialibus
1687 780 1693 786 .

592 812 644 846 De
659 811 857 845 haereticis
875 811 1038 845 occultis.

591 871 644 905 De
663 871 989 905 excommunicatis
1049 898 1056 904 .

142 930 269 966 Thesis
286 934 344 967 46.
362 931 577 966 Peccatores
595 931 720 966 fideles
736 931 925 976 pertinent-
942 931 987 965 ad
1007 931 1207 965 Ecclesia-m
1262 957 1269 963 .

143 990 268 1025 Thesis
285 993 340 1026 47.
360 991 647 1036 Exceptionibus
666 991 797 1025 satisfit
825 1016 833 1024 .

817 1067 1022 1105 Articulus
1044 1068 1200 1105 tertius.

414 1133 475 1167 De
503 1145 648 1168 causa
676 1133 929 1168 Ecclesiae
957 1133 1157 1167 formali
1187 1134 1235 1167 et
1261 1132 1610 1167 ministeriali.

352 1203 533 1238 Ecclesiae
552 1215 664 1238 causa
682 1204 848 1238 formalis
868 1203 1016 1237 interna
1039 1205 1075 1236 et
1094 1204 1245 1236 externa

566 1280 583 1317 ξ
604 1279 633 1309 1.
652 1275 706 1310 De
724 1275 920 1309 ministerii
939 1274 1180 1308 ecclesiast-ici
1197 1273 1449 1307 institutione.

140 1345 266 1380 Thesis
276 1348 331 1383 48,
344 1346 507 1380 Ecclesia
517 1348 572 1380 est
583 1346 736 1381 societas
744 1346 952 1390 inaequalis
959 1346 1014 1380 ita
1021 1347 1063 1380 ut
1073 1345 1138 1380 alii
1152 1345 1193 1379 in
1207 1355 1248 1379 ea
1257 1345 1331 1379 sint
1339 1345 1555 1390 praepositi,
1564 1346 1670 1379 docto
1678 1366 1688 1370 -

352 1417 408 1440 res
417 1407 453 1440 et
460 1406 731 1451 dispensatores
740 1419 769 1441 11
777 1404 1079 1451 ystei·i0rum‚alii
1088 1405 1238 1445 subditi,
1247 1404 1302 1438 dis
1308 1404 1473 1449 cipuli‚sa
1480 1404 1691 1438 nctificandi

581 1484 597 1521 ξ
616 1482 648 1513 2.
666 1479 718 1513 De
736 1479 936 1513 ministerii
953 1478 1191 1513 ecclesiastici
1210 1477 1440 1511 necessitate.

140 1549 267 1585 Thesis
284 1552 340 1585 49.
359 1550 603 1585 Ministerium
624 1551 911 1585 ecclesiasticum
929 1552 969 1585 in
985 1551 1174 1596 praesenti
1191 1561 1313 1584 rerum
1332 1549 1460 1584 ordine
1488 1554 1541 1582 est
1566 1558 1689 1582 neces-

354 1611 490 1644 sarium

577 1686 594 1722 ἓ
613 1683 644 1715 3.
664 1681 714 1715 De
732 1680 930 1715 ministerii
948 1681 1190 1715 ecclesiastici
1208 1681 1453 1724 perennitate.

139 1739 267 1774 Thesis
286 1742 341 1774 50.
360 1741 607 1775 Ministerium
626 1741 782 1775 docendi
799 1740 1047 1784 pascendique
1074 1740 1223 1774 durabit
1249 1751 1365 1784 usque
1394 1739 1439 1773 ad
1458 1749 1687 1773 consumma-

352 1801 494 1834 tionem
514 1801 630 1834 seculi

578 1874 594 1911 ἐ
612 1878 645 1907 4.
664 1873 716 1906 De
734 1872 931 1907 ministerii
948 1873 1186 1907 ecclesiastici
1205 1871 1442 1906 auctoritate.

701 1946 743 1977 A.
761 1943 814 1978 De
831 1943 1014 1978 Ecclesiae
1032 1944 1319 1978 infallibilitate.

138 2014 265 2049 Thesis
284 2019 339 2049 51.
357 2014 518 2048 Ecclesia
535 2014 689 2048 docendi
707 2016 891 2059 potestate
908 2016 1026 2060 pollet

423 2074 449 2108 C
459 2084 479 2107 o
491 2087 509 2108 1·
520 2074 564 2108 ol
576 2074 598 2108 l.
617 2075 638 2109 J
642 2085 705 2109 ure
723 2086 788 2109 suo
806 2075 969 2109 Ecclesia
985 2074 1183 2119 proscribit
1198 2085 1349 2114 errores,
1365 2074 1540 2118 reprobat-
1554 2072 1612 2107 vel
1627 2084 1687 2117 ap-

622 2135 755 2177 probat
770 2134 885 2168 libros
903 2136 974 2168 etc.

138 2190 267 2225 Thesis
285 2195 340 2226 52.
358 2191 541 2226 Ecclesiae
559 2192 749 2237 macristei
739 2204 816 2226 111111
836 2195 891 2226 est
908 2192 1110 2227 infallibile
1152 2219 1158 2225 .

375 2251 398 2286 S
409 2263 427 2285 c
436 2252 462 2285 11
473 2252 541 2286 011
552 2263 572 2286 ο
584 2265 608 2286 11
641 2252 668 2286 I.
686 2252 882 2287 Methodus
900 2252 1111 2297 probandae
1129 2220 1339 2286 infallibilit
1343 2252 1415 2284 itis

374 2311 396 2345 S
408 2322 426 2345 c
436 2312 460 2345 h
473 2311 541 2345 oli
553 2322 572 2346 0
584 2324 609 2345 11
625 2312 669 2346 Π.
687 2312 741 2347 De
758 2323 970 2358 synagogae
988 2311 1275 2346 infallibilitate.

704 2383 743 2418 B.
760 2382 812 2416 De
832 2383 996 2427 subiecto
1013 2382 1308 2417 infallibilitatis.

136 2440 263 2474 Thesis
281 2443 335 2475 53.
355 2439 451 2474 Ordo
471 2441 548 2484 epit
543 2451 727 2485 coporum
747 2440 822 2474 sive
839 2440 1090 2485 dispersorum
1114 2440 1189 2474 sive
1207 2440 1247 2473 111
1266 2439 1462 2473 concilium
1485 2450 1684 2484 cono-rega-

348 2500 472 2533 torum
489 2499 545 2533 est
561 2499 766 2544 subjectum
784 2499 1068 2534 infallibilitatis

373 2558 618 2592 Scholion.
639 2557 885 2592 Conciliorum
913 2557 1166 2592 infallibilitas
1193 2526 1447 2602 independens
1479 2559 1533 2592 est
1557 2569 1578 2592 a
1606 2569 1690 2592 con-

633 2628 742 2652 sensu
761 2617 1004 2660 subsequente
1040 2642 1048 2650 .
1254 2643 1263 2651 .

712 2688 750 2725 C.
768 2689 822 2723 De
842 2688 985 2733 objecto
1002 2688 1295 2722 infallibilitatis.

134 2747 260 2782 Thesis
280 2753 336 2783 54.
355 2746 547 2793 Objectum
565 2748 848 2782 infallibilitatis
865 2748 1010 2791 praeter
1027 2747 1207 2781 divinitus
1224 2747 1389 2781 revelata
1407 2750 1493 2781 sunt
1510 2748 1686 2782 veritates

348 2808 573 2842 necessa-riae
590 2808 637 2842 ad
653 2807 888 2842 revelationis
909 2808 1118 2852 depositum
1137 2807 1423 2841 custodiendum

423 2865 480 2900 Co
491 2878 508 2900 r
519 2866 595 2900 oll.
618 2868 658 2901 In
675 2868 797 2911 specie
815 2867 983 2903 extendit
1000 2877 1037 2900 se
1056 2868 1101 2900 ad
1118 2867 1407 2912 philosophiam,
1431 2867 1678 2912 disciplinam,

633 2926 780 2961 ordines
798 2927 1067 2971 approbandos,
1085 2926 1352 2962 canonizandos
1371 2928 1517 2961 sanctos
1571 2956 1577 2963 .

133 2984 260 3019 Thesis
279 2989 334 3020 55.
352 2983 515 3019 Ecclesia
525 2987 580 3019 est
592 2985 806 3020 infallibilis
821 2986 918 3021 circa
930 2988 1055 3021 textus
1071 2987 1298 3031 dogmaticos
1313 2988 1350 3021 et
1360 2988 1461 3021 facta
1473 2986 1681 3031 dogmatica

346 3044 632 3080 Infallibilitatis
649 3045 795 3090 plenior
812 3045 914 3080 notio

141 2911 263 2919 —m-s

1597 3107 1657 3139 35*

1817 460 1884 491 258

1819 698 1883 731 261

1818 756 1885 789 263

1818 815 1885 848 263

1820 875 1886 906 264

1818 934 1885 968 265

1819 993 1885 1026 266

1817 1801 1883 1834 278
