2175 3382
261 122 339 161 124
580 115 698 148 Travt.
719 113 761 148 ΙΙ.
784 114 834 147 Dc
854 113 1064 149 traditione.
1088 113 1238 157 Propria-
1257 112 1468 146 traditionis
1486 113 1660 158 acc-(eptiO.

255 247 374 287 citica
399 246 570 286 nomine
594 245 831 286 traditionis
856 244 1172 296 adsignificatur
1204 244 1355 285 modus
1388 245 1719 285 transmissionis
1753 250 1795 286 et
1815 256 1988 286 conser-

257 317 439 358 vationis
462 328 487 356 a
509 329 539 359 s.
563 314 779 368 Scriptura
812 316 1022 363 diversus;
1055 327 1164 368 quae
1196 314 1443 367 significatio
1466 315 1649 356 nominis
1671 316 1730 356 ita
1751 315 1989 356 communis

256 393 331 431 est.
364 392 409 428 ut
443 398 610 439 semper
641 386 853 438 praesumi
876 386 1019 437 possit,
1052 385 1130 425 nisi
1163 385 1296 426 altera
1318 385 1443 426 latior
1464 385 1505 425 in
1528 385 1700 437 singulis
1722 385 1988 426 contextibus

256 459 582 500 demonstretur.
604 456 789 498 Primum
814 457 922 497 ultro
945 455 1185 496 concedunt
1204 460 1508 508 protestantes:
1532 456 1709 497 alterum
1734 460 1850 508 patet
1874 457 1913 499 l..
1937 467 1989 497 ex

254 528 406 569 divinis
428 528 570 576 literis,
592 528 662 569 ubi
686 528 862 568 verbum
887 527 1108 568 tradere
1140 527 1289 568 saltem
1313 527 1540 568 duodecies
1563 527 1748 568 occurrit
1769 527 1812 568 in
1833 526 1988 578 signifi-

257 599 437 648 catione,
461 599 512 640 de
536 611 619 652 qua
642 598 864 651 loquimur,
896 610 976 639 nec
998 598 1077 638 nisi
1100 597 1231 639 semel
1253 602 1369 639 certo
1392 603 1619 650 usurpatur
1641 598 1882 650 promiscue
1902 602 1989 638 tam

255 670 307 710 de
333 669 529 710 doctrina
553 681 627 722 per
642 668 914 721 Scripturam,
937 681 1064 722 quam
1087 669 1139 710 de
1154 669 1287 710 altera
1302 674 1501 710 oretenus
1515 668 1682 717 tradita,
1704 668 1789 712 scil.
1805 670 1831 711 2
1845 668 1990 710 Thess·

259 744 296 789 2,
325 745 399 785 14:
435 740 789 795 It‹1qzce‚frc1tres,
820 744 922 781 state
953 744 988 780 et
1019 744 1142 781 tenete
1173 741 1431 792 traditiones,
1462 753 1565 795 quas
1591 740 1795 781 didicistis
1815 740 1898 780 sive
1913 752 1992 794 per

255 825 497 865 sermonem,
521 813 603 852 sive
620 826 699 865 per
721 810 933 865 epistolam
957 815 1165 859 nostram
1188 812 1229 851 in
1252 811 1422 864 reliquis
1443 811 1547 852 locis
1569 810 1767 852 omnibus
1784 810 1851 852 vel
1873 815 1990 852 certo

256 883 322 924 vel
355 882 505 924 saltem
537 882 813 935 probabiliter
844 881 1051 935 significat
1081 882 1353 923 traditionem
1385 894 1471 923 non
1503 882 1763 935 scriptam
1784 883 1828 938 1).
1870 881 1993 923 Patet

256 956 297 997 2.
320 954 446 995 etiam
470 965 521 994 ex
543 953 747 1006 patribus.
771 954 841 1006 qui
864 953 1135 994 traditionem
1149 953 1215 994 vel
1237 953 1496 1005 distinguunt
1517 965 1542 993 a
1556 952 1785 1006 Scriptura,
1807 953 1873 994 vel
1894 964 1991 993 cum

257 1037 309 1065 ea
341 1025 601 1077 conjungunt
643 1030 685 1066 ut
728 1025 906 1066 alterum
950 1024 1200 1076 cognitionis
1232 1024 1486 1065 christianae
1518 1024 1769 1076 principium
1800 1023 1990 1076 ejusdem

258 1096 535 1144 auctoritatis,
558 1096 624 1137 vel
647 1096 802 1137 docent
826 1096 1097 1137 traditionem
1127 1095 1252 1136 latius
1274 1100 1420 1148 patere
1443 1093 1671 1147 Scriptura,
1692 1099 1737 1135 ut
1759 1094 1920 1147 patebit
1940 1106 1992 1136 ex

258 1167 510 1207 testimoniis
533 1168 691 1219 passim
714 1168 756 1208 in
779 1167 861 1208 hoc
883 1171 1068 1207 tractatu
1091 1166 1281 1207 citandis.
1304 1164 1408 1207 Cum
1432 1178 1532 1218 ergo
1547 1165 1795 1218 significatio
1809 1166 1994 1207 strictior

260 1243 301 1278 et
323 1238 519 1290 specifica
550 1238 674 1290 longe
709 1239 762 1279 sit
784 1238 1055 1291 frequentior,
1086 1238 1237 1279 merito
1259 1237 1555 1290 praesumitur.
1597 1236 1683 1277 Etsi
1704 1248 1806 1278 vero
1827 1237 1993 1278 ratione

263 1308 379 1349 modi
401 1309 571 1350 traditio
594 1310 842 1362 plerumque
865 1309 1133 1361 distinguitur
1155 1307 1411 1361 aScriptura
1433 1320 1568 1356 sacra,
1590 1320 1677 1348 non
1698 1312 1842 1349 tamen
1864 1319 1992 1360 prop-

258 1385 376 1420 terea
399 1380 636 1421 excluditur
657 1381 795 1421 omnis
818 1381 989 1433 scriptio
1012 1385 1181 1432 patrum
1204 1384 1281 1421 etc.
1305 1379 1358 1420 ad
1382 1379 1561 1421 eandem
1584 1379 1822 1420 doctrinam
1843 1378 1994 1420 melius

258 1450 630 1491 transmittendam
654 1455 695 1491 et
717 1450 1070 1497 conservandam,
1105 1450 1178 1491 sed
1201 1455 1364 1491 tantum
1388 1451 1560 1503 scriptio
1583 1454 1807 1491 auctorum
1828 1449 1993 1502 inspi-

258 1526 380 1561 rato
394 1534 451 1562 ru
464 1534 505 1561 m
522 1539 530 1571 ;
555 1526 596 1562 et
617 1522 698 1563 hoc
721 1527 886 1563 tantum
910 1533 1037 1563 sensu
1052 1521 1203 1563 dicitur
1224 1533 1249 1562 o
1262 1521 1396 1562 ralis
1408 1553 1417 1570 ,
1441 1521 1552 1574 quod
1568 1520 1622 1562 ab
1638 1521 1841 1574 apostolis
1855 1520 1992 1562 solum

260 1603 346 1637 ore,
368 1604 454 1632 non
477 1593 605 1633 etiam
628 1593 784 1645 scripto
799 1592 1013 1634 Ecclesiae
1035 1592 1158 1634 fuerit
1178 1593 1416 1645 proposita:
1440 1604 1525 1633 non
1546 1604 1648 1633 vero
1671 1597 1717 1632 ut
1737 1591 1994 1644 significetur

263 1674 360 1703 eam
383 1675 456 1704 ore
479 1664 614 1704 solum
639 1675 850 1716 semper
871 1664 1000 1705 fuisse
1021 1668 1311 1717 propagatam.

383 1750 476 1790 113.
501 1747 816 1802 Disputationis
840 1748 938 1788 ordo
961 1752 998 1788 et
1019 1748 1178 1788 divisio.
1203 1772 1259 1777 ——
1279 1746 1442 1799 Duplici
1476 1746 1603 1787 modo
1626 1751 1767 1798 potest
1788 1746 1840 1787 de
1862 1746 1993 1788 tradi-

258 1818 372 1859 tione
398 1819 590 1871 quaestio
614 1818 784 1858 institui.
829 1817 985 1869 Quaeri
1006 1818 1090 1859 scil.
1113 1822 1264 1870 potest,
1286 1831 1388 1859 num
1410 1822 1579 1870 praeter
1601 1816 1863 1871 Scripturam
1885 1819 1994 1860 aliae

259 1889 343 1929 sint
364 1890 566 1930 veritates
588 1889 813 1937 revelatae,
848 1894 888 1930 et
910 1889 1125 1942 quomodo
1161 1894 1440 1930 conservatae
1462 1889 1557 1930 illae
1579 1889 1662 1930 sint
1684 1894 1726 1930 et
1747 1889 1801 1930 ad
1822 1902 1902 1931 nos
1923 1903 1994 1931 us-

258 1972 340 2012 que
363 1964 645 2012 propagatae:
678 1972 787 2012 quae
810 1960 878 2000 via
909 1959 1149 2012 impeditior
1170 1964 1246 2001 est.
1287 1959 1470 2001 Facilior
1492 1964 1533 2001 et
1554 1961 1688 2011 magis
1709 1961 1995 2014 peremptoria

261 2032 487 2073 methodus
512 2036 586 2080 est,
609 2032 643 2071 si
667 2031 894 2084 quaeritur,
929 2043 1031 2071 num
1055 2029 1244 2071 Christus
1266 2031 1492 2072 instituerit
1513 2029 1643 2071 alium
1665 2031 1851 2082 modum,
1882 2031 1995 2073 aliud

260 2115 470 2155 organum
502 2106 673 2155 praeter
704 2100 978 2154 Scripturam,
1009 2113 1092 2154 quo
1125 2101 1318 2142 doctrina
1349 2106 1391 2142 et
1420 2102 1610 2143 instituta
1642 2114 1667 2142 a
1697 2114 1744 2143 se
1768 2103 1861 2155 ipso
1882 2102 1996 2144 vela

259 2172 417 2226 Spiritu
455 2178 604 2215 sancto
635 2185 711 2226 per
741 2172 960 2225 apostolos
989 2172 1179 2213 revelata
1211 2177 1548 2225 propagarentur
1569 2185 1620 2213 ac
1642 2178 1997 2215 conservarentur

260 2245 304 2284 in
335 2256 414 2285 sua
445 2245 684 2296 integritate
716 2248 758 2285 et
788 2244 1042 2292 sinceritate,
1075 2242 1183 2284 adeo
1215 2248 1260 2284 ut
1287 2244 1487 2285 veritates
1519 2255 1569 2284 eo
1601 2245 1878 2286 transmissae
1907 2244 1996 2286 sive

262 2316 448 2368 scriptae
480 2316 644 2365 fuerint,
678 2316 766 2356 sive
798 2326 884 2355 non
908 2314 1061 2355 fuerint
1082 2315 1277 2367 scriptae,
1308 2314 1484 2356 verbum
1506 2319 1652 2356 tamen
1672 2315 1756 2356 sint
1775 2314 1862 2356 Dei.
1903 2314 1997 2366 Qua

265 2387 514 2439 quaestione
550 2386 798 2427 affirmative
831 2385 981 2434 soluta,
1026 2386 1173 2438 quaeri
1202 2385 1376 2427 ulterius
1406 2386 1572 2438 poterit,
1602 2399 1706 2427 num
1735 2398 1886 2427 revera
1914 2386 1997 2427 hoc

265 2457 393 2498 modo
418 2457 559 2511 aliqua
580 2456 732 2498 fuerint
756 2456 1017 2506 transmissa,
1040 2468 1150 2509 quae
1172 2469 1225 2498 ss.
1242 2454 1468 2509 Scripturis
1491 2469 1516 2498 a
1531 2455 1684 2498 Christi
1702 2456 1916 2509 discipulis
1928 2468 1996 2498 re-

262 2527 369 2569 lictis
392 2540 478 2569 non
510 2529 817 2570 contineantur.
860 2527 948 2569 Nos
978 2528 1092 2568 hunc
1115 2527 1307 2569 ordinem
1329 2539 1556 2580 sequemur
1572 2528 1617 2584 2).
1659 2516 1997 2581 Disputationefn

264 2599 307 2639 in
331 2604 512 2651 quatuor
533 2599 837 2651 distinguemus
860 2599 1023 2652 capita;
1047 2598 1423 2639 determinabimus
1444 2598 1530 2639 scil.

384 2670 423 2713 l.
447 2682 654 2722 organum
683 2682 708 2710 a
730 2668 897 2711 Christo
919 2669 1101 2710 Domino
1123 2669 1360 2710 institutum
1382 2669 1437 2710 ad
1458 2669 1735 2710 derivandam
1756 2681 1997 2721 propagan-

273 2740 456 2793 damque
479 2740 715 2782 doctrinam
738 2753 859 2782 suam
883 2740 937 2781 ad
960 2752 1108 2781 omnes
1130 2744 1286 2792 gentes.
1329 2739 1612 2781 Indicabimus

409 2861 436 2900 ¹)
456 2857 507 2891 Cf.
527 2856 660 2890 Matth.
683 2860 736 2897 15,
758 2860 774 2890 1
795 2868 859 2896 ss.;
879 2857 989 2891 Marc.
1009 2858 1041 2897 7,
1061 2859 1082 2890 3
1101 2868 1166 2892 ss..
1188 2861 1203 2891 1
1225 2858 1301 2890 Cor.
1324 2860 1376 2898 11,
1397 2859 1428 2890 2.
1449 2859 1512 2896 232
1532 2860 1588 2902 15,
1605 2860 1626 2891 3
1644 2858 1713 2891 etc.

409 2911 435 2957 2)
455 2910 507 2944 ef.
527 2920 593 2945 em.
613 2910 709 2944 card.
729 2911 755 2943 F
766 2921 785 2943 r
796 2921 817 2944 a
828 2923 850 2944 n
863 2922 880 2944 z
893 2921 911 2944 e
923 2910 933 2944 l
945 2911 993 2944 in
1013 2909 1057 2943 de
1076 2910 1203 2944 divina
1220 2909 1347 2945 tradit.
1361 2910 1414 2946 th.
1429 2913 1462 2945 3.
1480 2909 1572 2945 Cum
1583 2919 1671 2954 prae
1685 2909 1814 2944 ceteris
1827 2909 1998 2954 operibus

271 2964 476 2999 doctissimi
494 2963 603 3008 hujus
621 2963 788 3008 theologi
814 2968 941 2998 nostro
957 2963 1096 3008 judicio
1113 2963 1206 2997 illud
1225 2964 1396 3004 emineat,
1423 2963 1521 3007 quod
1539 2962 1583 2997 de
1600 2962 1726 2996 divina
1743 2960 1945 2996 traditione
1963 2969 1999 2996 et

268 3018 459 3063 Scriptura
476 3016 601 3057 edidit,
620 3015 727 3050 illum
740 3018 779 3050 in
797 3017 927 3061 primis
944 3017 1071 3051 ducem
1101 3027 1304 3061 sequemur,
1333 3027 1439 3061 saepe
1459 3026 1551 3060 quae
1568 3016 1647 3060 ipse
1664 3015 1781 3050 fusius
1798 3014 1934 3050 evolvit
1951 3014 1998 3048 ad

267 3077 523 3122 compendium
542 3075 760 3121 redigentes.
