2175 3382
689 149 797 183 Petro
815 148 1003 193 promittit·
1020 149 1219 193 primatum
1240 149 1374 183 Matth.
1398 153 1449 191 16,
1472 153 1525 184 18.
1885 158 1966 200 351

234 268 367 308 inciso
390 267 502 308 idem
525 271 589 308 est
610 279 779 316 nomen,
810 266 1059 319 praesertim
1087 266 1123 306 si
1145 267 1187 306 in
1210 266 1344 307 altero
1368 267 1501 308 inciso
1525 270 1728 320 repetitur
1749 282 1846 312 cum
1870 285 1969 324 pro-

235 338 406 379 nomine
428 338 762 379 demonslrativo
786 337 872 391 hoc,
895 336 995 377 illud
1018 336 1072 377 ad
1095 336 1206 376 idem
1229 336 1375 377 referri
1398 337 1523 378 debet
1545 339 1794 392 subjectum.
1828 341 1970 384 Verba

235 420 334 461 ergo
357 413 393 449 et
414 422 538 463 super
558 408 664 450 hanc
684 413 847 462 petram
869 407 1015 449 referri
1037 407 1194 448 debent
1217 407 1270 448 ad
1295 407 1478 449 Petrum.

352 481 396 522 6.
421 481 547 526 Quare
570 485 701 520 exacte
722 482 879 520 omnino
901 482 1114 520 verborum
1135 481 1278 519 Christi
1301 494 1460 519 sensum
1482 484 1665 531 exposuit
1688 497 1718 521 s.
1741 486 1834 523 Leo
1859 499 1973 525 serm.

238 548 259 582 2
282 542 323 579 in
346 541 538 578 annivers.
561 544 749 590 assumpt.
772 553 865 578 suae
886 554 923 577 n.
949 547 993 580 2:
1021 540 1138 583 ,Ideo
1162 541 1299 578 beatus
1321 554 1372 584 es,
1396 542 1489 590 quia
1511 546 1548 578 te
1567 543 1680 579 Pater
1703 556 1810 581 meus
1827 545 1971 591 docuit,

238 613 309 638 nec
329 601 485 637 terrena
507 600 637 649 opinio
660 604 698 637 te
722 599 872 643 fefellit,
907 599 974 637 sed
997 599 1202 648 inspiratio
1225 600 1404 637 coelestis
1426 601 1630 645 instruxit,
1664 604 1704 638 et
1725 615 1803 639 non
1826 616 1912 641 caro
1935 607 1974 642 et

237 660 419 709 sanguis;
454 659 520 696 sed
544 659 609 696 ille
631 672 692 696 me
714 659 800 704 tibi,
825 659 937 707 cujus
960 671 1048 696 sum
1071 659 1305 707 unigenitus
1329 659 1461 703 Filius,
1494 659 1692 697 indicavit.
1736 661 1786 698 Et
1807 675 1882 711 (³90,
1914 663 1975 700 in-

236 718 334 767 quit.
357 719 441 754 dico
463 718 530 755 tibi
552 718 587 754 h.
610 731 641 755 e.
666 718 769 755 sicut
792 718 908 754 Pater
929 730 1039 754 meus
1070 717 1146 754 tibi
1175 717 1442 754 manifestavit
1473 718 1719 756 divinitatem
1750 733 1888 766 meam,
1920 721 1976 759 ita

237 782 277 815 et
298 789 368 826 ego
389 777 462 814 tibi
486 778 620 814 notam
642 776 738 815 favio
761 777 1032 814 excellentiam
1054 778 1176 822 tuam,
1199 777 1289 825 quia
1311 782 1353 813 tu
1375 786 1412 813 es
1435 777 1570 814 Petrus
1593 777 1617 814 i.
1641 790 1672 815 e.
1695 790 1782 815 cum
1807 792 1876 828 ego
1903 780 1976 817 sim

235 836 471 875 inviolabilis
493 839 615 884 petra,
640 848 710 885 ego
732 835 833 884 lapis
856 835 1068 883 angularis,
1093 836 1161 884 qui
1183 835 1282 873 facio
1304 838 1473 884 utraque
1487 849 1632 881 unum3
1656 849 1728 886 ego
1744 838 1974 876 tundamen-

236 898 333 938 tum,
357 896 512 943 praeter
534 895 639 943 quod
661 907 774 932 nemo
796 896 927 943 potest
948 895 1056 931 aliud
1079 907 1242 943 ponere:
1279 897 1407 931 tamen
1430 898 1476 932 tu
1498 908 1655 943 quoque
1678 899 1788 944 petra
1809 910 1859 942 es,
1884 898 1976 945 quia

236 966 321 991 mea
342 954 491 991 virtute
513 953 704 998 solidaris,
740 956 786 990 ut
808 966 907 1002 quae
930 953 1027 990 mihi
1049 955 1243 1002 potestate
1276 956 1371 990 sunt
1403 954 1572 1002 propria,
1606 954 1687 992 sint
1717 955 1790 992 tibi
1823 969 1975 993 mecum

236 1012 534 1062 participatione
555 1013 788 1050 communia.
831 1012 882 1050 Et
903 1025 1020 1060 super
1041 1013 1139 1049 hano
1157 1018 1308 1060 petram
1331 1015 1402 1050 etc.
1446 1013 1570 1061 Super
1591 1013 1704 1057 hanc,
1729 1014 1873 1062 inquit,
1897 1015 1974 1053 for-

233 1072 446 1109 titudinem
467 1075 672 1109 aeternum
694 1074 891 1109 exstruam
914 1071 1108 1120 templum
1129 1074 1169 1108 et
1190 1071 1381 1108 Ecvlesiae
1404 1084 1511 1109 meae
1534 1073 1640 1110 coelo
1663 1073 1865 1110 interenda
1880 1074 1972 1112 sub-

236 1130 385 1168 limitas
407 1131 448 1167 in
471 1131 589 1179 hujus
612 1131 703 1168 fidei
725 1130 910 1167 firmitate
944 1133 1192 1179 consurget«
1236 1130 1328 1168 Ideo
1361 1131 1478 1167 etiam
1501 1131 1641 1168 Petrus
1673 1132 1721 1169 ab
1745 1132 1906 1170 Oriente
1937 1135 1978 1171 et

236 1189 444 1227 Occidente
467 1190 664 1227 salutatur
685 1189 879 1227 Ecclesiae
903 1189 1107 1227 fundam
1122 1191 1305 1234 entum,
1330 1189 1480 1232 basis,
1505 1190 1729 1239 crepido.
1759 1191 1821 1229 Ita
1844 1192 1977 1229 Hila-

235 1249 348 1286 rius
369 1250 511 1297 pictav.
534 1248 576 1285 in
598 1249 633 1285 h.
656 1249 702 1285 1.:
740 1275 757 1293 ‚>
767 1249 818 1285 Et
840 1248 1005 1298 dignum
1029 1249 1144 1297 plane
1167 1248 1360 1286 confessio
1385 1249 1491 1286 Petri
1523 1250 1740 1297 praemium
1772 1253 1978 1288 consecuta

235 1310 304 1354 est,
328 1308 421 1356 quia
444 1307 513 1344 Dei
534 1308 659 1344 filium
683 1307 725 1344 in
748 1307 902 1345 homine
925 1307 1092 1345 vidisset
1116 1337 1123 1343 .
1147 1337 1154 1344 .
1179 1337 1186 1345 .
1221 1307 1251 1344 Ο
1283 1307 1325 1345 in
1357 1308 1653 1356 nuncupatione
1685 1309 1778 1346 novi
1809 1310 1977 1347 nominis

234 1367 329 1404 felix
350 1366 544 1404 Ecclesiae
566 1367 868 1404 fundamentum
890 1366 1089 1416 dignaque
1112 1366 1379 1404 aedificatione
1404 1367 1513 1404 illius
1535 1370 1656 1416 petra,
1680 1381 1780 1416 quae
1802 1368 1976 1406 infernas

235 1427 340 1475 leges
362 1427 402 1463 et
423 1426 561 1462 tartari
584 1428 716 1474 portas
752 1428 792 1463 et
823 1426 953 1462 omnia
983 1426 1121 1463 mortis
1153 1426 1324 1463 claustra
1358 1425 1601 1463 dissolveret.
1646 1427 1675 1464 O
1709 1427 1847 1464 beatus
1879 1428 1978 1465 coeli

229 1484 388 1533 janitor,
411 1485 522 1532 cujus
543 1485 708 1522 arbitrio
731 1485 859 1522 claves
882 1485 1031 1522 aeterni
1053 1485 1183 1522 aditus
1197 1484 1420 1528 traduntur,
1446 1485 1557 1533 cujus
1573 1489 1759 1523 terrestre
1776 1486 1972 1534 judicium

230 1544 496 1593 praejudicata
509 1543 718 1581 auctoritas
733 1544 786 1581 sit
798 1543 839 1580 in
860 1544 985 1581 coelo:
1008 1546 1054 1581 ut
1077 1556 1174 1592 quae
1197 1544 1238 1580 in
1260 1544 1375 1581 terris
1398 1548 1467 1580 aut
1490 1545 1610 1593 ligata
1633 1545 1713 1582 sint
1734 1548 1803 1582 aut
1826 1546 1973 1591 soluta,

235 1602 376 1641 statuti
395 1603 573 1651 ‘ejusdem
596 1603 859 1640 conditionem
882 1603 1088 1640 obtineant
1109 1603 1150 1640 in
1172 1603 1318 1640 coela«
1354 1603 1405 1641 Cf.
1428 1603 1573 1640 thesim
1597 1616 1676 1652 seq.

350 1661 498 1699 Verum
519 1662 679 1710 quidem
700 1664 771 1706 est,
805 1662 1002 1699 Christum
1024 1662 1151 1706 Petro,
1184 1674 1272 1699 eum
1304 1661 1420 1698 nimis
1455 1662 1624 1699 humano
1656 1662 1799 1700 affectu
1830 1668 1976 1700 eum‘a

233 1721 409 1770 passione
431 1721 628 1758 dehortari
651 1721 861 1766 niteretur,
893 1721 1037 1758 dixisse
1060 1734 1095 1758 v.
1122 1727 1194 1760 24:
1240 1720 1337 1757 Vade
1356 1725 1440 1768 post
1464 1734 1531 1770 me,
1556 1726 1723 1770 satanaj·
1753 1723 1977 1759 scandalum

234 1793 271 1818 es
293 1781 399 1827 mihi,
421 1781 513 1829 quia
535 1792 611 1817 non
631 1781 738 1828 sapis
760 1793 817 1826 ea,
851 1793 946 1829 quae
970 1780 1041 1816 Det
1059 1784 1160 1827 sunt,
1183 1780 1247 1816 sed
1270 1792 1313 1816 ea
1336 1792 1430 1829 quae
1453 1780 1661 1817 hominum.
1704 1780 1744 1817 Si
1770 1781 1853 1830 jam
1888 1781 1976 1829 quis

237 1841 408 1888 quaerat,
434 1851 560 1887 »quae
583 1838 636 1875 sit
656 1841 737 1876 tam
759 1840 964 1888 repentina
986 1838 1199 1883 conversio,
1223 1840 1270 1875 ut
1292 1843 1380 1887 post
1401 1842 1512 1875 tanta
1533 1839 1716 1888 praemia.
1741 1843 1896 1877 satanas
1910 1853 1976 1888 ap-

234 1898 463 1947 pelletur?«
487 1897 657 1935 sufficiat
678 1897 884 1947 responsio
906 1910 933 1935 s.
956 1897 1261 1946 Hieronymi
1285 1898 1321 1937 h.
1344 1897 1386 1934 in
1408 1898 1450 1935 l.:
1478 1924 1495 1942 »
1508 1898 1580 1935 Sed
1603 1898 1635 1935 si
1658 1899 1885 1945 consideret,
1909 1899 1981 1947 qui

236 1958 308 1995 hoc
328 1957 493 2005 quaerit,
520 1957 631 1993 Petro
655 1957 763 1994 illam
786 1957 1097 1994 benedictionem
1113 1960 1153 1994 et
1168 1956 1464 2001 beatitudinem,
1488 1970 1531 1994 ac
1545 1959 1793 2005 potestatem,
1816 1961 1855 1995 et
1871 1957 1977 1995 aedi·

235 2016 455 2054 ficationem
476 2028 594 2065 super
616 2028 706 2053 eum
728 2016 920 2053 Ecclesiae
944 2017 981 2053 in
1001 2016 1136 2063 ficturo
1154 2016 1402 2065 promissam,
1436 2028 1514 2053 non
1545 2016 1587 2053 in
1620 2017 1815 2065 praesenti
1849 2017 1979 2054 datam

236 2075 445 2124 intelliget.
487 2075 720 2123 AedificabO,
755 2075 899 2123 inquit,
924 2108 930 2115 .
955 2105 962 2112 .
987 2104 994 2111 .
1017 2075 1150 2113 omnia
1172 2075 1218 2112 de
1248 2074 1396 2112 futuro.
1440 2075 1546 2119 Quae
1577 2076 1609 2113 si
1641 2075 1776 2113 statim
1806 2075 1980 2113 dedisset

237 2135 284 2178 ei,
318 2147 520 2182 nunquam
553 2132 732 2187 (notetur
767 2134 859 2171 haec
880 2131 1025 2186 illatio)
1060 2135 1101 2171 in
1135 2146 1179 2171 eo
1212 2146 1353 2182 pravae
1388 2134 1584 2183 opinionis
1620 2147 1727 2172 error
1763 2135 1979 2172 invenisset

236 2194 406 2231 locum.«

355 2264 455 2305 346.
489 2260 586 2302 Jam
617 2260 798 2301 alterum
825 2260 1207 2302 demonstrandum
1238 2265 1313 2309 est,
1348 2261 1464 2301 hisce
1499 2261 1585 2301 scil.
1620 2259 1761 2301 verbis
1791 2261 1983 2313 promitti

243 2331 370 2372 Petro
396 2331 638 2383 primatum,
674 2335 716 2372 et
747 2331 916 2384 quidem
944 2331 1388 2384 jurisdictionis,
1423 2331 1466 2371 in
1497 2331 1813 2372 universam
1836 2331 1981 2372 Eccle-

243 2401 349 2442 siam
370 2401 413 2458 1).
458 2399 572 2442 Sane
607 2401 674 2442 hic
708 2413 850 2443 sermo
886 2407 950 2442 est
981 2402 1033 2443 de
1063 2402 1253 2443 Ecclesia
1278 2402 1489 2451 universa,
1524 2406 1570 2443 ut
1603 2397 1720 2454 patet
1753 2413 1805 2443 ex
1841 2401 1981 2442 verbis

239 2470 390 2513 Christi
419 2471 646 2513 Ecclesiam
671 2485 819 2526 meam,
853 2485 962 2525 quae
985 2472 1244 2525 amplissime
1266 2476 1434 2525 patent:
1466 2484 1602 2525 eaque
1624 2472 1803 2514 refertur
1826 2471 1881 2513 ad
1902 2471 1981 2513 Pe-

235 2579 306 2615 tur,
321 2576 624 2611 accommodavit.
642 2577 798 2611 Latinus
815 2577 998 2621 interpres
1013 2578 1157 2610 secutus
1172 2579 1230 2611 est
1243 2588 1426 2622 graecum.
1447 2577 1624 2621 Reliquae
1638 2578 1824 2612 versiones
1841 2577 1981 2611 habent

237 2630 434 2674 utrobique
452 2629 549 2664 idem
568 2641 724 2669 nomem
750 2630 805 2664 ita
825 2631 941 2664 versio
960 2640 1170 2672 armena,
1201 2629 1504 2674 aethiopica,
1531 2641 1582 2665 co
1597 2631 1742 2674 ptica‚
1769 2631 1980 2675 persica,

237 2683 509 2722 chaldaica,
529 2683 736 2728 syriaca,
758 2683 970 2719 arabica,
1000 2683 1198 2724 slavica,
1226 2683 1463 2728 evangelium
1491 2683 1766 2725 hebraeum,
1795 2685 1892 2728 quod
1913 2693 1979 2727 pro

237 2735 445 2781 originalis
461 2736 644 2771 Matthaei
659 2736 867 2770 venditavit
881 2735 1120 2770 Sebastianus
1134 2736 1172 2770 M
1183 2740 1205 2770 ii
1217 2748 1242 2770 n
1253 2749 1268 2770 s
1280 2739 1297 2769 t
1308 2747 1326 2770 e
1338 2748 1364 2773 1·,
1385 2736 1437 2771 ef.
1455 2736 1484 2770 V
1496 2737 1540 2770 al
1552 2748 1570 2770 e
1583 2738 1631 2770 nt
1642 2737 1653 2770 i
1665 2748 1687 2771 a
1700 2738 1738 2770 in
1750 2740 1782 2771 ⁶2.
1796 2741 1825 2771 2.
1840 2737 1935 2778 disp.
1948 2739 1980 2769 1.

237 2801 271 2833 q.
294 2794 322 2824 l.
340 2792 476 2834 puncto
494 2791 528 2824 7.
547 2801 582 2833 q.
603 2794 634 2823 5.
653 2791 670 2827 ἓ
688 2792 745 2829 28,
765 2789 828 2833 qui
847 2789 891 2823 ad
910 2800 986 2823 rem
1006 2789 1152 2823 scribit:
1173 2789 1234 2828 „Si
1254 2789 1421 2823 Christus
1442 2789 1614 2824 dixisset:
1651 2789 1707 2823 'l'u
1724 2802 1794 2823 nrm
1812 2801 1845 2823 es
1863 2791 1976 2833 petra,

241 2843 401 2886 superte
418 2853 490 2876 von
506 2843 694 2885 aedificabo
715 2841 913 2875 Ecclesiam
932 2852 1065 2882 meam,
1095 2852 1221 2876 omnes
1248 2842 1451 2876 clamarent
1476 2844 1604 2885 ‘negari
1634 2842 1771 2876 diserte
1790 2841 1888 2875 Petri
1907 2840 1976 2884 pri·

238 2898 391 2929 matum.
425 2895 515 2928 Cum
534 2905 620 2939 ergo
638 2895 720 2929 loco
741 2894 1038 2940 propositionum
1056 2895 1274 2939 negantium
1301 2895 1474 2940 legantur
1501 2894 1774 2939 propositiones
1793 2893 1978 2927 affirman-

238 2949 303 2989 tes,
323 2947 618 2981 concludendum
636 2950 701 2989 est,
721 2948 896 2982 affirmari
918 2948 1014 2982 Petri
1032 2949 1267 2992 primatum}

385 3002 409 3045 ¹)
428 2999 763 3035 Demonstrationis
782 3001 836 3035 vis
853 3013 928 3035 non
947 3001 1128 3035 minuitur
1146 3011 1199 3042 eo,
1218 3001 1317 3045 quod
1335 3001 1472 3035 locutio
1492 2999 1629 3034 Christi
1648 3000 1696 3034 sit
1714 2998 1980 3043 metaphorica.

238 3054 332 3088 Nam
350 3054 488 3088 locutio
506 3055 763 3099 metaphorica
780 3066 854 3090 non
873 3056 994 3089 minus
1011 3067 1124 3099 quam
1141 3055 1291 3100 propria
1308 3067 1374 3099 par
1397 3056 1452 3089 est
1475 3055 1696 3100 aperiendae
1722 3053 1979 3087 declarandae-

240 3119 310 3151 que
329 3107 483 3142 dicentis
501 3108 708 3142 sententiae
734 3114 948 3151 certumque
966 3106 1089 3142 fundit
1108 3119 1267 3149 sensum,
1286 3107 1486 3142 dummodo
1514 3109 1550 3141 et
1576 3105 1833 3140 translationis
1851 3105 1980 3139 funda-
