2175 3382
823 103 1039 138 exsistentia
1057 105 1094 138 et
1111 104 1313 139 auctoritas
1332 104 1409 138 Dei.
1895 111 1981 153 489

247 239 315 265 sus
339 226 648 276 supernaturalis
672 226 826 275 duplex,
852 226 990 264 saltem
1011 226 1239 264 virtualiter
1260 226 1483 273 distinctus,
1519 227 1558 264 in
1581 227 1742 265 eandem
1763 228 1981 275 veritatem,

246 299 350 335 quae
372 288 431 323 est
451 285 607 323 infinita
629 285 697 322 Dei
720 285 952 323 auctoritas:
977 286 1076 322 alter
1098 285 1257 333 quidem
1280 285 1353 334 ipsi
1375 285 1528 323 formali
1550 286 1653 323 actui
1674 286 1763 324 fidei
1779 287 1983 336 prioritate

249 347 414 382 naturae
437 344 771 393 praesuppositus,
806 357 882 392 quo
904 344 1137 381 adhaeretur
1159 345 1392 381 auctoritate
1415 345 1494 389 Dei,
1520 348 1715 393 quatenus
1747 348 1808 383 est
1837 347 1983 395 princi-

248 404 362 452 pium
383 404 472 441 fidei
493 417 562 453 per
583 415 622 440 se
644 403 773 452 ipsum
797 403 1102 451 apprehensum,
1126 404 1226 440 alter
1257 405 1317 440 est
1339 403 1420 452 ipse
1443 404 1616 441 formalis
1639 406 1749 442 actus
1773 405 1873 450 fidei,
1906 418 1983 455 quo

249 464 292 500 in
314 463 474 500 eandem
498 462 771 500 auctoritatem
794 462 1027 499 assentimur
1048 462 1120 499 sub
1143 462 1218 499 alia
1240 463 1400 507 ratione,
1435 464 1628 511 quatenus
1651 464 1729 500 scil.
1754 466 1815 501 est
1836 464 1982 502 veritas

247 523 420 559 revelata
441 522 607 569 ideoque
629 521 818 558 credenda
838 523 999 569 propter
1020 521 1297 559 auctoritatem
1331 521 1500 564 aliunde,
1535 522 1558 558 i.
1581 535 1611 559 e.
1635 522 1869 569 immediate,
1894 536 1982 573 cog-

247 581 375 618 nitam
397 581 467 618 Dei
489 580 710 618 revelantis.
753 580 858 617 Neve
881 577 924 619 3.
949 580 1166 628 objiciatur,
1191 581 1361 618 otiosum
1382 580 1506 618 videri
1528 581 1643 617 illum
1665 594 1862 619 assensum
1879 582 1980 628 fidei,

249 639 319 689 qui
342 639 432 677 elici
455 652 533 677 non
554 639 681 688 possit
702 638 781 676 nisi
802 639 1052 687 praelucente
1075 639 1298 689 cognitione
1331 652 1452 688 eaque
1485 641 1777 688 supernaturali
1808 641 1982 689 ejusdem

248 699 439 744 veritatis,
473 711 571 747 quae
594 698 784 735 credenda
805 698 1057 747 proponitur:
1096 699 1411 747 quandoquidem
1435 699 1590 736 inutilis
1611 699 1785 748 profecto
1816 712 1893 737 non
1924 702 1984 737 est

248 758 464 795 censendus
487 758 554 795 ille
577 759 694 801 actus
731 769 807 805 quo
830 760 1007 794 creatura
1029 758 1233 795 rationalis
1255 759 1456 795 absolutae
1480 770 1570 808 erga
1592 759 1713 796 Deum
1745 759 1983 796 revelantem

251 817 523 854 submissionis
537 816 662 854 officio
678 816 877 853 satisfacit.
902 816 1091 854 Similiter
1103 817 1219 854 etiam
1232 817 1376 854 factum
1390 817 1641 855 revelationis
1653 818 1808 855 divinae
1821 818 1894 855 sub
1906 831 1984 855 una

246 876 408 921 ratione,
433 877 630 925 quatenus
655 875 824 912 alterum
846 880 907 912 est
929 875 1021 913 fidei
1042 876 1279 925 principium
1295 874 1375 928 (vel
1390 877 1528 913 saltem
1545 877 1717 914 conditio
1732 877 1778 915 cf.
1793 890 1830 916 n.
1848 875 1982 929 458³),

246 935 496 984 cognoscitur
527 935 878 984 supernaturaliter
908 935 1076 983 quidem,
1113 935 1180 972 sed
1211 948 1256 972 ex
1290 936 1509 973 rationibus
1544 936 1721 982 internis,
1758 936 1868 973 factis
1902 936 1983 977 scil.

250 994 617 1043 supernaturalibus
640 994 757 1031 simul
780 1005 867 1031 cum
889 994 1021 1031 verbis
1043 1007 1162 1031 unam
1186 995 1255 1031 Dei
1276 995 1514 1032 locutionem
1537 995 1884 1043 componentibus3
1909 995 1982 1032 sub

246 1053 327 1090 alia
347 1065 439 1091 vero
461 1053 625 1097 ratione,
658 1055 855 1101 quatenus
889 1055 979 1090 actu
1010 1054 1146 1090 saltem
1179 1055 1348 1092 exercito
1380 1054 1630 1091 revelationis
1662 1055 1807 1091 factum
1838 1055 1982 1092 veritas

249 1114 309 1150 est
330 1112 510 1157 revelata,
533 1112 687 1149 formali
709 1112 800 1149 fidei
821 1125 984 1149 assensu
1006 1116 1166 1161 propter
1187 1113 1399 1151 revelantis
1416 1114 1486 1151 Dei
1508 1114 1782 1151 auctoritatem
1798 1114 1982 1150 creditur.

368 1172 447 1208 Nec
470 1172 600 1208 minus
623 1184 667 1208 ex
690 1171 749 1208 his
771 1172 910 1219 liquet,
934 1172 1126 1220 quomodo
1149 1172 1235 1221 ipsa
1258 1172 1326 1209 Dei
1349 1173 1589 1218 exsistentia,
1615 1173 1791 1221 quamvis
1813 1173 1855 1210 in
1880 1173 1983 1210 facto

248 1230 442 1279 objectivo
465 1230 716 1268 revelationis
740 1230 882 1267 divinis
908 1230 1191 1268 characteribus
1226 1235 1385 1269 ornatae
1403 1233 1485 1281 jam
1507 1231 1721 1278 intellecta,
1754 1232 1919 1280 ideoque
1942 1233 1984 1268 in

248 1302 411 1327 assensu
433 1289 549 1327 fidem
570 1292 733 1327 naturae
754 1289 959 1338 prioritate
991 1291 1245 1339 praecedente
1279 1291 1467 1339 implicite
1493 1292 1573 1340 jam
1605 1291 1808 1336 affirmata,
1841 1291 1982 1328 nihilo-

249 1349 382 1386 minus
405 1349 523 1386 etiam
546 1352 636 1386 actu
657 1349 747 1386 fidei
769 1349 944 1386 formalis
965 1352 1125 1398 propter
1158 1350 1374 1388 revelantis
1398 1351 1468 1387 Dei
1498 1351 1772 1388 auctoritatem
1804 1350 1983 1399 explicite

246 1408 352 1445 credi
374 1408 501 1457 possit
523 1408 695 1457 adeoque
718 1410 757 1445 et
779 1408 936 1453 debeat3
971 1411 1029 1446 est
1061 1409 1165 1445 enim
1188 1410 1257 1446 Dei
1280 1410 1506 1447 exsistentia
1527 1410 1643 1447 etiam
1667 1423 1746 1447 una
1776 1410 1907 1458 aliqua
1938 1422 1983 1446 ex

247 1467 483 1505 veritatibus
505 1480 526 1504 a
548 1468 625 1505 Deo
648 1467 852 1505 revelatis:
885 1468 1056 1505 revelata
1078 1470 1136 1505 est
1158 1468 1325 1506 exercite
1357 1469 1397 1506 in
1420 1470 1557 1517 quavis
1580 1469 1838 1513 revelatione3
1871 1481 1980 1506 reve-

248 1527 327 1563 lata
349 1528 409 1564 est
429 1526 593 1575 insuper
614 1526 806 1575 explicite,
830 1528 876 1563 ut
898 1528 1050 1564 constat
1072 1528 1134 1564 vel
1157 1540 1200 1564 ex
1224 1528 1293 1565 illo
1316 1528 1496 1577 Apostoli
1518 1528 1564 1565 ad
1587 1528 1703 1565 Hebr.
1734 1536 1795 1574 11,
1823 1535 1868 1568 6:
1893 1528 1982 1565 Sine

243 1586 320 1634 fide
340 1590 467 1623 autem
487 1586 715 1634 impossibile
728 1591 780 1623 est
795 1583 1053 1634 placere²De0.
1090 1586 1249 1624 Credere
1263 1589 1362 1624 enim
1376 1592 1519 1636 oportet
1533 1589 1763 1625 accedentem
1780 1586 1832 1625 ad
1844 1587 1981 1635 Deam,

247 1646 338 1694 quia
359 1650 422 1694 est,
447 1642 504 1685 ὅτι
526 1643 617 1685 ἐστί.
649 1645 787 1690 Itaque
809 1645 981 1694 exigitur
1002 1646 1049 1682 ab
1072 1647 1259 1694 Apostolo
1282 1646 1376 1684 fides
1398 1647 1440 1684 in
1462 1647 1585 1695 ipsam
1608 1647 1676 1684 Dei
1711 1646 1982 1683 exsistentiam

246 1716 326 1741 non
347 1704 476 1741 minus
499 1717 615 1752 quam
639 1704 680 1740 in
702 1704 752 1749 id,
786 1704 891 1752 quod
913 1717 981 1753 per
1002 1705 1236 1753 particulam
1251 1711 1291 1742 «et
1314 1707 1542 1755 subjicitur:
1575 1711 1608 1742 et
1631 1703 1645 1758 (
1648 1702 1756 1758 quia)
1788 1707 1980 1755 inquiren-

248 1763 345 1800 tibus
366 1776 404 1800 se
424 1768 688 1801 remunerator
719 1765 779 1800 sit.
821 1764 947 1811 Atqui
978 1776 1022 1800 ex
1054 1777 1133 1801 una
1162 1767 1283 1813 parte,
1315 1767 1487 1802 testante
1519 1765 1682 1802 concilio
1712 1765 1802 1802 trid.
1839 1777 1929 1802 sess.
1957 1771 1977 1805 6

247 1834 327 1871 cap.
353 1829 388 1864 6.
414 1823 483 1860 hoc
504 1823 587 1860 loco
610 1822 656 1860 de
680 1835 722 1859 ea
744 1822 818 1859 fide
842 1822 983 1872 agitur,
1022 1836 1119 1870 quae
1142 1828 1200 1860 est
1221 1824 1329 1861 radix
1351 1826 1389 1861 et
1412 1825 1713 1862 fundamentum
1729 1824 1980 1872 justificatio-

244 1880 328 1926 nis;
362 1881 417 1918 ait
439 1882 543 1918 enim
566 1882 794 1919 concilium:
828 1883 911 1926 „De
934 1883 1003 1919 hac
1026 1882 1282 1931 dispositione
1315 1881 1380 1934 (ad
1402 1884 1522 1933 ipsam
1542 1879 1760 1935 justitiam)
1793 1884 1982 1932 scriptum

243 1942 324 1977 est:
348 1941 590 1978 Accedentem
612 1942 663 1978 ad
685 1941 809 1978 Deum
833 1946 975 1990 oportet
996 1943 1146 1978 credere
1168 1943 1259 1991 quia
1281 1948 1344 1988 est,
1381 1948 1413 1980 et
1435 1944 1533 1992 quod
1554 1943 1832 1992 inquirentibus
1853 1955 1892 1980 se
1922 1955 1982 1979 re-

245 2005 470 2037 munerator
490 2002 537 2037 sit
546 2005 588 2048 ,·«
623 2013 666 2037 ex
689 2001 813 2037 altera
835 2003 967 2038 autem
997 2003 1107 2049 parte
1140 2001 1234 2038 fides
1267 2001 1475 2051 disponens
1497 2003 1543 2039 ad
1561 2002 1881 2051 justificationem
1903 2013 1983 2038 non

244 2060 304 2096 est
339 2058 434 2096 fides
457 2060 535 2096 late
567 2059 681 2104 dicta,
715 2060 778 2097 sed
810 2060 916 2103 fides,
950 2060 1061 2108 cujus
1092 2060 1284 2098 motivum
1317 2064 1374 2098 est
1404 2061 1618 2099 auctoritas
1650 2062 1718 2098 Dei
1752 2061 1982 2105 revelantis3

244 2117 335 2155 hinc
357 2120 414 2155 est
435 2118 652 2168 proscripta
674 2118 720 2155 ab
743 2119 1051 2156 Innocentio
1074 2120 1137 2156 XI.
1170 2120 1261 2157 haec
1282 2132 1390 2169 prop.
1417 2127 1490 2161 23:
1524 2120 1666 2165 „Fides
1689 2120 1766 2157 late
1789 2120 1903 2164 dicta,
1937 2132 1984 2157 ex

242 2177 471 2215 testimonio
494 2179 761 2216 creaturarum
785 2178 952 2215 similive
975 2178 1131 2223 motivo,
1154 2179 1201 2215 ad
1214 2179 1535 2228 justificationem
1551 2179 1704 2216 sufficit.
1719 2184 1736 2202 «
1771 2179 1873 2228 Ergo
1888 2178 1984 2216 fides

245 2237 482 2284 praestanda
504 2237 545 2274 in
568 2237 638 2274 Dei
660 2237 933 2274 exsistentiam
949 2240 1007 2275 est
1021 2237 1195 2275 formalis
1210 2241 1370 2287 propter
1383 2239 1656 2276 auctoritatem
1674 2238 1742 2275 Dei
1758 2238 1983 2275 revelantis.

246 2295 356 2332 Unde
379 2298 437 2332 est
458 2296 574 2333 etiam
598 2296 750 2344 primus
773 2296 861 2333 fidei
884 2297 1095 2334 articulus:
1130 2297 1263 2342 ,Credo
1286 2297 1326 2334 in
1349 2298 1498 2344 Βθιιῑη,ί
1532 2298 1676 2346 quibus
1700 2297 1829 2335 verbis
1851 2297 1984 2334 fideles

245 2353 363 2391 fidem
386 2354 427 2391 in
449 2355 519 2392 Dei
544 2355 810 2392 exsistentiam
842 2356 1056 2393 intendunt
1087 2356 1274 2404 profiteri.
1320 2357 1371 2394 Cf.
1393 2357 1670 2394 Franzelin
1692 2357 1732 2393 in
1755 2370 1842 2406 app.
1865 2357 1910 2393 ad
1934 2359 1982 2397 tr.

248 2413 294 2449 de
316 2413 414 2450 trad.
437 2426 467 2451 c.
497 2422 508 2454 1
530 2428 537 2457 ;
562 2414 608 2450 de
630 2414 710 2451 Deo
734 2427 812 2452 uno
834 2415 889 2452 th.
915 2421 949 2454 9.

361 2483 459 2524 474·
482 2482 650 2524 TthiS
674 2481 898 2525 LXXXI·
924 2497 1115 2538 Coynita
1137 2497 1241 2539 jam
1269 2498 1566 2532 revelationis
1597 2499 1885 2538 exsistentia,
1910 2500 1983 2532 in-

241 2557 432 2589 notescit
458 2556 637 2590 homini
663 2556 884 2598 officium,
911 2558 1051 2591 etiam
1088 2558 1362 2592 revelationi
1398 2558 1487 2592 sibi
1515 2558 1670 2598 factae
1697 2559 1982 2592 assentiendo·

243 2623 324 2648 seu
351 2616 569 2650 credendi
595 2618 636 2649 et
663 2616 848 2658 quidem
875 2625 1068 2650 assensu
1094 2617 1195 2659 tali,
1223 2618 1304 2659 qui
1330 2618 1389 2651 sit
1413 2626 1554 2658 super
1580 2618 1741 2651 omnia
1769 2620 1810 2650 et
1836 2618 1979 2660 quod-

242 2675 313 2708 vis
338 2675 534 2709 dubium
561 2674 871 2708 deliberatum
897 2675 1129 2710 eoa-cludat.

363 2731 726 2775 Demonstratio
749 2745 795 2786 p.
820 2733 861 2774 Ι.
886 2730 1064 2784 Cognita
1084 2732 1355 2773 revelationis
1377 2733 1625 2774 exsistentia
1646 2732 1807 2773 homini
1830 2736 1983 2784 sponte

247 2814 326 2843 sua
361 2814 436 2843 seu
466 2802 643 2843 rationis
666 2802 823 2843 lumine
848 2803 1002 2857 (gratia
1023 2803 1314 2844 illustrationis
1338 2803 1495 2856 adjuto,
1526 2804 1560 2844 si
1591 2803 1728 2856 agitur
1758 2803 1809 2843 de
1841 2803 1983 2853 genesi

248 2872 345 2913 fidei
367 2872 581 2928 salutaris)
605 2872 873 2913 innotescere
897 2872 1091 2921 officium,
1115 2886 1198 2926 quo
1219 2872 1491 2926 obstringitur
1504 2872 1753 2914 revelationi
1775 2873 1854 2914 sibi
1878 2873 1982 2913 divi-

249 2943 363 2983 nitus
384 2942 523 2983 factae
546 2943 756 2990 credendi,
778 2943 943 2984 videtur
964 2955 1039 2996 per
1061 2955 1106 2984 se
1130 2944 1302 2985 evidens
1321 2945 1364 3000 1).
1407 2943 1451 2985 Si
1473 2945 1586 2985 enim

393 3037 417 3080 ¹)
434 3036 548 3070 Nullo
567 3037 665 3070 enim
683 3037 793 3080 pacto
808 3036 957 3081 probari
974 3039 1128 3081 possunt
1146 3048 1240 3082 quae
1258 3039 1387 3073 scribit
1406 3039 1437 3072 H
1449 3049 1467 3072 e
1479 3050 1541 3072 rm
1554 3048 1598 3071 es
1617 3037 1752 3081 philos.
1767 3035 1982 3081 Einleitung

245 3101 283 3133 p.
304 3091 372 3123 558
389 3089 650 3134 philosophum
669 3101 734 3135 pei·
752 3101 789 3124 se
807 3101 883 3123 non
902 3090 1060 3135 obligari
1078 3090 1125 3125 ad
1143 3092 1364 3127 credendum
1382 3091 1456 3125 Deo
1485 3091 1676 3131 revelanti,
1704 3091 1800 3124 denn
1828 3101 1865 3124 er
1882 3090 1982 3124 kann
