2175 3382
273 158 360 197 430
472 150 593 183 'Fi-act.
613 149 671 182 111.
692 150 736 183 de
754 149 929 193 primatu.
948 149 1075 182 Thesis
1093 148 1249 182 Lxxlx.
1269 159 1312 182 ex
1330 148 1604 182 definitionibus
1624 129 1804 182 Ecclesiae

277 271 533 312 christianae
557 268 769 320 religionis
801 268 854 308 sit
885 267 1087 315 soliditas,
1120 268 1177 307 ita
1209 266 1457 307 cathedram
1482 265 1594 307 Petri
1617 266 1858 317 firmaverit,
1889 273 1935 309 ut
1966 269 2008 310 in

274 353 327 383 ea
359 347 399 382 et
431 352 505 392 per
537 352 630 380 eam
658 350 826 391 semper
848 338 1121 379 immaculata
1144 342 1335 378 servetur
1357 337 1513 389 religio.
1557 336 1662 378 Hinc
1696 351 1736 381 c.
1773 339 2007 393 practicum

275 412 450 452 infertur
482 409 864 456 corollarium,
897 408 1134 448 dissensum
1167 420 1192 448 a
1223 408 1324 448 sede
1355 407 1590 459 apostolica
1622 407 1819 450 divellere
1841 421 1867 450 a
1890 421 2008 451 com-

275 482 476 523 munione
493 480 705 521 Ecclesiae
721 479 968 527 catholicae,
991 483 1031 519 et
1054 490 1106 519 ne
1129 490 1154 518 a
1178 489 1278 518 vera
1294 477 1540 519 excidamus
1556 477 1647 526 side,
1663 480 2008 522 communionem

275 566 372 595 cam
405 552 507 594 sede
539 551 774 604 apostolica
806 561 899 591 esse
931 549 1187 590 servandam
1211 551 1267 605 (n.
1294 550 1406 604 3307).
1450 546 1611 600 Quibus
1638 548 1792 601 dogma
1814 555 2008 592 nostrum

276 623 519 677 plenissime
542 623 790 663 continetur.

395 708 436 750 2.
466 704 764 757 „Approbante
797 715 910 752 vero,
944 704 1003 743 ita
1033 703 1302 755 prosequitur
1329 714 1446 746 conc.
1470 703 1595 746 vatic.
1615 702 1639 743 l.
1662 716 1696 747 c.
1720 708 1816 756 post
1837 704 2010 746 allatam

275 777 501 819 formulam
525 774 787 823 Hormisdae,
810 773 1145 826 lugdunensi
1167 773 1346 814 concilio
1370 773 1412 817 Il.
1437 775 1490 829 (a.
1517 775 1647 830 1274)
1671 775 1813 827 graeci
1834 775 2012 828 professi

276 854 394 890 sunt:
436 847 662 899 „Sanctam
686 858 910 887 romanam
934 845 1166 887 Ecclesiam
1190 859 1403 890 summum
1435 851 1477 888 et
1507 847 1678 899 plenum
1710 847 1938 899 primatum
1970 844 2034 889 et'

277 920 560 973 principatum
582 929 710 970 super
730 918 974 958 universam
989 917 1221 958 Ecclesiam
1236 917 1490 959 catholicam
1514 917 1717 967 obtinere,
1739 930 1866 971 quem
1888 930 1934 960 se
1956 918 2011 960 ab

277 992 368 1044 ipso
391 989 572 1030 Domino
607 989 649 1029 in
680 988 718 1032 b.
741 988 867 1029 Petro
890 988 1181 1041 apostolorum
1205 988 1393 1041 principe
1415 990 1503 1030 sive
1526 989 1694 1038 vertice,
1727 989 1845 1042 cujus
1867 1001 2011 1031 roma-

276 1074 356 1102 nus
379 1059 565 1113 pontifex
590 1064 654 1101 est
675 1071 907 1108 successor,
931 1071 1028 1100 cum
1050 1059 1274 1112 potestatis
1294 1059 1555 1112 plenitudine
1570 1060 1782 1112 recepisse
1803 1061 2014 1103 veraciter

278 1138 319 1174 et
340 1132 555 1173 humiliter
577 1132 865 1184 recognoscit3
893 1137 935 1173 et
956 1132 1064 1173 sicut
1085 1144 1188 1184 prae
1210 1133 1362 1173 ceteris
1384 1136 1552 1174 tenetur
1572 1132 1669 1174 fidei
1692 1132 1915 1173 veritatem
1937 1131 2012 1173 de-

278 1204 461 1251 fendere,
495 1204 555 1243 sic
579 1207 632 1252 et,
665 1204 700 1243 si
723 1214 832 1255 quae
855 1201 906 1243 de
930 1202 1009 1242 fide
1032 1202 1234 1243 subortae
1257 1202 1410 1244 fuerint
1432 1203 1715 1256 quaestiones,
1748 1214 1826 1244 suo
1858 1201 2014 1244 debent

271 1275 431 1328 Judicio
466 1273 663 1316 definiri.“
715 1272 876 1324 Quibus
912 1272 1134 1314 exhibetur
1167 1285 1370 1314 romanus
1406 1273 1593 1326 pontifex
1625 1274 2013 1315 controversiarum

271 1346 403 1399 Judex
426 1349 467 1386 et
490 1344 658 1398 quidem
682 1355 988 1396 supremus,
1011 1345 1082 1398 qui
1099 1345 1258 1397 judicio
1281 1357 1368 1386 non
1391 1356 1645 1398 quocunque
1667 1344 1743 1386 sed
1764 1355 2013 1397 peremp-

278 1418 423 1458 torio
447 1415 544 1456 fidei
566 1415 837 1468 quaestiones
852 1415 1032 1456 dirimat.
1065 1415 1278 1457 Tribuitur
1301 1416 1414 1457 enim
1436 1416 1516 1468 ipsi
1537 1416 1762 1469 potestatis
1784 1414 2014 1468 plenitudo,

277 1488 507 1539 statimque
526 1485 745 1538 subjicitur
767 1486 892 1539 hujus
914 1487 1136 1539 potestatis
1159 1499 1289 1527 unum
1313 1498 1365 1528 ex
1387 1487 1575 1539 pluribus
1599 1499 1765 1536 munus,
1788 1485 2013 1527 defendere

279 1559 502 1599 veritatem
526 1562 652 1610 atque
674 1557 831 1597 idcirco
856 1557 1029 1598 definire
1044 1557 1316 1609 quaestiones
1337 1557 1444 1598 fidei.
1476 1557 1583 1610 Ergo
1607 1562 1648 1598 et
1669 1558 1712 1598 in
1733 1557 1816 1598 hoc
1837 1567 2014 1598 munere

279 1629 583 1682 plenitudinem
606 1627 838 1680 possidebit
857 1628 1102 1680 potestatis:
1119 1628 1248 1680 judex
1272 1640 1384 1680 ergo,
1407 1628 1477 1681 qui
1499 1627 1676 1680 pleniori
1698 1631 1909 1680 potestate
1930 1628 2014 1669 hoc

279 1712 456 1741 munere
478 1699 684 1752 fungatur,
716 1700 760 1740 in
790 1699 977 1740 Ecclesia
1010 1711 1096 1740 non
1128 1703 1201 1740 est.
1245 1698 1514 1751 Quapropter
1545 1699 1674 1739 etiam
1696 1710 1941 1750 supremum
1972 1701 2015 1739 et

280 1771 613 1824 peremptorium
635 1771 714 1811 erit
737 1770 826 1823 ejus
845 1770 1063 1822 judicium,
1096 1782 1121 1811 a
1144 1782 1226 1822 quo
1250 1782 1337 1811 non
1359 1769 1484 1810 datur
1506 1769 1745 1822 appellatio,
1768 1781 1867 1821 ergo
1890 1767 2014 1810 infal-

277 1842 390 1884 libile
414 1841 480 1896 (cf.
503 1855 541 1886 n.
566 1843 680 1897 340).

399 1929 525 1966 Verba
547 1927 788 1965 definitionis
811 1927 1070 1976 lugdunensis
1092 1927 1204 1975 quasi
1235 1927 1276 1963 in
1298 1929 1541 1963 antecessum
1563 1928 1829 1963 commentans
1851 1938 1880 1962 s.
1902 1926 2014 1963 Ber-

278 1988 471 2025 nardus
503 1987 638 2025 scribit
668 1987 709 2023 in
738 1986 858 2036 praef.
887 1998 944 2034 ep.
983 1993 1060 2026 190
1096 1998 1165 2023 seu
1196 1997 1256 2034 op.
1278 1985 1332 2022 XI
1362 1985 1403 2021 in
1435 1997 1549 2023 causa
1579 1984 1789 2022 Abaelardi
1818 1984 1866 2022 ad
1896 1983 2014 2022 Inno-

280 2048 453 2084 centium
468 2047 523 2083 11:
542 2073 558 2090 ,
571 2047 733 2095 Oportet
755 2046 801 2082 ad
823 2048 999 2083 vestrum
1020 2045 1157 2082 referri
1181 2045 1443 2093 apostolatum
1463 2044 1638 2093 pericula
1659 2056 1837 2092 quaeque
1851 2046 1891 2081 et
1905 2056 2013 2081 scan-

280 2107 367 2143 dala
389 2106 630 2155 emergentia
651 2105 692 2142 in
713 2117 832 2154 regno
854 2105 925 2141 Dei
947 2106 986 2141 et
1006 2104 1248 2153 praesertim,
1275 2116 1372 2151 quae
1395 2103 1442 2140 de
1464 2103 1538 2140 fide
1561 2103 1808 2152 contingunt.
1839 2103 2014 2153 Dignum

280 2178 449 2213 namque
481 2165 660 2210 arbitror,
693 2164 749 2201 ibi
780 2163 1028 2213 potissimum
1059 2163 1235 2200 resarciri
1267 2163 1407 2199 damna
1435 2162 1535 2207 fidei,
1567 2162 1637 2199 ubi
1668 2175 1747 2200 non
1774 2161 1902 2210 possit
1922 2162 2015 2199 fides

281 2225 428 2262 sentire
452 2224 658 2261 defectum.
700 2224 804 2261 Haec
835 2223 981 2271 quippe
1007 2223 1125 2271 hujus
1147 2222 1416 2271 praerogativa
1438 2221 1551 2258 sedis.
1594 2221 1664 2258 Cui
1685 2221 1787 2258 enim
1809 2221 1923 2258 alteri
1943 2220 2015 2258 ali-

279 2283 435 2332 quando
458 2283 609 2320 dictum
631 2284 709 2320 est:
753 2283 834 2330 Eoo
856 2283 986 2330 royavz'
1002 2294 1078 2329 pro
1100 2286 1145 2329 te,
1169 2282 1289 2330 Petre,
1324 2286 1364 2317 ut
1395 2292 1468 2317 non
1491 2281 1639 2328 deficiat
1660 2281 1754 2328 fides
1774 2285 1841 2317 tua
1855 2279 1874 2317 ‚9
1911 2280 2014 2330 Ergo

280 2343 384 2390 quod
407 2342 601 2391 sequitur,
624 2355 645 2378 a
668 2353 884 2378 successore
907 2341 1015 2378 Petri
1037 2341 1226 2390 exigitur:
1253 2340 1301 2377 Et
1323 2345 1362 2377 tu
1385 2341 1592 2389 aliquando
1614 2351 1812 2377 conversus
1831 2340 2016 2387 confirma

278 2403 422 2449 fratres
446 2406 528 2438 tuos
551 2401 658 2453 (Luc.
685 2407 748 2445 22,
776 2397 845 2452 32)
869 2430 876 2437 .
901 2430 908 2437 .
933 2429 940 2436 .
972 2400 1018 2436 In
1040 2411 1083 2437 eo
1106 2400 1220 2448 plane
1242 2399 1350 2436 Petri
1371 2399 1543 2448 impletis
1564 2398 1702 2443 vicem,
1737 2399 1849 2447 cujus
1870 2398 2014 2436 tenetis

280 2464 319 2498 et
343 2461 484 2504 sedem,
510 2460 541 2497 si
563 2462 693 2497 vestra
717 2459 982 2497 admonitione
1005 2458 1120 2496 corda
1141 2459 1182 2495 in
1204 2458 1279 2495 fide
1301 2458 1536 2495 fluctuantia
1558 2457 1806 2502 confirmatis,
1830 2457 1864 2495 si
1884 2459 2016 2495 vestra

279 2520 512 2556 auctoritate
536 2519 739 2556 conteritis
761 2519 850 2555 fidei
874 2520 1160 2566 corruptores«
1205 2517 1257 2555 Cf.
1280 2518 1398 2555 verba
1418 2518 1509 2555 Pos
1522 2529 1537 2554 s
1550 2529 1570 2554 e
1583 2529 1600 2553 s
1613 2529 1630 2554 s
1643 2516 1747 2554 oris
1768 2529 1806 2553 n.
1830 2522 1925 2557 372.

399 2611 439 2653 3.
463 2609 675 2650 Provocat
705 2610 829 2650 tertio
860 2609 955 2650 loco
988 2621 1106 2650 conc.
1138 2609 1381 2649 vaticanum
1415 2608 1468 2648 ad
1500 2607 1651 2660 synodi
1673 2607 2014 2648 florentinae

282 2679 586 2728 definitionem,
619 2692 701 2732 qua
733 2679 947 2720 definitur:
986 2679 1257 2730 „Pontificem
1287 2691 1514 2719 romanum
1544 2690 1691 2718 verum
1715 2676 1869 2719 Christi
1900 2679 2014 2719 vica-

280 2751 391 2791 rium
415 2750 628 2802 totiusque
643 2749 855 2791 Ecclesiae
879 2755 1006 2803 caput
1028 2755 1069 2791 et
1091 2750 1279 2791 omnium
1303 2749 1630 2790 christianorum
1652 2753 1816 2801 patrem
1839 2761 1890 2790 ac
1912 2749 2013 2791 doc-

278 2826 416 2862 torem
440 2821 664 2869 exsistere3
696 2826 736 2861 et
758 2821 836 2873 ipsi
858 2822 900 2861 in
922 2820 960 2864 b.
984 2820 1110 2861 Petro
1134 2820 1347 2873 pascendi,
1369 2819 1542 2872 regendi
1564 2831 1615 2860 ac
1637 2819 1899 2870 gubernandi
1920 2820 2014 2861 uni-

280 2891 490 2933 versalem
506 2890 735 2932 Ecclesiam
759 2905 783 2933 a
805 2892 849 2934 D.
873 2891 920 2933 N.
944 2892 977 2934 J.
1000 2892 1165 2933 Christo
1188 2892 1357 2945 plenam
1380 2895 1633 2944 potestatem
1657 2891 1857 2932 traditam
1879 2897 2007 2935 esse.“

279 2963 386 3004 Cum
410 2964 453 3004 in
475 2967 686 3015 potestate
709 2964 921 3015 pascendi,
944 2963 1116 3015 regendi
1138 2976 1188 3004 ac
1211 2963 1474 3015 gubernandi
1495 2967 1685 3015 potestas
1708 2962 1888 3003 docendi
1909 2974 2013 3015 quo-

280 3046 361 3087 que
383 3033 633 3082 includatur,
661 3033 850 3086 profecto
883 3039 924 3075 et
955 3035 1063 3075 haec
1085 3034 1249 3086 plena
1272 3035 1360 3076 erit.
1402 3033 1530 3087 Atqui
1551 3033 1677 3086 plena
1698 3045 1785 3074 non
1807 3032 1915 3074 foret
1936 3032 2013 3074 do-

279 3105 403 3145 cendi
424 3108 614 3157 potestas
636 3105 803 3145 romani
824 3104 1047 3157 pontificis,
1081 3106 1116 3145 si
1149 3105 1305 3158 aliquid
1330 3104 1593 3145 certitudinis
1624 3109 1666 3145 et
1698 3104 1943 3145 authentiae
1975 3103 2015 3144 ei

2159 2144 2175 2203 «σιὰ.

2164 2335 2175 2360 v*
2168 2322 2175 2326 v
2159 2215 2175 2305 *ht-*1⁴9
