2175 3382
298 134 321 163 ,ς
818 124 1093 167 prolegomena.
1110 125 1330 170 'l'heologiac
1346 127 1510 171 partitio,

298 243 498 295 mysteria
529 243 696 283 «livinae
728 255 831 284 suae
862 244 1097 296 sapientiae
1123 244 1348 287 abscondit
1370 246 1455 287 alta
1477 247 1739 300 sapientibus
1762 254 1803 290 et
1824 249 2030 302 superbis,

296 325 430 365 eaque
455 313 613 353 revelat
635 313 820 365 parvulis
842 315 865 357 i.
881 326 915 355 e.
931 315 1179 364 humilibus;
1202 317 1383 370 denique
1406 319 1620 371 puritas
1644 320 1783 361 cordis
1797 321 2030 363 secundum

296 383 364 422 illa
392 381 544 424 Christi
576 383 727 424 verba:
761 383 886 425 Beati
921 386 1072 426 mundo
1104 387 1237 441 corde,
1269 389 1465 442 (liconiam
1500 391 1579 444 ipsi
1613 390 1746 431 Deum
1778 392 1970 434 ridebunt
1991 394 2032 448 ¹).

296 457 414 503 Quae
448 453 588 494 cordis
623 455 715 506 puri
746 456 980 497 necessitas
1012 457 1125 498 haud
1157 458 1300 511 inepta
1322 459 1553 501 illustratur
1575 461 1783 513 analogia,
1805 463 1915 504 oculi
1945 463 2032 507 scil.

296 524 498 576 corporis,
530 525 601 577 qui
624 525 689 566 vel
721 537 872 578 parum
904 527 1075 579 pulvere
1108 528 1351 581 inquinatus
1387 530 1500 572 clare
1522 531 1665 573 videre
1689 533 1843 586 nequit.
1885 532 2031 588 Neque

295 594 460 643 mirum,
483 595 697 648 theologia
721 597 833 637 enim
857 609 952 638 cum
977 598 1184 640 altissima
1207 601 1409 653 mysteria
1430 602 1679 654 speculetur,
1703 604 1893 645 animum
1907 605 2033 657 exigit

294 664 496 706 innubem
528 671 568 707 et
591 678 801 716 serenum,
828 667 1008 721 ideoque
1030 669 1211 710 liberum
1234 683 1259 711 a
1282 672 1529 723 passionum
1554 673 1816 726 abJectarum
1838 675 2031 725 tumultu,

294 747 399 788 quas
423 737 464 777 In
488 737 633 789 primis
655 738 824 779 cohibet
847 743 974 793 atque
998 741 1239 793 comprimit
1261 742 1400 783 cordis
1423 744 1595 794 puritas.

411 806 509 851 VIII.
532 807 626 849 Jam
651 809 707 849 ad
730 810 871 850 rai-ias
893 810 1117 864 theoloyiae
1135 813 1386 865 partitiones
1408 814 1676 857 accedamus.
1703 816 1934 870 Theologia
1956 822 2031 866 est,

294 882 339 917 ut
361 877 553 926 diximus,
587 881 835 932 acceptione
858 881 1082 934 vulgatiori
1105 883 1283 924 scientia
1306 883 1413 934 fidei,
1445 885 1510 925 vel
1532 885 1668 927 laxius
1691 887 1818 928 etiam
1841 892 2031 940 accepta,

293 948 470 990 scientia
492 950 763 992 revelationis
785 964 861 993 seu
885 964 1045 1003 eorum,
1068 965 1177 1005 quae
1199 954 1460 996 revelatione
1483 957 1764 998 continentur.
1791 957 2029 1012 Antequam

293 1030 394 1060 vero
417 1021 608 1073 singulae
636 1023 907 1065 revelati0nis
931 1024 1131 1066 veritates
1153 1026 1242 1066 sive
1266 1025 1467 1079 dogmata
1490 1027 1823 1076 considerentur,
1854 1040 2030 1071 necesse

293 1094 368 1140 est,
391 1096 436 1132 ut
457 1092 678 1145 theologus
693 1096 964 1147 quaesti0nes
979 1096 1187 1149 quasdam
1201 1099 1336 1150 magis
1358 1111 1382 1150 g
1395 1110 1417 1139 e
1429 1111 1457 1139 n
1469 1110 1491 1139 e
1503 1111 1523 1139 r
1534 1099 1583 1140 al
1595 1111 1618 1140 e
1630 1112 1650 1140 s
1661 1131 1670 1149 ,
1692 1100 1888 1152 praevias
1903 1104 2031 1153 atque

293 1159 310 1200 f
317 1173 344 1201 u
355 1174 381 1201 n
395 1161 421 1202 d
433 1175 457 1203 a
470 1176 510 1203 m
524 1175 546 1205 e
558 1177 585 1204 n
597 1169 613 1205 t
624 1177 648 1206 a
661 1164 671 1205 l
684 1177 706 1206 e
719 1179 760 1217 s,
785 1179 895 1219 quae
912 1167 1046 1219 ipsam
1061 1172 1256 1220 spectant
1269 1169 1586 1219 revelationem,
1608 1171 1797 1222 attingat,
1820 1170 2033 1223 expendat

293 1236 334 1271 et
356 1245 483 1284 quam
499 1236 819 1278 accuratissime
840 1241 1013 1278 tractet:
1036 1238 1194 1279 factum
1209 1239 1295 1281 scil.
1309 1240 1580 1282 revelationis
1595 1240 1816 1294 fontesque
1830 1241 2031 1294 ejusdem,

294 1313 346 1342 ex
377 1304 528 1356 quibus
559 1306 711 1348 deinde
743 1308 1003 1361 singulorum
1036 1310 1281 1362 dogmatum
1318 1312 1523 1361 notitiam,
1555 1324 1676 1354 arma
1708 1313 1763 1354 ad
1789 1324 1841 1354 ea
1862 1312 2032 1362 tuenda,

292 1372 451 1414 Iumina
474 1376 601 1417 etiam
625 1378 679 1418 ad
702 1390 752 1419 ea
776 1379 1034 1422 declaranda
1056 1381 1236 1422 hauriat.
1259 1381 1364 1423 Hinc
1388 1388 1539 1436 sponte
1553 1396 1631 1425 sua
1646 1384 1918 1437 consequitur
1930 1395 2030 1437 par-

293 1443 382 1484 titio
412 1445 650 1500 theologiae
690 1450 733 1490 In
773 1450 1031 1503 theologiam
1063 1452 1382 1504 specialem,
1416 1466 1524 1507 quae
1555 1454 1756 1508 specialia
1788 1454 2031 1496 considerat

292 1514 491 1567 dogmata
533 1531 585 1559 ex
615 1521 876 1563 revelatione
907 1523 1072 1573 hausta,
1114 1528 1155 1565 et
1185 1524 1228 1564 in
1260 1525 1520 1578 theologiam
1552 1538 1661 1578 quae
1694 1530 1888 1567 versatur
1918 1525 2033 1567 circa

292 1585 429 1637 ipsum
460 1589 732 1632 revelationis
763 1591 933 1642 factum,
966 1594 1079 1646 quod
1111 1593 1434 1636 fundamentum
1468 1601 1532 1637 est
1553 1596 1793 1648 theologiae
1815 1596 2032 1649 specialis:

290 1656 402 1698 unde
423 1657 531 1700 haec
565 1673 676 1712 pars,
708 1675 836 1714 quam
869 1663 1083 1715 theologia
1105 1666 1300 1717 specialis
1334 1668 1577 1708 necessario
1600 1667 1916 1720 praesupponit.
1941 1667 2032 1720 jam

290 1803 496 1846 proficiunt.
516 1818 628 1850 quam
648 1807 804 1852 legendo
823 1812 859 1843 et
877 1810 1095 1845 audienda<
1132 1812 1165 1845 S.
1185 1811 1279 1845 Tho
1294 1823 1389 1846 mas
1408 1813 1490 1848 lect.
1516 1818 1526 1847 l
1550 1814 1588 1847 in
1609 1816 1638 1848 1.
1654 1813 1732 1848 Cor.
1747 1815 1768 1848 9
1787 1813 1852 1847 has
1869 1814 2034 1847 recenset

290 1856 394 1891 dotes
412 1858 498 1893 boni
517 1861 629 1895 studii
648 1861 866 1907 theologici:
899 1865 1135 1902 „Notandum
1164 1867 1218 1899 est
1245 1865 1317 1907 hic,
1345 1866 1443 1910 quod
1470 1866 1517 1900 ad
1544 1867 1615 1901 hoc
1642 1865 1741 1910 quod
1768 1865 1901 1909 aliquis
1928 1864 2030 1906 sciat,

291 1913 598 1952 quemadmodum
615 1918 785 1959 oporteat
801 1917 902 1956 scire,
918 1929 942 1950 n
952 1928 1001 1951 ov
1013 1928 1075 1951 em
1091 1921 1176 1951 sunt
1190 1920 1414 1953 necessaria:
1431 1919 1467 1955 1.
1480 1919 1674 1954 humiliter
1687 1919 1766 1953 sine
1779 1918 1971 1953 inflatione
1982 1944 1990 1953 .
2003 1944 2011 1951 .
2025 1947 2032 1954 .

289 1962 326 1998 2.
346 1964 467 1999 sobrie
486 1966 563 2001 sine
583 1970 884 2013 praesumptione
903 1995 912 2004 .
927 1996 935 2003 .
952 1997 959 2003 .
978 1972 1015 2006 3.
1035 1971 1348 2006 certitudinaliter
1366 1972 1445 2007 sine
1465 1974 1710 2007 haesitat-ione
1726 1999 1733 2007 .
1749 2002 1756 2009 .
1773 1999 1780 2005 .
1798 1973 1836 2008 4.
1853 1973 2034 2006 veraciter

289 2018 325 2049 et
345 2018 424 2052 sine
443 2030 560 2054 errore
581 2048 588 2055 .
609 2048 615 2055 .
637 2048 644 2054 .
665 2023 700 2058 5.
720 2023 939 2067 simpliciter
958 2025 1036 2057 sine
1055 2025 1273 2069 deceptione
1293 2051 1300 2058 .
1322 2051 1328 2058 .
1351 2051 1358 2058 .
1375 2028 1412 2061 (5.
1431 2025 1628 2060 salubriter
1646 2036 1730 2060 cum
1749 2025 1904 2059 caritate
1926 2026 1964 2060 et
1981 2024 2033 2059 di-

291 2071 447 2106 lectione
467 2103 474 2109 .
495 2100 502 2107 .
523 2101 531 2107 .
552 2075 586 2110 1.
606 2076 750 2110 utiliter
769 2087 851 2111 cum
869 2078 1119 2121 proximorum
1139 2078 1397 2113 aedificatione
1415 2104 1423 2113 .
1440 2105 1447 2112 .
1463 2104 1471 2112 .
1490 2081 1526 2114 S.
1545 2079 1751 2113 liberaliter
1768 2089 1851 2112 cum
1868 2078 2034 2123 gratuita

289 2127 626 2163 communicatione
645 2157 652 2164 .
673 2155 681 2164 .
701 2156 709 2164 .
728 2134 765 2166 9.
785 2131 981 2166 efficaciter
999 2144 1079 2167 cum
1104 2133 1201 2167 bona
1229 2134 1444 2178 operatione
1462 2159 1470 2168 .
1491 2161 1498 2170 .
1519 2163 1525 2170 .
1545 2134 1709 2168 Primum
1735 2133 1813 2169 scil.
1841 2132 2032 2167 humilitas

290 2179 467 2213 scientiae
486 2182 610 2226 arguit
635 2184 820 2227 sapientes
849 2185 1038 2229 superbos,
1066 2186 1247 2220 sobrietas
1275 2186 1448 2227 curiosos,
1476 2187 1660 2221 certitudo
1687 2185 1872 2228 dubiosos,
1898 2186 2033 2220 verit-as

289 2231 505 2277 haereticos,
520 2235 739 2280 simplicitas
755 2238 963 2274 advocatos.
979 2240 1179 2274 salubritas
1194 2251 1332 2285 magos,
1347 2241 1494 2275 utilitas
1505 2240 1662 2283 iniquos,
1677 2241 1880 2276 liberalitas
1891 2251 2030 2281 avaros,

290 2284 451 2320 efficacia
469 2287 641 2324 otiosos.‘
680 2290 731 2324 Cf.
752 2291 864 2325 etiam
884 2292 922 2326 in
941 2292 1140 2327 Boethium
1159 2293 1202 2327 de
1220 2293 1318 2327 Trin.
1338 2306 1372 2337 q.
1392 2296 1412 2327 2
1431 2304 1462 2328 a.
1483 2297 1514 2328 1.
1551 2293 1621 2328 Sed
1639 2305 1725 2338 prae
1743 2294 1872 2339 primis
1890 2293 2030 2337 Chry-

291 2350 306 2371 s
319 2349 338 2372 o
351 2340 392 2372 st
405 2350 424 2373 o
437 2352 472 2373 m
484 2353 506 2374 u
519 2353 533 2375 s
552 2341 597 2376 de
617 2345 754 2378 sacerd.
774 2345 831 2384 IV,
848 2350 871 2379 4
892 2345 1091 2390 qualitates
1111 2346 1301 2381 candidati
1317 2347 1529 2392 theologiae
1548 2358 1671 2392 opusc.
1686 2347 1758 2388 XL,
1777 2350 1846 2383 223
1862 2347 1955 2381 bene
1972 2345 2031 2381 de-

290 2392 430 2427 scribit.
466 2393 558 2428 Cum
576 2407 713 2440 magna
730 2397 897 2432 utilitate
915 2398 1016 2444 leges
1035 2399 1057 2433 S
1069 2400 1122 2434 ch
1135 2411 1153 2434 e
1166 2400 1218 2434 eb
1230 2410 1283 2434 en
1301 2404 1318 2442 ξ
1338 2404 1393 2435 54.

437 2450 460 2487 ¹)
479 2447 515 2480 M
527 2449 574 2481 at
585 2449 600 2481 t
613 2449 646 2482 h.
667 2455 698 2489 5,
716 2453 748 2486 8.
769 2450 821 2485 Cf.
840 2452 872 2485 A
884 2455 899 2485 t
911 2452 935 2486 h
947 2463 1035 2486 ana
1047 2453 1121 2487 siu
1134 2465 1150 2487 s
1170 2463 1219 2487 or.
1236 2453 1281 2487 de
1295 2454 1395 2489 hum.
1410 2454 1543 2488 natura
1563 2465 1584 2488 a
1598 2454 1717 2489 Verbo
1733 2454 1924 2498 assumpta
1936 2464 1972 2487 n.
1988 2455 2032 2488 57

291 2508 427 2541 topusc.
448 2498 571 2541 XLIV,
593 2504 686 2544 217).
722 2503 877 2549 Egregie
895 2505 939 2539 de
957 2505 1198 2550 dispositione
1217 2507 1396 2550 requisita
1414 2507 1561 2541 disserit
1580 2520 1606 2541 s.
1625 2509 1690 2542 An
1704 2517 1750 2541 se
1762 2507 1853 2541 lmu
1865 2519 1881 2541 s
1898 2506 1943 2541 de
1961 2506 2032 2541 fide

289 2550 422 2586 Trinit.
441 2563 470 2586 c.
494 2557 534 2587 1..
553 2554 616 2588 ubi
630 2555 730 2590 inter
744 2557 817 2591 aha
833 2558 976 2592 scribit:
1001 2560 1155 2599 ,Nullus
1172 2560 1397 2594 christianus
1411 2560 1521 2595 debet
1534 2560 1723 2605 disputare
1736 2560 1920 2604 quomodo
1933 2559 2029 2604 quod

290 2604 448 2639 Ecclesia
469 2607 655 2642 catholiea,
673 2609 780 2644 corde
800 2611 918 2646 credit
935 2614 971 2646 et
989 2622 1051 2646 ore
1069 2612 1280 2655 confitetur,
1307 2624 1381 2647 non
1399 2613 1465 2652 sit;
1496 2615 1559 2648 sed
1577 2624 1720 2658 semper
1742 2613 1896 2648 eandem
1921 2613 2032 2648 fidem

288 2657 547 2693 indubitanter
560 2661 731 2703 tenendo,
752 2663 909 2698 amando
925 2665 962 2698 et
975 2665 1178 2699 secundum
1190 2664 1296 2699 illam
1309 2666 1479 2708 vivendo,
1496 2666 1690 2701 humiliter
1704 2666 1885 2711 quantum
1899 2667 2032 2710 potest,
2053 2687 2057 2691 ,

290 2721 462 2753 quaerere
476 2713 661 2748 rationem
676 2718 860 2758 quomodo
876 2718 934 2751 sit.
967 2718 1004 2751 Si
1014 2720 1139 2762 potest
1153 2718 1374 2765 intelligere,
1391 2718 1468 2753 Deo
1482 2720 1624 2764 gratias
1639 2728 1742 2765 agan
1762 2720 1792 2754 si
1807 2730 1881 2754 non
1896 2720 2032 2765 potest,

289 2774 365 2798 non
380 2764 562 2800 immittat
582 2777 719 2802 cornua
739 2770 784 2803 ad
804 2771 1072 2811 ventilandum,
1101 2772 1163 2806 sed
1191 2772 1389 2806 submittat
1415 2772 1528 2817 capnt
1545 2773 1592 2807 ad
1618 2773 1878 2808 venerandum.
1913 2772 2031 2807 Citius

290 2817 388 2851 enim
406 2820 529 2862 potest
548 2820 586 2854 in
605 2832 643 2854 se
664 2822 847 2857 confidens
865 2823 1029 2857 humana
1043 2825 1227 2869 sapientia
1239 2825 1483 2870 impingendo
1500 2837 1636 2860 cornua
1650 2826 1719 2860 sibi
1734 2826 1901 2868 evellere,
1919 2836 2031 2870 quam

288 2871 325 2904 vi
341 2871 495 2906 nit-endo
513 2874 657 2916 petram
675 2874 770 2909 hanc
790 2874 948 2910 evellere
963 2903 970 2910 .
991 2903 999 2911 .
1018 2904 1024 2910 .
1044 2877 1149 2910 Prius
1169 2887 1256 2922 ergo
1275 2879 1345 2912 fide
1358 2878 1613 2913 mundandum
1627 2881 1683 2913 est
1697 2890 1767 2919 cor,
1785 2879 1880 2913 sicut
1894 2879 2032 2914 dicitur

290 2923 335 2958 de
354 2923 450 2958 Deo:
470 2926 557 2959 Fide
576 2928 752 2961 mundans
769 2930 876 2962 corda
895 2940 1013 2963 eorum
1034 2930 1163 2975 (Actus
1180 2934 1233 2971 15,
1252 2933 1305 2973 9);
1326 2932 1363 2964 et·
1381 2931 1483 2975 prius
1502 2942 1566 2976 per
1583 2933 1862 2977 praeceptorum
1879 2931 2030 2966 Domini

289 2977 492 3012 custodiam
520 2979 758 3015 illuminandi
785 2983 872 3016 sunt
898 2983 1005 3023 oculi,
1033 2983 1120 3027 quia
1134 2990 1360 3028 praeceptum
1387 2985 1534 3018 Dumi'm’
1557 2986 1711 3020 lucidum
1731 2987 1936 3020 illuminans
1952 2997 2030 3020 ocu-

289 3032 341 3064 los
358 3030 431 3077 (Ps.
448 3034 502 3073 18,
517 3034 552 3074 8)
567 3046 573 3066 :
591 3036 628 3066 et
646 3033 746 3078 prius
764 3043 830 3078 per
855 3034 1036 3069 humilem
1061 3036 1311 3070 obedientiam
1337 3037 1639 3071 testimoniorum
1661 3037 1728 3071 Dei
1754 3038 1929 3071 debemus
1952 3037 2031 3072 fieri

288 3085 445 3131 parvuli,
464 3088 505 3120 ut
524 3086 706 3121 discamus
726 3088 957 3132 sapientiam,
991 3099 1101 3132 quam
1121 3088 1185 3123 dat
1213 3091 1448 3124 testimoniium
1474 3091 1582 3133 fidele,
1609 3092 1819 3134 sapientiam
1839 3096 2031 3135 praestans
