2175 3382
631 157 809 202 probatur
827 159 958 192 veritas
975 158 1168 202 religionis
1187 159 1407 194 christianae
1802 166 1882 208 10'1'

150 280 302 318 tamdiu
324 281 378 318 eis
399 292 539 328 aquam
562 279 817 323 infundimus,
841 290 1047 327 quousque
1069 292 1113 316 ea
1135 281 1175 316 in
1198 283 1302 318 terra
1319 282 1401 329 jam
1423 283 1663 320 convaluisse
1689 284 1882 322 videmus.

151 342 192 379 et
213 339 248 377 si
271 340 391 377 semel
411 338 579 376 radicem
603 338 768 382 fixerint,
791 338 834 374 iu
856 338 1017 387 rigando
1040 350 1233 376 cessamus
1254 337 1283 391 1)
1299 345 1335 383 3«
1359 342 1398 377 et
1420 341 1483 376 Th
1497 353 1516 377 0
1531 354 1566 377 m
1580 355 1597 376 a
1611 355 1627 377 s
1650 354 1679 379 c,
1701 345 1836 391 gentes
1853 344 1882 381 Ι.

153 405 198 438 6:
223 399 353 443 „Haec
373 399 454 435 tam
476 397 667 434 mirabilis
689 396 825 434 mundi
847 397 1042 434 conversio
1074 397 1121 433 ad
1155 397 1270 434 fidem
1301 399 1549 435 christianam
1582 399 1769 438 indicium
1801 413 1878 439 cer—

149 457 346 495 tissimum
369 459 430 494 est
450 456 751 505 praeteritorum
774 455 985 505 signorum,
1016 458 1063 492 ut
1093 468 1138 492 ea
1158 457 1326 494 ulterius
1358 457 1490 493 iterari
1525 470 1678 495 necesse
1710 473 1785 496 non
1819 461 1883 500 sit,

150 529 273 565 quum
294 517 336 553 in
357 526 426 553 suo
449 515 590 553 effectu
620 516 832 563 appareant
861 514 1071 551 evidenter.
1114 515 1226 552 Esset
1257 518 1389 553 autem
1411 516 1592 553 omnibus
1615 517 1738 565 signis
1764 519 1881 555 mira-

152 575 283 619 bilius,
306 574 341 612 si
362 575 408 612 ad
432 573 668 611 credendum
690 576 769 610 tam
793 573 914 610 ardua
935 575 974 609 et
995 574 1232 621 operandum
1247 576 1328 611 tam
1342 574 1515 611 difficilia
1537 575 1635 611 etad
1650 577 1881 624 sperandum

147 636 230 671 tam
251 634 331 671 alta
352 633 525 671 mundus
546 632 694 681 absque
716 632 962 669 mirabilibus
985 632 1109 681 signis
1131 633 1316 670 inductus
1351 634 1491 670 fuisset
1526 647 1547 670 a
1570 633 1812 681 simplicibus
1846 643 1880 671 et

148 693 389 743 ignobilibus
411 691 680 730 hominibus<
724 691 895 728 Notetur

268 774 311 816 2.
334 775 523 812 miracula
545 775 624 811 vim
656 773 847 822 probandi
877 786 1064 819 exserere,
1101 776 1296 822 quatenus
1329 775 1427 812 sacia
1458 777 1549 812 sunt
1582 775 1882 812 extraordinaria

149 834 527 881 admirationemque
549 832 739 870 excitant:
762 832 922 870 illorum
944 844 1033 870 vero
1056 833 1224 870 utilitati
1246 834 1415 870 multum
1440 834 1634 873 decedere,
1659 834 1689 870 si
1713 834 1795 870 sine
1818 847 1885 870 ne-

149 893 329 932 cessitate
350 905 420 941 pro
441 892 732 929 incredulorum
756 893 857 928 nutu
876 891 994 929 nimis
1015 892 1241 940 frequenter
1262 892 1543 942 contingerent.

268 971 311 1013 3.
334 974 490 1011 Falsum
513 976 646 1011 tamen
668 976 737 1018 est,
760 973 951 1010 miracula
970 974 1012 1010 in
1035 974 1204 1011 Ecclesia
1225 974 1385 1022 penitus
1407 987 1584 1019 cessasse,
1608 988 1696 1012 cum
1719 980 1756 1012 et
1780 988 1885 1012 nunc·

150 1033 336 1082 temporis
359 1033 462 1070 haud
484 1045 572 1070 raro
601 1033 842 1082 contingant,
874 1035 913 1069 et
934 1032 1129 1069 Ecclesiae
1161 1033 1259 1070 mira
1290 1033 1394 1070 inter
1424 1036 1483 1070 tot
1514 1035 1700 1082 procellas
1731 1046 1884 1071 conser-

148 1091 267 1138 vatio,
290 1092 569 1129 vaticiniorum
592 1092 673 1129 sive
694 1091 739 1129 V.
762 1091 802 1128 T.
827 1092 906 1128 sive
927 1091 1053 1140 ipsius
1076 1092 1218 1128 Christi
1241 1104 1309 1140 per
1331 1093 1551 1129 seculorum
1580 1105 1738 1129 cursum
1761 1093 1883 1130 adini—

146 1151 270 1200 pletio
293 1148 346 1203 (n.
371 1148 442 1203 65)
466 1151 698 1188 continuum
722 1151 775 1188 sit
806 1152 844 1187 et
875 1151 1069 1199 palpabile
1100 1151 1347 1187 miraculum.
1390 1151 1449 1187 Ad
1481 1164 1563 1188 rem
1587 1152 1679 1189 Chr
1688 1155 1885 1200 ysosto-

147 1223 252 1247 mus
272 1210 298 1247 l.
321 1210 427 1258 quod
449 1210 625 1247 Christus
658 1210 710 1246 sit
731 1210 834 1246 Deus
856 1222 892 1246 n.
922 1217 993 1249 17:
1027 1210 1163 1253 „Nihil
1194 1210 1332 1247 horum
1365 1210 1468 1258 apud
1499 1213 1537 1247 te
1569 1223 1885 1250 commemorans.

148 1269 261 1318 signa
281 1269 456 1317 inquam,
480 1270 519 1306 et
540 1269 739 1313 miracula,
775 1271 822 1306 ut
844 1281 890 1306 ex
913 1268 1131 1305 abundanti
1155 1281 1309 1305 omnem
1331 1269 1571 1317 impudentis
1595 1270 1752 1318 linguae
1776 1269 1881 1306 suro-

147 1340 230 1365 rem
251 1340 511 1377 compescam3
534 1340 578 1365 ea
600 1341 699 1376 quae
721 1340 826 1365 nunc
847 1327 1042 1373 videntur,
1067 1339 1166 1375 quae
1187 1340 1279 1376 prae
1295 1328 1468 1365 omnium
1485 1329 1616 1365 oculos
1632 1328 1759 1377 posita
1776 1333 1880 1365 sunt.

148 1399 247 1435 quae
269 1387 351 1424 sole
373 1387 546 1430 clariora,
581 1399 679 1435 quae
701 1387 849 1435 ubique
872 1386 913 1424 in
935 1388 1020 1424 toto
1044 1387 1134 1423 orbe
1167 1386 1353 1435 dispersa,
1387 1399 1486 1434 quae
1508 1387 1737 1424 universum
1769 1399 1886 1424 occu-

149 1448 246 1494 pant
265 1446 456 1483 mundum
477 1447 680 1494 totamque
711 1446 903 1483 excedunt
934 1448 1125 1491 naturam,
1159 1449 1280 1494 gesta,
1315 1458 1414 1494 quae
1444 1446 1564 1482 unius
1588 1447 1657 1483 Dei
1689 1448 1792 1489 sunt,
1827 1459 1880 1483 ea.

147 1505 321 1553 inquam,
345 1505 388 1541 in
408 1505 581 1542 medium
603 1505 760 1542 adduxi.
803 1504 902 1549 Quid
925 1505 1050 1541 dicis?
1082 1505 1170 1542 Non
1193 1504 1398 1542 suscitavit
1419 1506 1624 1542 mortuos?
1656 1505 1759 1541 Num
1780 1505 1881 1542 illud

148 1563 267 1601 etiam
288 1564 414 1601 dicere
445 1565 568 1613 potes,
602 1564 782 1601 ecclesias
814 1564 855 1600 in
886 1563 977 1601 orbe
1008 1575 1085 1601 non
1117 1566 1228 1600 esse?
1263 1565 1325 1600 An
1356 1563 1471 1608 dicas,
1504 1563 1657 1600 insidiis
1689 1576 1766 1600 non
1798 1576 1882 1600 esse

150 1623 358 1672 appetitas,
389 1635 469 1660 non
503 1635 720 1672 superasse,
757 1635 826 1660 nec
869 1622 1070 1660 victoriam
1102 1624 1328 1670 reportare?
1362 1623 1415 1659 At
1449 1621 1773 1670 quemadmodum
1809 1622 1884 1659 dici

124 1694 227 1719 ‘non
247 1683 391 1730 potest,
426 1682 547 1719 solem
568 1694 647 1719 non
669 1694 762 1727 esse,
797 1682 851 1718 sic
873 1694 999 1729 neque
1022 1682 1114 1718 haec
1146 1681 1221 1718 dici
1252 1683 1427 1729 possunt.
1471 1681 1572 1725 Quid
1604 1683 1721 1730 ergo?
1755 1693 1883 1718 annon

148 1740 256 1778 vides
273 1741 423 1789 judaici
443 1741 582 1789 templi
614 1741 771 1777 ruinam
803 1740 843 1777 in
874 1741 998 1777 totius
1032 1740 1137 1777 orbis
1171 1742 1383 1789 conspectu
1414 1740 1577 1788 positam
1590 1742 1635 1776 ‘?«
1679 1739 1731 1777 Cf.
1755 1753 1791 1776 n.
1818 1747 1884 1779 71.

147 1800 362 1837 Provocare
385 1800 525 1836 deinde
546 1800 687 1837 merito
709 1800 803 1836 licet
823 1799 871 1836 ad
892 1799 991 1836 mira
1011 1799 1201 1848 prodigia,
1226 1812 1324 1847 quae
1347 1799 1532 1836 continuo
1555 1799 1595 1835 in
1611 1799 1757 1835 Galliae
1774 1811 1881 1835 sane-

146 1859 287 1903 tuario,
324 1859 428 1907 quod
458 1858 630 1895 Lourdes
661 1859 892 1907 appellatur,
931 1858 1178 1907 contingunt,
1215 1869 1382 1906 quorum
1420 1858 1628 1894 veritatem
1658 1857 1883 1894 historicam

149 1917 232 1955 sive
253 1917 566 1966 philosophicam
580 1918 716 1954 nullus
738 1917 1030 1954 incredulorum
1053 1917 1240 1954 hactenus
1261 1918 1393 1965 potuit
1415 1916 1456 1953 in
1479 1916 1644 1953 dubium
1666 1916 1807 1953 merito
1824 1929 1882 1953 re-

146 1982 292 2016 vocare.
338 1976 389 2014 Cf.
412 1976 679 2013 Boisserie
702 1977 873 2013 Lourdes
904 1989 942 2012 u.
974 1989 1001 2013 s.
1035 1976 1262 2013 Geschichte
1294 1989 1380 2013 vom
1414 1975 1716 2012 medizinischen
1745 1975 1883 2012 Stand-

150 2035 280 2084 punkt
299 2038 383 2080 etc,
407 2036 609 2084 Augustae
638 2041 758 2076 1892.

263 2114 305 2158 4.
327 2118 489 2155 Etiamsi
510 2118 678 2155 maxima
699 2118 813 2155 modo
835 2120 1088 2166 patrarentur
1109 2117 1308 2162 miracula,
1342 2117 1404 2153 vix
1426 2117 1628 2166 probabile
1650 2122 1723 2161 est,
1759 2116 1883 2152 incre-

146 2177 259 2214 dulos
280 2176 362 2214 illis
384 2177 557 2214 multum
580 2179 818 2215 commotum
848 2177 908 2214 iri.
952 2176 1112 2225 Semper
1143 2176 1246 2213 enim
1278 2176 1506 2220 invenirent,
1540 2187 1639 2224 quae
1674 2178 1808 2212 contra
1841 2187 1882 2211 ea

146 2235 380 2284 exciperent.
423 2236 467 2273 Si
500 2236 659 2287 illogjsen
691 2241 724 2273 et
751 2236 959 2284 prophetas
993 2247 1067 2272 non
1101 2236 1275 2278 audiunt,
1310 2248 1423 2283 neque
1457 2236 1490 2271 si
1523 2235 1606 2283 quis
1641 2246 1685 2271 ea:
1722 2235 1885 2270 mortuis

146 2296 412 2341 resurrexerit,
429 2296 577 2332 credent
592 2292 700 2347 (Luc.
720 2302 783 2341 16,
802 2292 885 2346 31).
909 2294 949 2331 Si
965 2294 1108 2331 Christi
1130 2293 1330 2331 miraculis
1353 2293 1446 2330 adeo
1469 2293 1582 2330 certis
1603 2305 1681 2330 non
1704 2292 1881 2329 credunt.

146 2365 273 2402 neque
307 2353 508 2391 miraculis
543 2354 713 2399 credent,
746 2366 845 2402 quae
880 2365 1008 2391 coram
1041 2353 1136 2402 ipsis
1171 2350 1362 2404 fierent2).
1405 2352 1584 2389 Ceterum
1618 2351 1679 2388 hic
1702 2351 1883 2400 pruritusv

145 2412 361 2462 denegandi
382 2412 607 2450 historicam
629 2413 907 2450 miraculorum
931 2412 1255 2459 subsequentium
1279 2411 1499 2448 seculorum
1522 2410 1727 2448 veritatem
1750 2410 1880 2458 proxi-

145 2484 247 2508 mam
268 2471 429 2520 praebet
450 2471 664 2509 incredulis
685 2471 921 2509 occasionem
945 2471 1145 2519 rejiciendi
1175 2471 1381 2507 veritatem
1403 2470 1579 2518 ipsorum
1602 2469 1878 2506 miraculorum

146 2529 289 2567 Christi
309 2530 475 2579 ideoque
498 2530 753 2568 subvertendi
775 2543 929 2568 omnem
951 2529 1066 2567 fidem
1087 2530 1127 2566 in
1148 2529 1377 2578 religionem
1401 2528 1553 2565 Christi.
1585 2527 1766 2565 Viderint
1789 2539 1880 2574 erg(-

144 2590 406 2637 protestantes
429 2589 493 2627 cui
513 2590 698 2635 militent,
722 2602 811 2627 cum
832 2591 942 2626 tanto
964 2588 1096 2626 studio
1119 2588 1349 2625 subtrahere
1371 2587 1557 2624 nituntur
1579 2586 1779 2624 catholicis
1806 2586 1879 2621 mi-

145 2647 289 2693 racula,
312 2647 360 2685 ad
383 2660 482 2696 quae
503 2661 573 2697 pro
594 2648 761 2686 veritate
784 2648 973 2685 Ecclesiae
997 2647 1206 2684 catholicae
1230 2650 1450 2695 provocant.

291 2804 317 2847 ¹)
334 2801 388 2835 De
407 2802 506 2835 civit.
525 2801 591 2835 Dei
609 2801 722 2843 XXII,
743 2806 773 2836 5.
792 2804 832 2839 8;
861 2801 1127 2844 Chrysosto
1141 2812 1239 2833 mus
1268 2801 1360 2835 hom.
1395 2804 1407 2833 1
1439 2799 1476 2832 in
1505 2799 1587 2832 acta
1618 2810 1650 2831 11.
1671 2802 1710 2833 4:
1740 2797 1773 2831 h.
1795 2800 1815 2831 6
1842 2796 1878 2829 in

149 2858 165 2888 1
186 2854 267 2888 Cor.
285 2866 322 2888 n.
341 2858 381 2892 23
401 2853 583 2899 Origen
599 2865 644 2888 es
662 2854 684 2888 l.
705 2865 733 2888 c,
751 2854 778 2895 I,
797 2856 852 2888 38.
873 2856 929 2888 46.

290 2911 315 2950 ²)
335 2907 389 2941 En
409 2907 500 2951 quid
519 2907 581 2941 Ro
593 2919 616 2941 11
631 2919 646 2940 s
658 2919 672 2940 s
685 2918 702 2940 e
715 2918 770 2941 au
788 2907 826 2940 in
845 2917 903 2950 op.
923 2906 1064 2940 Lettres
1084 2907 1214 2940 e'crites
1232 2907 1275 2939 de
1293 2906 1330 2939 la
1348 2906 1548 2949 Montagne
1567 2903 1589 2937 1.
1609 2907 1629 2938 3
1647 2914 1682 2946 p.
1702 2905 1764 2936 142
1785 2904 1878 2940 (Ani-

146 2960 341 2994 stelodami
361 2961 453 2994 1764
468 2961 496 2994 t,
518 2965 549 3002 1)
569 2961 750 2994 disserens
769 2960 813 2993 de
832 2959 1019 2993 miraculis
1031 2959 1075 2993 de
1091 2970 1128 2993 se
1142 2959 1297 2992 fatetur:
1320 2983 1332 2997 2,
1344 2961 1398 2991 Au
1411 2959 1516 2997 reste,
1531 2957 1687 3000 quelque
1704 2955 1876 2997 frappant

145 3023 215 3057 que
233 3015 301 3057 psit
319 3023 376 3046 me
394 3013 558 3057 paroitre
576 3025 627 3046 un
644 3012 762 3057 pareil
781 3011 959 3056 spectacle
977 3011 1283 3052 (resuscitationis
1300 3010 1462 3055 mortui),
1480 3010 1514 3053 je
1533 3019 1577 3042 ne
1595 3007 1763 3041 voudrois
1782 3016 1852 3049 pou
1861 3017 1876 3037 1·

145 3065 225 3100 rien
243 3077 290 3100 au
308 3065 441 3100 monde
459 3076 504 3100 en
523 3067 599 3100 etre
617 3066 777 3104 temoin;
807 3077 867 3099 car
884 3074 955 3109 que
973 3065 1095 3109 sais-je
1113 3075 1151 3098 ce
1170 3065 1260 3108 qu'il
1279 3074 1322 3097 en
1340 3062 1509 3107 pourrait
1527 3061 1685 3094 ari-iver?
1722 3060 1775 3091 Au
1804 3058 1878 3091 lieu

145 3120 189 3153 cle
202 3130 260 3153 me
278 3118 408 3152 rendre
428 3118 586 3158 credule,
599 3118 751 3163 j'aurois
769 3117 908 3163 grande
925 3128 1018 3162 peur
1035 3117 1126 3160 qu'il
1146 3128 1190 3150 ne
1209 3127 1268 3150 me
1286 3116 1411 3150 rendit
1430 3125 1499 3158 que
1514 3115 1575 3147 fou
1589 3119 1615 3146 ἵ(
