2175 3382
932 161 984 195 De
1005 160 1159 205 syllabo.
1825 168 1911 210 533

177 283 350 319 valebunt
371 284 554 320 adversus
576 295 672 320 eam.
716 283 755 320 Si
777 283 866 331 quis
888 283 1014 332 igitur
1036 282 1158 320 eidem
1181 283 1455 321 constitutioni
1480 285 1592 322 corde
1624 287 1664 322 et
1685 286 1813 322 animo
1835 297 1913 322 non

172 341 385 389 acquiescit
405 343 474 379 aut
495 354 626 379 veram
647 343 685 378 et
709 341 900 379 sinceram
923 341 1187 379 obedientia-m
1208 354 1287 379 non
1308 345 1492 390 praestat,
1526 343 1628 380 inter
1650 356 1714 381 eos
1736 343 1911 388 habetur,

174 399 243 448 qui
277 400 376 437 circa
408 400 524 437 fidem
557 400 902 450 naufragaverunt.
915 406 931 423 «
977 400 1153 448 Denique
1185 400 1224 444 ii,
1263 400 1331 448 qui
1365 413 1541 438 errorum
1563 402 1716 439 Wicleff
1745 406 1785 439 et
1806 402 1912 440 Huss

172 459 343 507 suspecti
366 458 572 504 habentur,
605 458 874 508 interrogandi
897 460 991 496 sunt
1025 471 1070 495 ex
1091 459 1274 496 mandato
1296 460 1508 496 Martini
1530 460 1573 497 V.
1597 463 1668 501 art.
1691 468 1758 500 ll:
1784 461 1913 505 „Item

174 517 394 566 specialiter
414 518 595 554 literatus
617 518 884 567 interrogetur
904 520 1042 554 utrum
1065 517 1206 560 credat,
1231 518 1468 555 sententiam
1492 519 1590 556 sacri
1612 520 1913 557 constantiensis

174 575 328 616 concilii
351 588 469 624 super
499 576 762 626 quadra-ginta
792 576 970 624 quinque
992 575 1156 613 Joannis
1178 576 1334 613 Wicleff
1362 579 1400 614 et
1422 577 1446 613 J
1450 577 1587 614 oannis
1609 578 1714 615 Huss
1745 578 1914 627 triginta

173 634 350 672 articulis
372 635 555 683 superius
578 635 789 683 descriptis
811 635 945 679 latam,
978 635 1058 672 fore
1090 647 1222 672 veram
1255 638 1294 672 et
1324 636 1575 673 catholicam:
1613 636 1776 683 scilicet,
1809 637 1914 685 quod

173 693 389 742 supradicti
411 693 673 743 quadraginta
704 694 880 742 quinque
912 693 1071 730 articuli
1093 693 1257 731 Joannis
1279 694 1435 732 Wicleff
1461 697 1501 732 et
1522 695 1686 732 Joannis
1710 696 1810 732 Huss
1841 696 1912 732 tri-

173 752 286 801 ginta
306 764 386 789 non
408 754 503 789 sunt
524 752 716 797 catholici,
740 752 806 789 sed
829 752 989 801 quidam
1012 765 1056 790 ex
1079 753 1134 790 eis
1157 755 1250 790 sunt
1271 754 1423 791 notorie
1448 754 1643 799 haeretici,
1667 754 1829 802 quidam
1852 766 1912 791 er-

173 811 293 856 ronei,
317 811 383 848 alii
415 811 615 848 temerarii
637 814 677 848 et
698 811 883 857 seditiosi,
907 811 972 848 alii
994 812 1149 860 piarum
1171 812 1325 849 aurium
1349 812 1562 850 offensiviss
1607 812 1660 850 Cf.
1682 812 1913 850 Vermeu-

174 870 257 906 len
280 869 328 906 de
349 882 444 907 rom.
466 873 575 918 pont.
598 869 884 907 infallibilitate
906 871 947 907 in
970 870 1128 907 ferenda
1149 871 1250 908 infra
1271 871 1463 909 haeresim
1484 884 1658 909 censura.

295 959 388 992 513.
412 948 655 993 Scholion.
701 951 809 996 Quod
831 953 1019 1002 syllabam
1042 954 1365 1002 complectentem
1386 954 1616 1002 praecipuos
1637 957 1794 992 nostrae
1809 961 1912 992 aeta-

174 1011 226 1048 tis
261 1023 409 1048 errores
444 1011 600 1055 attinet,
635 1012 727 1048 haec
761 1014 856 1049 sunt
889 1012 1078 1049 tenenda:
1117 1009 1158 1052 l.
1184 1039 1201 1056 »
1212 1012 1326 1049 Pium
1347 1012 1410 1051 IX.
1444 1015 1491 1050 ut
1524 1025 1608 1050 sese
1641 1013 1914 1062 opportunitas

175 1069 295 1115 dedit,
327 1082 373 1107 ex
395 1070 647 1119 opinionibus
679 1070 802 1115 falsis,
836 1083 935 1119 quae
965 1071 1130 1108 maxime
1161 1071 1290 1108 valere
1321 1071 1547 1119 coepissent,
1579 1072 1712 1120 plures
1742 1074 1912 1117 notasse,

175 1128 327 1166 easdem
349 1133 485 1177 postea
506 1129 548 1166 in
570 1142 696 1166 unum
719 1130 806 1179 cogi
825 1130 1004 1178 jussisse,
1040 1133 1085 1167 ut
1109 1130 1189 1167 scil.
1211 1130 1253 1166 in
1274 1132 1387 1167 tanta
1409 1143 1582 1168 errorum
1608 1131 1776 1168 colluvie
1797 1131 1914 1167 habe-

174 1190 264 1225 rent
286 1188 470 1225 catholici
492 1188 669 1225 homines
685 1189 788 1236 quod
804 1189 887 1225 sine
903 1189 1116 1226 offensione
1131 1191 1419 1237 sequerentur«
1445 1187 1491 1241 (L
1503 1201 1522 1226 e
1535 1202 1555 1227 o
1577 1190 1680 1227 XIII.
1694 1190 1754 1227 lit.
1769 1190 1913 1238 encycl.

179 1255 211 1286 1.
234 1247 330 1284 Nov.
371 1250 510 1295 1885).
553 1245 595 1287 2.
633 1247 835 1296 Syllabum
867 1247 1084 1297 dogmatico
1120 1249 1234 1296 plane
1270 1248 1417 1295 pollere
1450 1249 1670 1286 charactere
1705 1251 1743 1286 et
1773 1248 1912 1297 pretio,

173 1318 342 1354 eumque
363 1305 676 1356 irrefragabilem
699 1318 768 1344 seu
788 1306 1038 1343 infallibilem
1060 1307 1140 1344 vim
1162 1307 1316 1353 habere,
1352 1309 1398 1344 ut
1419 1308 1517 1344 bene
1541 1307 1715 1345 ostendit
1737 1307 1760 1344 S
1774 1308 1860 1344 chr
1873 1320 1913 1344 a-

175 1365 271 1409 der,
295 1367 500 1403 comment.
523 1366 570 1402 de
591 1365 788 1415 theologia
810 1365 1029 1415 generatim
1051 1379 1089 1402 n.
1107 1372 1172 1410 84,
1197 1368 1237 1402 et
1257 1365 1344 1403 fuse
1367 1366 1575 1403 admodum
1600 1366 1809 1403 Rinaldi
1832 1366 1874 1403 in
1889 1367 1913 1402 l.

174 1424 207 1460 11
229 1424 360 1461 valore
382 1424 444 1460 del
467 1423 625 1470 Sillabo,
649 1425 769 1462 Roma
797 1430 918 1465 1888.
963 1425 1137 1473 Seposita
1169 1424 1274 1462 enim
1297 1425 1411 1462 etiam
1442 1425 1682 1473 quaestione,
1715 1438 1811 1462 num
1833 1425 1912 1461 sin-

176 1483 290 1532 gulae
312 1483 485 1531 ejusdem
508 1483 792 1531 propositiones
826 1497 846 1520 a
880 1496 1038 1521 romano
1060 1484 1243 1532 pontifice
1265 1496 1284 1520 e
1308 1484 1489 1521 cathedra
1519 1484 1717 1532 loquente,
1749 1483 1912 1533 proinde

178 1541 414 1579 auctoritate
436 1542 740 1585 infallibili,
773 1542 920 1579 fuerint
950 1543 1197 1591 reprobatae:
1231 1545 1381 1580 certum
1413 1545 1473 1580 est
1504 1555 1593 1580 eum
1625 1556 1743 1591 quam
1773 1543 1912 1580 solem-

176 1601 337 1638 nissime
359 1601 406 1637 ab
429 1601 616 1638 universo
640 1601 867 1650 episcopatu
889 1602 1079 1638 catholico
1102 1601 1224 1639 fuisse
1246 1604 1459 1650 receptum,
1483 1601 1741 1650 approbatum
1762 1603 1801 1639 et
1822 1613 1912 1650 pro-

177 1660 411 1709 mulgatum,
444 1660 609 1708 ideoque
631 1660 737 1697 omni
760 1673 805 1697 ea
835 1660 1067 1697 auctoritate
1097 1660 1187 1706 frui,
1219 1673 1319 1709 quae
1344 1661 1495 1708 judicio
1516 1661 1709 1698 Ecclesiae
1740 1660 1915 1698 docentis

178 1719 303 1756 inesse
338 1719 483 1767 possit:
527 1719 653 1756 mirus
687 1719 791 1756 enim
825 1719 890 1756 hic
925 1731 1134 1757 consensus
1167 1719 1345 1757 universi
1377 1719 1620 1768 episcopatus
1654 1720 1810 1769 signum
1844 1721 1914 1764 est,

178 1777 443 1815 manifestatio
466 1780 506 1814 et
528 1778 732 1815 criterium
752 1778 832 1814 vim
850 1778 993 1826 judicii
1026 1778 1237 1827 dogmatici
1268 1780 1307 1815 et
1329 1778 1579 1816 authenticae
1601 1779 1762 1828 regulae
1785 1778 1915 1815 catho-

178 1836 249 1873 lice
273 1836 470 1873 sentiendi
498 1836 628 1874 inesse
661 1837 824 1886 syllabo.
867 1837 993 1881 Quare
1015 1835 1056 1877 3.
1089 1837 1136 1874 ab
1158 1837 1350 1874 Ecclesiae
1381 1837 1474 1874 filiis
1505 1849 1670 1874 assensu
1699 1837 1915 1874 indubio

176 1895 478 1943 propositiones,
502 1908 599 1943 quas
623 1896 907 1944 complectitur,
931 1908 1012 1933 esse
1033 1896 1296 1944 reprobandas
1310 1898 1428 1944 atque
1443 1896 1643 1933 cavendas.
1676 1896 1773 1933 Inde
1785 1898 1916 1933 tamen

176 1950 221 1994 4.
246 1967 324 1991 non
347 1955 470 2002 sequi,
494 1954 533 1991 vi
556 1955 674 2004 hujus
695 1955 983 2003 reprobationis
1005 1955 1289 2004 propositiones
1303 1955 1605 1992 contradictorie
1619 1955 1818 2004 oppositas
1833 1966 1916 1991 esse

178 2012 226 2050 de
248 2012 342 2050 fide:
376 2025 463 2050 cum
487 2014 591 2050 enim
612 2026 689 2051 non
713 2013 950 2051 damnent-ur
971 2016 1018 2051 ut
1039 2014 1277 2051 haeretic
1291 2026 1350 2060 ae,
1375 2014 1510 2051 inferii
1532 2016 1671 2062 nequit
1693 2013 1917 2062 oppositum

179 2083 263 2109 esse
285 2072 332 2109 de
353 2071 440 2118 fide,
464 2072 539 2109 nisi
562 2072 603 2109 id
625 2073 785 2110 aliunde
807 2075 971 2110 constet.
1016 2073 1135 2122 Sequi
1156 2085 1248 2111 vero
1270 2071 1313 2112 ἵ).
1338 2073 1442 2121 quod
1465 2073 1566 2110 sicut
1588 2073 1659 2110 hae
1681 2072 1916 2121 propositio—

177 2142 246 2167 nes
268 2131 470 2169 continent
491 2130 710 2168 doctrinam
732 2144 777 2169 εἰς
798 2131 1000 2169 infallibili
1014 2132 1164 2169 romani
1179 2132 1373 2180 pontificis
1387 2132 1646 2170 declaratione
1659 2132 1790 2180 aliquo
1802 2131 1916 2168 modo

179 2189 376 2227 doctrinae
398 2190 610 2228 catholicae
632 2191 799 2236 noxiam,
833 2190 890 2228 ita
923 2190 1221 2228 contradictorie
1254 2191 1455 2239 oppositae
1487 2191 1797 2238 complectantur
1827 2190 1916 2227 doc-

177 2248 324 2286 trinam
346 2248 576 2286 catholicam
599 2251 640 2287 et
660 2262 745 2286 san
759 2263 837 2286 am.

296 2330 393 2371 514.
415 2327 479 2368 De
500 2328 677 2383 subjecto
700 2330 928 2381 massisteressi
955 2329 1187 2372 (luthewici.
1210 2354 1267 2359 —-
1292 2329 1386 2372 III.
1410 2327 1531 2379 Quod
1563 2328 1794 2378 authentici
1825 2340 1917 2368 ma-

178 2398 337 2449 gisterii
358 2397 595 2451 subiectum
621 2399 781 2449 attinet,
804 2399 903 2440 alibi
919 2399 1184 2440 ostendimus
1204 2398 1306 2439 illud
1328 2409 1421 2439 esse
1435 2410 1660 2439 romanum
1674 2398 1918 2451 pontificem

181 2472 222 2508 et
256 2473 426 2509 coetum
461 2471 761 2522 episcoporum
793 2470 881 2510 sive
917 2470 961 2510 in
993 2469 1223 2510 concilium
1258 2469 1581 2510 oecumenicum
1615 2473 1919 2522 congregatum

180 2539 268 2579 sive
290 2551 366 2591 per
388 2539 536 2581 orbem
559 2540 796 2593 dispersum
819 2540 875 2595 (n.
899 2542 985 2585 260
1008 2541 1091 2596 ss).
1134 2539 1364 2581 Praeterea
1386 2540 1617 2581 tenendum
1640 2544 1704 2581 est

299 2610 340 2653 1.
364 2614 576 2662 potestate
591 2610 783 2659 docendi,
806 2611 1000 2663 quamvis
1016 2622 1107 2651 non
1129 2609 1344 2660 infallibili,
1366 2611 1690 2652 authentica
1708 2611 1739 2667 1)
1762 2615 1917 2652 tamen.

177 2679 392 2731 praeditos
416 2693 509 2722 esse
534 2682 577 2722 in
610 2694 688 2722 sua
711 2681 898 2723 dioecesi
920 2681 1146 2734 episcopos
1157 2697 1169 2730 ;
1199 2681 1243 2721 hi
1274 2682 1386 2722 enim
1419 2682 1546 2734 positi
1577 2686 1674 2722 sunt
1706 2695 1731 2722 a
1762 2679 1918 2733 Spiritu

322 2799 349 2841 ¹)
367 2796 503 2831 Doctor
521 2808 542 2830 a
553 2808 578 2830 u
589 2798 604 2830 t
615 2797 639 2830 h
650 2807 669 2831 e
682 2809 703 2831 n
716 2797 754 2831 ti
767 2808 818 2831 cu
831 2808 846 2830 s
864 2798 903 2830 in
920 2796 1083 2831 Ecclesia
1103 2798 1167 2837 est,
1187 2797 1252 2841 qui
1270 2808 1313 2831 ex
1331 2797 1453 2831 officio
1473 2798 1652 2832 divinitus
1669 2797 1843 2831 instituto
1857 2796 1918 2840 jus

178 2847 293 2883 habet
310 2849 348 2882 et
365 2848 632 2894 obligationem
651 2851 818 2892 docendi,
837 2850 895 2884 cui
913 2849 1070 2895 proinde
1087 2850 1128 2883 in
1148 2849 1232 2884 aliis
1250 2850 1452 2895 respondet
1465 2850 1639 2885 audiendi
1654 2850 1826 2885 officium.
1846 2851 1917 2882 Au-

178 2900 325 2935 thentia
341 2901 453 2936 latius
471 2905 576 2946 patet
594 2902 865 2937 infallibilitate
883 2904 1013 2947 estque
1025 2903 1089 2947 jus
1107 2903 1286 2943 docentis,
1313 2904 1356 2937 ut
1381 2903 1558 2938 audiatur
1585 2909 1621 2937 et-
1648 2903 1724 2947 ejus
1751 2902 1918 2936 doctrina

178 2954 390 2999 recipiatur.
424 2955 477 2990 De
495 2955 654 2990 essentia
671 2956 878 2990 authentici
892 2956 1029 3000 judicis
1056 2965 1129 2990 non
1149 2958 1216 2997 est,
1243 2958 1285 2990 ut
1302 2957 1380 3001 ipse
1407 2956 1479 2991 sibi
1505 2967 1672 2990 normam
1698 2956 1850 2995 statuat,
1869 2964 1920 2987 se-

180 3008 338 3041 cundum
359 3019 469 3052 quam
489 3009 672 3049 decernat,
689 3020 809 3053 neque
826 3010 869 3043 ut
887 3009 964 3053 ejus
982 3009 1169 3043 sententia
1196 3009 1245 3043 sit
1270 3010 1531 3055 peremptoria,
1560 3019 1581 3042 a
1608 3019 1681 3053 qua
1706 3018 1780 3042 non
1807 3007 1919 3041 liceat

179 3059 380 3105 appellare,
398 3061 441 3095 ut
457 3061 578 3105 liquet
596 3070 638 3096 ex
657 3063 714 3096 tot
725 3062 916 3107 judicibus
934 3062 1122 3096 societatis
1153 3062 1289 3097 civilis:
1322 3073 1438 3107 eoque
1468 3061 1585 3107 magis
1616 3062 1685 3095 erit
1715 3059 1850 3104 aliquis
1879 3060 1919 3094 in

184 3113 346 3148 Ecclesia.
364 3113 492 3149 doctor
510 3115 758 3156 authent-icus,
773 3127 845 3159 quo
863 3115 1004 3160 majore
1017 3116 1100 3160 jure
1117 3115 1205 3150 licet
1222 3126 1454 3160 praesumere
1473 3125 1555 3149 eum
1575 3115 1701 3148 docere
1723 3114 1762 3147 in
1782 3114 1918 3148 unione
