2175 3382
196 122 281 162 242
726 115 848 149 Tract.
869 114 929 149 [ΙΙ.
947 115 999 150 De
1018 114 1189 150 Ecclesia.
1211 114 1402 155 Beneficia,

315 244 360 278 21
375 245 411 278 ¹7.
436 238 577 275 Merito
601 250 692 288 ergo
715 237 917 275 damnavit
939 238 1033 275 Pius
1055 237 1118 275 lx.
1141 249 1250 286 prop.
1279 244 1340 277 19.
1364 237 1529 286 syllabi:
1555 238 1757 282 ‚Ecclesia
1777 250 1855 277 non
1876 246 1934 277 est

196 309 288 334 vera
311 296 561 346 perfectaque
583 297 747 335 societas
769 297 885 346 plane
907 297 1041 342 libera,
1073 308 1143 334 nec
1165 296 1288 345 pollet
1310 297 1390 333 suis
1411 297 1579 345 propriis
1600 300 1641 334 et
1661 297 1935 335 constantibus

193 355 355 405 juribus
379 355 453 394 sibi
477 369 497 393 a
520 355 655 394 divino
678 356 885 393 fundatore
907 356 1080 399 collatis;
1105 355 1172 393 sed
1194 354 1322 392 civilis
1343 355 1551 404 potestatis
1568 358 1630 393 est
1643 355 1816 403 definire,
1837 369 1936 406 quae

196 414 280 452 sint
310 414 505 453 Ecclesiae
532 415 624 463 jura
656 427 699 453 ac
722 415 881 460 limites,
914 415 1019 452 intra
1052 426 1150 462 quos
1182 414 1316 452 eadem
1345 415 1438 463 jura
1463 426 1642 453 exercere
1665 418 1834 463 queat;‘
1860 421 1936 456 20:

195 473 500 518 ,Ecclesiastica
531 476 706 523 potestas
740 487 849 512 suam
882 474 1156 511 auctoritatem
1190 485 1367 511 exercere
1397 485 1471 512 non
1503 473 1620 511 debet
1640 474 1788 523 absque
1808 473 1937 512 civilis

195 532 380 582 gubernii
413 533 527 570 venia
558 536 597 571 et
628 538 843 577 assensu3<⁴
876 545 985 582 prop.
1011 539 1084 577 243
1111 538 1186 575 2s;
1222 540 1297 572 34:
1327 540 1400 572 41:
1434 532 1576 577 ,civili
1596 533 1783 582 potestati
1803 533 1866 570 vel
1888 532 1936 570 ab

195 591 346 629 infideli
387 592 606 642 imperante
648 592 838 630 exercitae
878 592 1066 641 competit
1095 594 1270 640 potestas
1301 591 1492 630 indirecta
1522 592 1703 642 negativa
1734 592 1777 629 in
1808 603 1935 636 sacra;

195 650 324 688 eidem
348 651 538 700 competit
559 651 704 689 nedum
722 652 802 700 jus,
825 650 929 699 quod
954 654 1091 688 vocant
1112 650 1457 698 Exsequatur,
1485 651 1552 688 sed
1575 651 1693 688 etiam
1710 651 1778 700 jus
1801 651 1934 700 appel-

194 709 355 748 lationis
388 722 505 758 quam
543 713 776 759 nuncupant
807 710 854 746 ab
896 709 1108 753 abusu;<‘
1144 717 1219 749 44:
1255 709 1416 754 ,Civilis
1448 710 1661 748 auctoritas
1691 712 1824 760 potest
1854 721 1935 748 sese

195 768 415 806 immiscere
437 769 566 814 rebus,
590 782 688 818 quae
712 768 760 806 ad
775 768 1017 818 religionem,
1040 781 1167 806 mores
1181 772 1221 806 et
1234 769 1421 818 regimem
1435 769 1639 818 spirituale
1653 769 1857 818 pertinent
1875 766 1906 819 1)
1917 774 1934 792 ‘

194 830 269 866 etc.
292 828 429 877 Neque
461 828 589 866 obstat
619 828 926 878 praerogativae,
960 840 1039 876 qua
1058 827 1231 865 Ecclesia
1263 830 1324 865 est
1354 828 1524 877 perfecta
1550 829 1728 874 societas,
1763 827 1868 876 quod
1890 839 1936 865 ea

195 890 395 936 supponat
426 887 601 925 ordinem
642 887 825 924 socialem
857 886 1112 937 indigeatque
1144 887 1263 924 etiam
1293 886 1434 924 mediis
1465 887 1732 925 naturalibus:
1774 899 1865 924 nam
1895 890 1936 925 et

195 946 324 995 gratia
347 946 537 995 supponit
557 949 751 991 naturam,
779 946 910 984 anima
933 958 1083 995 corpus,
1106 946 1333 983 intellectus
1355 958 1526 991 sensum,
1549 949 1589 984 et
1611 946 1761 984 familia
1781 945 1936 996 indiget

197 1017 312 1054 saepe
344 1005 516 1051 famulis,
548 1018 614 1043 rex
646 1005 867 1049 militibus;
902 1017 1030 1054 neque
1061 1007 1269 1054 propterea
1299 1005 1427 1054 gratia
1459 1005 1635 1055 subjecta
1664 1008 1725 1044 est
1755 1009 1931 1044 natm-ae.

191 1063 321 1101 anima
353 1065 515 1114 corpori,
547 1064 776 1102 intellectus
808 1064 950 1110 sensui,
983 1064 1130 1101 familia
1162 1063 1296 1110 servis,
1319 1064 1513 1102 militibus
1544 1077 1621 1103 rex.
1663 1064 1735 1102 Est
1755 1064 1819 1102 hic
1840 1063 1934 1102 ordo

191 1123 383 1171 quaedam
408 1123 440 1161 si
471 1123 531 1161 vis
553 1123 814 1172 dependentia
845 1123 1390 1172 praesuppositionis,
1424 1135 1502 1161 non
1529 1123 1787 1172 dependentia
1803 1124 1818 1172 j
1832 1123 1933 1161 uri-

189 1181 302 1219 dica
324 1185 363 1220 et
384 1182 651 1232 subjectionis.

317 1285 413 1320 218.
437 1276 684 1321 Scholion.
708 1280 764 1317 De
795 1276 927 1317 habitu
951 1279 1159 1316 Ecclesiam
1193 1280 1289 1316 inter
1321 1286 1353 1316 et
1373 1281 1582 1317 societatem
1606 1280 1758 1316 civilem.
1782 1301 1839 1307 -—
1860 1279 1932 1317 Ec-

192 1339 321 1383 clesia,
355 1339 430 1376 etsi
461 1339 622 1376 societas
654 1342 713 1376 est
734 1339 917 1388 perfecta,
950 1339 1140 1376 distincta
1163 1351 1183 1375 a
1205 1338 1390 1376 societate
1413 1338 1519 1376 civili
1541 1351 1663 1387 eaque
1684 1338 1799 1388 longe
1818 1350 1932 1388 prae-

189 1397 367 1439 stantior,
391 1410 470 1436 non
491 1401 624 1435 tamen
645 1401 853 1462 propterpfa
876 1411 896 1435 a
919 1398 1105 1435 societate
1128 1397 1233 1434 civili
1257 1400 1317 1434 est¹
1339 1397 1573 1447 separanda:
1605 1397 1806 1435 damnavit
1826 1397 1931 1434 enim

189 1457 310 1494 Pius
333 1457 396 1494 IX.
419 1470 528 1506 prop.
552 1457 696 1506 syllabi
719 1464 793 1498 55:
830 1457 1027 1501 ,Ecclesia
1048 1470 1069 1493 a
1091 1458 1198 1494 statu
1221 1458 1430 1505 statusque
1452 1457 1501 1494 ab
1521 1456 1695 1494 Ecclesia
1716 1461 1777 1494 est
1799 1456 1931 1505 sejun-

188 1515 390 1566 gendus;‘
414 1516 492 1554 imo
515 1529 604 1554 cum
627 1529 671 1554 ea
692 1529 771 1554 non
792 1529 871 1554 uno
886 1516 1060 1553 vincitur
1081 1528 1196 1553 nexu.
1220 1515 1357 1560 Qualis
1379 1519 1512 1553 autem
1532 1516 1566 1553 is
1588 1516 1653 1561 sit,
1677 1515 1725 1553 ad
1743 1515 1847 1565 juris
1870 1527 1932 1553 ca-

188 1575 318 1613 nonici
348 1575 497 1624 peritos
530 1578 680 1625 spectat
710 1575 880 1613 definire.
925 1575 1101 1612 Sufficiat
1132 1575 1245 1612 nobis
1276 1574 1323 1612 de
1355 1575 1494 1612 habitu
1515 1574 1728 1613 Ecclesiam
1759 1574 1864 1612 inter
1894 1577 1933 1612 et

189 1634 415 1672 societatem
438 1634 591 1672 civilem
613 1635 689 1672 tria
710 1636 885 1672 notasse:

308 1716 350 1758 l.
375 1731 456 1755 eum
481 1731 526 1755 ea:
540 1723 658 1767 parte
681 1719 870 1756 Ecclesiae
901 1731 978 1756 esse
1010 1719 1216 1755 admodum
1252 1718 1451 1765 beneficum
1485 1721 1523 1755 et
1556 1718 1780 1755 salutarem.
1823 1717 1932 1755 Sicut

189 1777 295 1814 enim
325 1777 451 1825 gratia
482 1790 563 1814 non
594 1778 763 1815 destruit
794 1781 988 1822 naturam,
1021 1777 1089 1814 sed
1122 1790 1207 1814 eam
1238 1777 1372 1826 potius
1397 1776 1550 1826 perficit
1575 1779 1615 1814 et
1636 1777 1782 1813 elevat:
1814 1776 1871 1813 ita
1891 1778 1931 1813 et

189 1836 361 1874 Ecclesia
383 1837 562 1874 societati
583 1837 777 1874 humanae
799 1837 971 1874 naturali
992 1837 1221 1874 nullatenus
1243 1837 1483 1881 adversatur,
1511 1836 1590 1873 imo
1612 1835 1655 1873 in
1676 1835 1929 1873 omnisordi-

187 1895 248 1932 nis
281 1895 435 1933 socialis
467 1896 567 1933 cedit
602 1896 862 1941 commodum,
895 1896 990 1933 adeo
1016 1898 1063 1933 ut
1085 1895 1415 1944 quemadmodum
1437 1895 1484 1931 de
1507 1895 1656 1933 Christo
1679 1894 1756 1932 dici
1776 1894 1929 1944 potuit:

188 1953 423 1992 Pertransiit
453 1955 716 2002 benefaciendo
747 1960 783 1993 et
812 1956 988 1993 sanando
1021 1967 1146 1992 omnes
1177 1966 1376 2003 oppressos
1407 1967 1431 1991 α
1453 1954 1601 1992 diabolo
1623 1950 1727 2007 (Act.
1756 1961 1819 2000 10,
1845 1950 1930 2006 38),

187 2013 244 2050 ita
274 2016 314 2051 et
344 2014 391 2051 de
414 2014 587 2051 Ecclesia
608 2017 784 2063 repetere
807 2014 942 2052 liceat:
975 2014 1204 2062 pertransiit
1227 2014 1358 2051 secula
1378 2013 1478 2054 XIX.
1511 2015 1648 2063 gentes
1669 2012 1930 2063 regionesque

188 2085 334 2118 omnes
369 2073 526 2111 ordines
559 2074 719 2111 sociales
751 2076 922 2119 cunctos,
960 2073 1086 2110 varias
1116 2073 1321 2110 hominum
1353 2072 1595 2110 conditiones
1627 2075 1697 2109 etc.
1728 2071 1930 2110 benefa-

187 2131 371 2169 ciendo
393 2133 544 2170 cunctis
568 2135 607 2170 et
629 2132 802 2170 sanando
824 2144 970 2170 omnes.
1013 2132 1213 2170 Benefecit
1235 2132 1338 2169 enim

307 2227 350 2256 a.
375 2216 610 2266 singulis
640 2216 876 2261 hominibus,
910 2217 1028 2254 etiam
1060 2216 1102 2253 in
1132 2215 1267 2253 ordine
1298 2215 1481 2260 naturali,
1513 2214 1655 2252 docens
1687 2226 1752 2251 eos
1781 2216 1929 2251 creatos

192 2287 275 2312 esse
298 2275 345 2312 ad
368 2275 439 2312 Dei
463 2276 698 2325 imaginem;
728 2278 893 2320 vocatos,
927 2278 972 2313 ut
997 2275 1078 2312 sint
1099 2274 1172 2312 filii
1193 2275 1276 2319 Dei,
1299 2273 1467 2322 ideoque
1489 2273 1630 2311 fratres
1651 2274 1756 2310 inter
1777 2285 1828 2318 se,
1849 2272 1927 2310 fra·

189 2336 269 2371 tres
292 2334 446 2379 Christi,
470 2335 632 2372 heredes
654 2335 764 2384 regni
787 2336 1005 2379 coelorum3
1032 2334 1137 2371 unde
1158 2334 1374 2382 plurimum
1397 2333 1565 2370 contulit
1588 2333 1636 2370 ad
1667 2332 1929 2382 abrogandam

190 2392 424 2431 servitutem
443 2392 488 2447 2),
513 2394 678 2432 dedecus
699 2394 801 2431 illud
823 2394 977 2444 generis
999 2393 1123 2431 nostri
1147 2395 1201 2444 (n.
1227 2391 1310 2445 68).

309 2474 356 2516 b.
380 2476 582 2514 Benefecit
612 2477 813 2526 speciatim
844 2477 954 2515 sexui
986 2477 1227 2523 femineo,
1260 2477 1330 2525 qui
1352 2489 1462 2514 suam
1484 2475 1717 2524 dignitatem
1737 2474 1929 2512 Ecclesiae

187 2595 273 2631 tum
308 2597 347 2631 et
376 2595 452 2631 viri
485 2608 604 2632 serva.
646 2596 773 2633 Aucta
803 2598 932 2633 autem
975 2596 1113 2633 matris
1145 2595 1341 2644 dignitate
1375 2594 1601 2632 nobilitavit
1631 2593 1758 2641 ipsam
1788 2591 1929 2629 fami-

187 2652 328 2697 liam,
352 2654 465 2702 eujus
487 2654 635 2692 bonum
657 2655 871 2703 multiplici
893 2655 969 2691 alio
991 2655 1110 2692 etiam
1130 2654 1246 2692 modo
1268 2653 1474 2702 promovit,
1497 2655 1632 2690 tutans
1651 2651 1775 2701 prolis
1795 2651 1928 2696 vitam,

334 2823 360 2864 ¹)
381 2822 504 2856 Plures
533 2823 624 2857 alios
652 2822 832 2868 ejusmodi
851 2833 990 2857 errores
1008 2823 1162 2857 damnat
1179 2833 1325 2866 quoque
1352 2823 1391 2856 in
1409 2832 1465 2865 ep.
1484 2821 1621 2865 encycl.
1645 2820 1801 2862 ‚Quanta
1818 2827 1928 2861 cura‘‚

188 2878 220 2912 8.
240 2875 324 2910 Dec.
347 2877 437 2910 1864
455 2876 552 2919 aptid
574 2875 603 2909 D
617 2887 670 2910 en
683 2877 852 2921 zinger
881 2876 1112 2910 enchiridion
1130 2876 1248 2921 symb.
1268 2877 1305 2910 et
1322 2874 1577 2909 definitionum
1595 2886 1631 2908 n.
1654 2875 1849 2910 1545—47.
1874 2874 1927 2909 cf.

189 2929 462 2970 Atzberger
479 2930 517 2962 in
537 2930 677 2965 contin.
696 2942 753 2974 op.
774 2930 961 2964 Scheeben
979 2929 1127 2964 Handb.
1146 2930 1211 2964 der
1227 2930 1264 2963 k.
1284 2928 1412 2973 Dogm.
1431 2929 1448 2966 ἓ
1468 2929 1547 2964 329.

331 2986 359 3023 2)
380 2981 495 3030 Quam
516 2982 597 3016 dira
614 2983 704 3017 haec
726 2983 813 3017 olim
832 2983 956 3021 fuerit,
975 2984 1117 3018 erudite
1134 2983 1301 3017 ostendit
1326 2982 1501 3016 Allard
1527 2980 1567 3015 in
1594 2991 1653 3026 op.
1673 2982 1738 3016 Les
1765 2981 1927 3016 esclaves

188 3035 370 3070 chretiens
389 3035 518 3078 depuis
537 3036 588 3070 les
602 3037 777 3079 premiers
794 3037 916 3081 temps
934 3036 978 3070 de
996 3035 1149 3081 l'Eglise
1167 3036 1287 3080 jusqu·
1303 3036 1325 3068 a
1354 3035 1391 3068 la
1418 3034 1467 3068 fin
1495 3034 1539 3068 de
1566 3033 1603 3068 la
1621 3033 1854 3069 domination
1870 3044 1927 3068 ro-

189 3089 312 3124 maine
331 3100 376 3123 en
394 3089 579 3129 Occident‚
599 3088 748 3123 Parisiis
768 3090 871 3134 1876,
889 3089 934 3123 de
952 3099 1024 3133 quo
1045 3090 1089 3124 cf.
1107 3088 1286 3122 Katholik
1307 3088 1396 3122 1877
1415 3086 1458 3127 II,
1479 3089 1545 3122 282
1564 3098 1609 3121 ss
