2175 3382
743 74 838 108 inter
856 85 882 107 s.
902 73 1127 117 Scripturam
1147 74 1183 107 et
1202 73 1413 110 Ecclesiam.
1856 81 1942 124 203

211 194 392 240 toritate,
425 192 531 233 alius
554 192 718 233 accedit
740 196 857 233 ortus
885 203 935 233 ex
958 204 990 234 s.
1015 189 1257 244 Scripturae
1281 205 1305 233 o
1319 193 1649 244 bscuritate,
1681 209 1809 249 quam
1841 209 1940 249 pro-

211 266 416 304 testantes
438 262 608 315 quidem
631 266 780 303 contra
803 273 972 303 omnem
1005 261 1132 302 etiarn
1165 264 1468 314 experientiam
1491 266 1646 306 acriter
1667 278 1822 319 negare
1845 280 1942 319 per-

211 337 322 386 gunt.
356 332 416 373 Ex
436 333 518 374 hac
541 333 652 373 enim
676 332 936 373 obscuritate
960 333 1172 372 enascitur
1194 333 1427 374 necessitas
1450 334 1628 387 interp
1643 338 1798 386 retis,
1822 338 1940 390 cujus

211 416 365 444 munus
387 403 457 444 alii
478 402 667 456 profecto
692 402 818 443 tribui
839 402 984 455 nequit
1006 406 1132 454 atque
1154 402 1380 453 Ecclesiae,
1404 407 1470 444 cui
1494 405 1630 456 ipsum
1653 408 1940 449 concreditum

211 474 286 516 fuit
307 474 577 516 revelationis
599 474 849 526 depositum.
893 472 1033 524 Quare
1064 474 1311 526 profitemur
1343 475 1385 515 in
1418 476 1522 527 prof.
1550 476 1645 517 fidei
1667 478 1779 518 trid:
1818 479 1941 529 ‚Item

211 557 241 588 s.
265 543 527 597 Scripturam
544 545 666 597 juxta
690 556 787 585 eum
808 556 992 592 sensum,
1024 556 1150 596 quem
1173 545 1306 585 tenuit
1332 550 1373 585 et
1395 551 1510 587 tenet
1533 560 1562 587 s.
1587 552 1722 588 mater
1744 548 1942 590 Ecclesia.

212 615 331 668 cujus
363 620 427 656 est
451 615 643 668 Judicare
666 615 718 656 de
739 626 841 656 vero
864 626 992 655 sensu
1021 619 1062 655 et
1082 615 1432 667 interpretatione
1455 630 1486 660 s.
1508 616 1835 670 Scripturarum,
1867 620 1942 659 ad-

211 685 343 734 mitto,
375 697 455 726 nec
486 698 582 727 eam
613 698 802 738 unquam
833 686 913 726 nisi
939 685 1062 737 juxta
1092 687 1338 727 unanimem
1361 699 1616 728 consensum
1639 693 1807 740 patrum
1832 691 1942 730 acci-

212 756 327 808 piam
351 761 393 797 et
412 756 726 809 interpretabor
748 756 814 811 (cf.
837 769 875 800 n.
903 757 1037 811 126st

329 837 591 890 Scripturam
613 843 757 880 autem
779 851 866 880 non
888 838 1057 891 quidem
1079 839 1122 879 in
1144 838 1341 879 omnibus
1365 845 1406 880 et
1438 852 1618 892 semper,
1650 853 1778 893 saepe
1801 846 1943 882 tamen

214 909 256 948 in
286 909 348 958 iis,
380 921 490 962 quae
523 909 576 950 ad
607 909 732 950 fidem
765 914 806 950 et
828 921 969 950 mores
991 914 1196 962 spectant,
1229 921 1322 950 esse
1345 910 1572 951 obscuram
1596 912 1661 952 vel
1683 912 1833 952 saltem
1856 925 1941 953 non

209 978 269 1019 ita
289 980 571 1032 perspicuam,
604 985 649 1021 ut
679 981 908 1033 interprete
939 992 1026 1021 non
1058 985 1191 1032 egeat,
1224 981 1283 1021 ita
1315 985 1378 1021 est
1400 981 1683 1031 manifestum,
1715 987 1759 1023 ut
1790 983 1943 1023 mirum

210 1050 274 1099 sit,
305 1049 348 1090 id
377 1052 570 1091 revocari
602 1052 643 1091 in
677 1051 861 1092 dubium.
905 1051 995 1092 Hoc
1027 1052 1139 1092 enim
1161 1052 1345 1103 probare
1367 1064 1593 1104 possumus
1616 1066 1658 1096 a.
1683 1065 1733 1094 ex
1756 1054 1856 1105 ipsis
1881 1054 1943 1094 di-

209 1120 317 1161 vinis
338 1121 480 1170 literis,
502 1134 604 1162 nam
626 1136 657 1164 s.
680 1121 829 1163 Petrus
852 1126 889 1167 2.
913 1134 975 1174 ep.
991 1126 1029 1170 3,
1047 1125 1098 1165 16
1123 1122 1279 1163 diserte
1302 1127 1482 1164 testatur
1503 1124 1546 1163 in
1569 1124 1754 1175 epistolis
1778 1124 1944 1165 s.P‘1uli
2156 1165 2169 1171 f

212 1202 305 1232 esse
327 1192 529 1246 quaedam
555 1192 749 1246 difficilia
771 1193 987 1247 intellectu,
1019 1207 1123 1247 quae
1148 1194 1300 1234 indocti
1331 1199 1366 1234 et
1403 1194 1612 1236 instabiles
1633 1196 1864 1249 delmecmt
1887 1198 1942 1236 si·
2002 1178 2162 1222 'fas

211 1268 279 1304 cut
299 1271 334 1306 ec
356 1268 508 1306 ceteras
533 1265 776 1319 Scripturas
787 1281 803 1316 ,-
833 1265 1039 1318 probatur
1068 1266 1116 1308 b.
1151 1277 1200 1306 ex
1232 1266 1465 1306 innumeris
1487 1270 1657 1318 patrum
1679 1266 1944 1311 testimoniis,
2099 1316 2107 1318 ἡ

210 1339 300 1375 tum
324 1347 365 1378 c.
391 1346 443 1375 ex
465 1336 657 1388 ipsorum
679 1337 1006 1388 protestantium
1030 1335 1378 1385 confessionibus
1411 1348 1490 1377 nec
1521 1349 1608 1378 non
1630 1338 1672 1380 d.
1697 1349 1747 1377 ex
1769 1338 1859 1389 ipsa
1883 1338 1944 1378 rei
1988 1328 2175 1405 m

210 1409 363 1446 natura
386 1406 409 1445 i.
433 1417 466 1446 e.
490 1418 542 1447 ex
565 1405 661 1447 fidei
684 1406 873 1459 objectis,
900 1418 1009 1459 quae
1031 1407 1208 1448 rationis
1231 1412 1402 1460 captum
1425 1409 1657 1448 maximam
1679 1412 1844 1459 partem
1867 1419 1938 1448 ex·
1956 1384 2091 1425 Μ(

212 1476 367 1517 cedunt
387 1476 566 1530 ideoque
598 1479 842 1519 necessario
875 1477 1059 1518 obscura
1090 1477 1387 1529 intellectuque
1420 1477 1603 1518 difficilia
1634 1482 1741 1518 sunt.
1784 1476 1942 1518 Verum

211 1547 275 1588 his
297 1548 464 1589 omissis
487 1547 639 1589 sufficit
670 1561 708 1591 e.
741 1559 976 1600 provocare
1000 1547 1053 1587 ad
1076 1547 1233 1588 tactum
1256 1546 1384 1587 XVIII
1407 1547 1659 1596 seculorum,
1690 1548 1942 1588 nominatim

211 1618 265 1659 ad
287 1619 422 1670 ipsam
444 1620 770 1671 protestantium
794 1618 1111 1671 experIentiam.
1140 1619 1210 1670 qui
1232 1618 1283 1658 de
1307 1618 1567 1669 singulorum
1590 1618 1676 1659 fere
1700 1616 1944 1670 Scripturae

209 1689 440 1730 incisorum
472 1701 601 1730 sensu
633 1689 924 1742 digladiantur.
977 1687 1142 1730 Causae
1174 1693 1315 1729 autem
1349 1688 1620 1747 obscuritatis
1652 1693 1820 1741 praeter
1855 1702 1942 1741 my-

211 1760 339 1801 steria
353 1764 472 1801 sunt:
494 1761 693 1801 vaticinia
708 1760 898 1801 nondum
913 1759 1153 1811 adimpleta,
1174 1759 1410 1813 locutio-nes
1425 1759 1628 1811 figuratae
1652 1764 1693 1799 et
1715 1759 1947 1827 allegossae
1960 1763 2110 1812 Μ
2123 1746 2175 1768 ⁶²⁷⁰

211 1830 323 1883 apud
343 1843 422 1871 nos
446 1831 584 1871 minus
606 1831 800 1881 usitatae,
831 1830 1073 1878 hebraismi,
1106 1835 1362 1882 apparentes
1390 1804 1976 1899 contradictiones‘,²⁴“1‘5epen5W

210 1901 286 1941 tini
307 1902 509 1942 transitus
533 1901 584 1942 de
607 1913 735 1942 sensu
756 1901 907 1942 literali
930 1901 984 1941 ad
1006 1901 1271 1949 translatum,
1295 1901 1346 1941 de
1369 1913 1453 1941 uno
1478 1900 1645 1953 objecto
1669 1901 1722 1941 ad
1745 1901 1858 1942 aliud
1881 1913 1930 1942 ex
1950 1924 1990 1951 aa
2117 1896 2175 1934 ΔΛ*

210 1984 266 2023 gr.
290 1971 342 2012 de
363 1973 500 2024 primo
525 1972 711 2013 adventu
725 1971 879 2013 Christi
902 1972 955 2012 ad
978 1971 1169 2021 alterum,
1191 1971 1242 2012 de
1267 1971 1434 2012 Christo
1458 1971 1690 2012 secundum
1713 1983 1841 2012 unam
1866 1933 2175 2021 1161-’ζ’ῐιζζόἱκῖῗι

209 2046 349 2083 turam
381 2043 436 2083 ad
466 2043 604 2095 ipsum
638 2043 871 2084 secundum
894 2043 1085 2091 alteram,
1120 2042 1172 2083 de
1205 2047 1306 2095 typo
1342 2042 1396 2083 ad
1428 2043 1676 2095 antitypum,
1711 2042 1944 2082 disserendi

208 2113 317 2154 ratio
340 2113 464 2154 nimis
489 2114 673 2162 concisa,
704 2113 816 2154 unde
843 2114 1151 2154 sententiarum
1173 2125 1307 2154 nexus
1329 2114 1498 2165 pervIus
1530 2125 1616 2154 non
1649 2117 1722 2161 est,
1755 2112 1943 2153 defectus
1966 2100 2175 2166 ‘le-Wr‘

210 2183 369 2224 ordinis
391 2185 654 2238 systematici
676 2185 718 2225 in
740 2184 1027 2237 proponendis
1049 2183 1177 2225 rebus
1197 2183 1294 2224 fidei
1327 2188 1369 2225 et
1390 2196 1570 2231 morum,
1604 2182 1857 2234 ambiguitas
1880 2155 2175 2227 lam

209 2254 402 2304 cutionis,
424 2268 527 2296 num
551 2266 602 2296 ea
623 2256 793 2308 proprie
816 2267 872 2296 an
893 2254 1068 2307 figurate
1092 2256 1145 2295 sit
1167 2255 1425 2306 achpienda,
1449 2267 1551 2295 num
1567 2266 1619 2295 ea
1634 2254 1866 2306 praecipiat
1890 2266 1944 2294 an
1965 2269 2175 2303 ,ummo-2

210 2326 404 2366 consulat
425 2330 590 2367 tantum
615 2328 670 2382 (n.
697 2327 809 2382 118),
832 2330 1015 2379 quantus
1039 2327 1092 2366 sit
1114 2326 1205 2378 ejus
1228 2314 1411 2366 ambitus
1436 2330 1512 2368 etc.
1541 2330 1622 2398 ‘5⁹5⁴
1643 2370 1698 2385 m
1961 2303 2175 2379 'ffwffl

328 2411 446 2460 Cujus
497 2412 843 2449 obscuritatis
884 2413 1016 2460 patres
1028 2410 1058 2463 1)
1100 2412 1317 2459 praeclaras
1359 2410 1530 2447 reddunt
1571 2411 1664 2447 rati
1678 2380 2175 2487 offlcffiJZff-Zss

2104 2483 2107 2485 .
2153 2469 2175 2484 a

209 2479 251 2509 a.
275 2470 446 2507 voluisse
468 2483 552 2508 eam
574 2471 710 2516 Deum,
733 2472 779 2508 ut
800 2471 912 2508 homo
944 2470 1118 2515 haberet,
1142 2470 1184 2506 in
1207 2482 1283 2517 quo
1306 2470 1460 2506 utiliter
1481 2475 1725 2508 exerceretur
1747 2471 1864 2518 atque
1887 2470 1941 2505 la-

208 2526 422 2581 boraret2);
445 2530 607 2567 eandem
627 2530 802 2567 relictam
825 2541 906 2566 esse
928 2527 975 2569 b.
1001 2555 1018 2573 »
1029 2529 1077 2565 ad
1099 2529 1343 2565 intellectum
1367 2542 1388 2565 a
1409 2528 1564 2565 fastidio
1587 2528 1858 2566 revocandum.
1882 2528 1943 2564 cui

361 2669 385 2708 ¹)
398 2666 553 2701 Patrum
569 2667 783 2701 testimonia
801 2666 830 2700 B
842 2677 861 2700 o
874 2666 949 2700 nfr
961 2667 1064 2700 eriu
1077 2678 1092 2699 s
1111 2677 1140 2700 c.
1160 2668 1179 2699 9
1199 2678 1225 2700 s.
1246 2670 1265 2700 2
1284 2667 1323 2699 in
1341 2669 1385 2699 20
1404 2666 1536 2700 classes
1554 2665 1754 2700 distribuit.
1797 2665 1943 2698 Potiora

211 2718 387 2752 exhibent
404 2719 742 2753 Bellarminus
760 2720 784 2753 1.
804 2722 825 2754 3
845 2730 873 2753 c.
896 2723 911 2752 1
932 2730 997 2757 ss.;
1017 2718 1231 2751 Perrone
1249 2729 1276 2751 c.
1297 2720 1336 2756 ὃς
1356 2718 1393 2751 M
1410 2717 1596 2752 azzella.
1614 2728 1644 2751 a.
1666 2723 1694 2752 5.
1715 2719 1749 2750 et
1763 2717 1802 2750 in
1816 2717 1944 2760 primis

209 2769 424 2805 Becanus
443 2782 607 2806 summae
624 2772 737 2806 theol.
757 2784 793 2816 p.
813 2775 833 2805 2
851 2773 878 2805 t.
898 2774 917 2804 2
936 2772 981 2805 tr.
1002 2775 1018 2805 1
1039 2781 1068 2805 c·
1087 2774 1107 2805 3
1126 2783 1159 2814 q.
1179 2774 1213 2808 8,
1234 2771 1298 2815 qui
1316 2772 1408 2804 bene
1425 2771 1543 2805 varias
1562 2781 1688 2804 causas
1707 2769 1942 2803 obscuritatis

211 2826 414 2859 enumerat.

354 2878 379 2922 2)
397 2878 455 2912 Ita
474 2879 602 2912 auctor
630 2890 648 2912 c
659 2889 679 2912 o
692 2891 728 2912 m
739 2891 775 2911 m
787 2890 805 2912 e
817 2891 839 2912 n
852 2881 868 2912 t
879 2890 899 2912 a
910 2878 974 2912 rii
1004 2878 1043 2912 in
1061 2878 1194 2913 Isaiam
1213 2878 1320 2919 (inter
1339 2888 1447 2922 opera
1467 2889 1493 2911 s.
1514 2877 1542 2910 Β
1554 2888 1574 2910 a
1585 2878 1623 2911 si
1635 2877 1647 2910 1
1659 2877 1670 2910 1
1682 2877 1706 2921 i)
1738 2877 1847 2920 praef.
1868 2888 1900 2910 11.
1921 2881 1939 2904 Η

209 2931 307 2964 inter
325 2931 398 2964 alia
416 2932 524 2966 dicit:
547 2931 884 2973 „Quemadmodum
904 2932 1024 2976 opifex
1041 2932 1166 2966 noster
1192 2932 1230 2965 in
1257 2931 1314 2965 his
1342 2932 1465 2976 (rebus
1483 2931 1728 2974 naturalibus)
1747 2929 1941 2962 commodi-

209 2983 303 3017 tates
322 2985 420 3018 vitae
437 2984 544 3019 nobis
560 2985 660 3019 haud
678 2986 846 3020 invidens
865 2985 990 3020 omnia
1006 2996 1082 3019 una
1098 2984 1291 3019 nobiscum
1318 2985 1489 3018 similiter
1516 2994 1556 3017 ac
1575 2984 1691 3016 brutis
1718 2983 1869 3026 produci
1899 2992 1938 3014 at·

208 3037 394 3080 procreari
412 3048 485 3071 non
503 3037 682 3082 permisit,
701 3038 762 3072 sed
781 3038 882 3072 velut
909 3037 1050 3082 ingenii
1078 3037 1292 3072 exercitium
1318 3048 1438 3071 rerum
1464 3037 1749 3071 necessariarum
1777 3034 1937 3078 inopiam
