2175 3382
818 144 1015 178 ministerii
1035 143 1285 178 ecclesiastici.
1834 146 1885 188 27
1892 146 1919 188 3

302 267 398 310 250.
422 265 783 308 Demonstratio
805 277 850 319 p.
865 263 930 306 II.
953 262 1189 303 Discrimen
1210 262 1320 302 inter
1342 260 1557 302 Ecclesiae
1580 261 1797 303 ministros
1819 261 1919 303 reli-

184 347 374 390 quosque
396 334 540 377 fideles
557 335 663 387 juris
686 346 779 376 esse
802 334 942 383 divini,
965 337 1082 386 patet

306 407 346 451 l.
379 418 431 447 ex
460 406 639 447 historia
670 405 935 458 evangelica:
977 404 1145 445 disertis
1186 405 1299 445 enim
1329 403 1470 444 verbis
1501 403 1676 455 legimus
1708 403 1921 445 Christum

184 479 416 520 secrevisse
439 477 646 530 quosdam
663 489 688 517 a
702 475 1003 528 discipulorum
1019 475 1156 523 turba,
1180 487 1287 527 quos
1311 487 1336 516 a
1347 487 1373 527 p
1386 487 1411 516 o
1425 474 1570 515 stolo
1583 488 1602 515 s
1625 476 1794 515 vocavit
1807 474 1920 530 (Luc.

185 549 342 604 6,12);
375 560 449 589 eos
481 548 645 588 misisse
677 547 931 588 auctoritate
953 546 1195 595 instructos,
1227 547 1335 586 sicut
1365 546 1455 597 ipse
1478 546 1632 586 missus
1655 545 1728 587 fuit
1751 558 1777 586 a
1798 545 1922 587 Patre

185 620 263 677 (Jo.
280 624 347 668 20,
362 620 448 675 21),
471 619 655 671 ipsisque
678 618 875 658 tribuisse
899 628 1078 657 munera
1100 621 1227 669 atque
1250 616 1570 668 praerogativas
1592 616 1684 657 aliis
1702 628 1790 657 non
1804 628 1922 657 com-

186 702 336 732 munes
368 691 423 746 (n.
452 692 562 742 115).
604 688 712 740 Ergo
744 689 834 740 ipse
857 686 1047 728 Christus
1079 691 1228 728 auctor
1259 690 1322 728 est
1353 686 1478 739 hujus
1500 686 1764 736 discriminis,
1785 698 1923 739 neque

184 761 284 802 illud
315 760 470 813 pendet
501 772 526 800 a
557 764 662 800 nutu
684 764 725 799 et
739 757 924 799 ’arbitrio
948 757 1100 798 turbae
1122 756 1320 798 fidelium.
1363 756 1469 797 Hinc
1491 756 1642 798 Petrus
1663 756 1752 801 Act.
1780 761 1844 807 10,
1865 761 1923 801 40

184 835 382 873 testatur:
406 830 531 871 Hunc
546 829 726 887 (Jesum)
743 829 858 870 Deus
880 829 1091 869 suscitavit
1114 829 1237 869 tertia
1260 828 1325 868 (lie
1347 832 1383 868 et
1406 828 1517 868 dedu
1540 841 1630 868 eum
1653 829 1923 882 manifestum

184 903 276 956 fieri
308 916 388 943 non
420 903 530 943 omui
562 902 728 956 popuZO,
760 901 830 942 sed
851 899 1018 942 cestibus
1033 899 1351 954 praeordinatis
1373 913 1398 939 α
1421 898 1533 939 Deo:
1564 898 1693 953 uobis,
1715 899 1785 954 qui
1807 912 1924 940 muu-

186 975 430 1014 (lucavimus
451 978 487 1015 et
509 972 683 1013 bibimus
706 985 797 1013 cum
819 971 902 1024 tuo,
926 975 1151 1026 postquam
1172 970 1400 1010 resur-remi}
1423 984 1449 1010 α
1473 971 1647 1011 mortuis
1658 985 1675 1021 ;
1706 976 1742 1011 et
1761 984 1924 1025 praece—

178 1046 246 1099 pit
267 1044 382 1085 nobis
396 1045 646 1098 praedicare
660 1043 819 1098 populo
843 1047 878 1083 et
901 1042 1114 1094 testificari
1137 1045 1214 1082 etc.
1563 1067 1824 1129 ww&
1838 1055 1950 1106 &wa

306 1116 346 1159 2.
369 1113 584 1167 Colligitur
606 1126 657 1156 ex
679 1113 818 1155 verbis
842 1113 982 1154 Pauli:
1005 1112 1059 1153 Et
1081 1113 1279 1168 quosdam
1302 1113 1464 1167 quidem
1480 1112 1623 1166 posuit
1647 1112 1761 1153 Deus
1781 1113 1826 1152 «iu
1848 1111 1924 1153 Ec·
2044 1136 2100 1197 v)
2116 1136 2175 1188 &M

187 1187 309 1227 etesia
332 1187 521 1240 primum
554 1186 756 1240 apostolos
823 1184 977 1225 ecundo
995 1183 1236 1238 prophetas,
1259 1184 1378 1223 tertio
1402 1183 1583 1224 doctores
1607 1220 1613 1227 ,
1640 1219 1647 1226 .
1671 1215 1679 1223 .
1712 1158 2037 1278 Νῒιιηῖῥιιὶἆυὼς
2126 1193 2175 1250 Δῖ

188 1261 323 1298 omnes
354 1257 566 1311 apostoli?
591 1198 962 1311 uuffl‘qffomnes
983 1255 1241 1309 prophetae?
1272 1254 1474 1309 numquid
1497 1267 1633 1295 omues
1655 1253 1867 1295 doctores?
1890 1257 1926 1297 1.
1943 1231 1983 1278 a}
2040 1229 2111 1259 W

188 1327 281 1369 Cor.
310 1331 374 1378 12,
396 1330 462 1372 28.
494 1327 549 1368 Et
579 1328 665 1381 ipse
688 1326 914 1382 (Christus)
947 1325 1060 1366 dedit
1086 1325 1283 1378 quosdam
1305 1325 1468 1380 Quidem
1491 1324 1706 1379 apostolos,
1728 1324 1925 1379 quosdam

190 1403 325 1441 autem
352 1398 588 1453 prophetas,
621 1399 726 1439 alios
756 1411 849 1438 vero
881 1398 1162 1450 evanyelistas,
1194 1397 1298 1437 alios
1324 1403 1460 1437 autem
1477 1404 1666 1450 pastores
1688 1399 1724 1436 et
1746 1384 2175 1467 doctoreswffl

190 1471 246 1511 ud
260 1471 647 1553 consummffitiofiim
662 1473 906 1572 sanfftfimmi
908 1482 979 1544 Q
977 1481 1078 1524 opus
1092 1468 1327 1521 ministerii,
1344 1469 1386 1507 in
1401 1467 1931 1579 ζεάίῗὶσαέίοηεῗτροἑξᾷἷξ
1942 1460 2136 1532 40⁸⁹„

190 1539 345 1580 Christi
368 1573 374 1580 .
400 1573 406 1580 .
431 1573 439 1580 .
464 1545 508 1613 ff
529 1553 625 1593 jam
658 1553 722 1580 noi
768 1541 897 1580 simus
923 1519 1371 1647 paibi'itiwfliiffigites
1394 1552 1413 1578 e.
1451 1510 1714 1591 circum
1744 1552 1797 1578 ur
1818 1551 1839 1577 o
1884 1551 1918 1577 us

187 1615 278 1652 rent
334 1612 449 1652 doctr
468 1626 546 1652 uae
577 1614 653 1688 etffi.
711 1583 950 1663 phffl3
983 1584 1194 1650 Attemffite
1224 1622 1271 1649 vo
1300 1623 1332 1649 is
1359 1613 1393 1649 et
1414 1610 1604 1650 universo
1623 1610 1752 1663 φερέ,
1783 1610 1827 1649 in
1849 1623 1928 1664 quo

106 1625 684 1736 *Ἴτῒεὰξῇἱῗῗῖἷῖἒῗέώῇοδηίΐ
706 1684 913 1736 episcopos
942 1695 1078 1734 reqere
1101 1681 1326 1721 Ecclesiam
1351 1680 1431 1721 Dei
1452 1679 1542 1721 Act.
1567 1684 1634 1730 20,
1657 1683 1724 1724 28.
1766 1678 1927 1731 Quibus

190 1754 410 1794 ministerii
432 1754 707 1795 ecclesiastici
720 1753 926 1794 institutio
950 1752 1078 1793 modo
1094 1752 1350 1793 adscribitur
1363 1752 1450 1793 Deo
1466 1751 1593 1801 Patri,
1616 1751 1744 1792 modo
1760 1750 1927 1792 Christo

188 1824 382 1873 Domino,
414 1825 542 1865 modo
566 1823 738 1877 Spiritui
760 1837 812 1864 s.:
845 1835 954 1876 quae
985 1822 1174 1875 profecto
1206 1836 1293 1864 non
1328 1823 1425 1864 licet
1446 1823 1714 1875 interpretari
1737 1822 1788 1863 de
1810 1822 1927 1863 insti-

189 1896 350 1937 tutione
373 1900 537 1937 tantum
562 1895 748 1936 mediata
768 1894 980 1947 pendente
1004 1894 1057 1935 ab
1091 1894 1267 1935 arbitrio
1289 1894 1421 1943 vario,
1454 1893 1638 1943 volubili,
1670 1892 1929 1934 inconstanti

189 1967 344 2020 populi,
367 1971 412 2007 ut
433 1971 551 2018 patet
571 1966 636 2007 vel
659 1978 711 2007 ex
733 1966 860 2007 obvia
883 1977 1033 2006 eorum
1057 1966 1332 2017 inspectione.

307 2038 350 2081 3.
375 2037 599 2078 Praeclare
621 2038 806 2090 dataque
839 2049 972 2089 opera
1004 2037 1045 2077 id
1076 2037 1256 2078 illustrat
1279 2050 1310 2081 s,
1333 2036 1489 2078 Paulus
1512 2037 1783 2078 similitudine
1806 2049 1928 2078 cor·
1947 2059 1962 2080 Α

189 2110 340 2163 poris
364 2109 553 2161 organici
578 2113 612 2153 1.
636 2107 730 2150 Cor.
758 2112 822 2157 12,
852 2111 904 2151 12
927 2121 980 2148 ss.
1024 2106 1142 2149 Sicut
1173 2109 1285 2149 enim
1317 2108 1530 2149 distinctio
1564 2107 1856 2149 membrorum
1887 2113 1928 2150 et

190 2181 374 2221 varietas
395 2178 659 2221 functionum
681 2191 991 2232 munerumque
1014 2178 1179 2219 refundi
1201 2179 1328 2220 debet
1358 2179 1401 2219 in
1423 2179 1685 2220 voluntatem
1708 2179 1784 2220 Dei
1806 2191 1927 2220 crea-

190 2253 315 2294 toris:
349 2251 408 2292 ita
432 2252 475 2291 in
497 2262 677 2303 corpore
701 2249 853 2291 Christi
877 2251 1070 2302 mystico,
1102 2252 1145 2290 in
1167 2249 1367 2299 Ecclesia,
1400 2249 1612 2290 distinctio
1636 2249 1925 2291 membrorum

191 2335 242 2363 ac
264 2323 447 2363 varietas
469 2321 731 2362 functionum
755 2332 805 2360 ac
827 2321 1161 2361 ministeriorum
1175 2320 1339 2361 refundi
1363 2320 1488 2361 debet
1510 2321 1553 2360 in
1575 2319 1838 2361 voluntatem
1852 2320 1928 2361 Dei

190 2394 446 2434 instituentis
468 2392 711 2440 Ecclesiam,
733 2404 820 2432 non
842 2391 982 2432 minus
1004 2403 1055 2431 ac
1078 2391 1248 2432 collatio
1271 2391 1587 2431 charismatum.

310 2463 450 2515 Quare
472 2463 514 2506 4.
537 2462 719 2514 apostoli
741 2463 901 2514 passim
924 2474 969 2503 se
992 2462 1208 2502 ministros
1232 2460 1397 2510 Christi,
1430 2462 1501 2514 qui
1522 2473 1599 2513 pro
1623 2461 1789 2503 Christo
1812 2462 1927 2514 lega-

191 2536 306 2577 tione
328 2535 566 2587 fungantur,
589 2546 676 2574 non
698 2533 840 2586 populi
863 2533 1080 2584 delegatos
1103 2532 1303 2573 exhibent
1325 2532 1378 2575 ib.
1400 2536 1440 2580 4,
1466 2538 1510 2582 1;
1535 2536 1571 2581 7,
1598 2537 1650 2577 10
1673 2546 1747 2581 ss.;
1771 2535 1808 2575 2.
1832 2531 1926 2575 Cor.

193 2610 230 2655 2,
256 2609 340 2653 103·
361 2609 399 2655 5,
426 2609 477 2649 18
500 2618 552 2645 ss.
576 2609 674 2651 etc.;
707 2616 878 2645 omnem
901 2615 1023 2644 suam
1048 2605 1346 2644 auctoritatem
1370 2615 1395 2643 a
1418 2601 1597 2650 Christo,
1629 2603 1802 2644 minime
1823 2615 1926 2645 vero

193 2689 219 2717 a
240 2676 395 2729 populo
418 2680 635 2727 repetunt3
658 2675 701 2715 in
724 2674 895 2716 nomine
919 2678 960 2715 et
981 2685 1165 2726 persona
1180 2672 1334 2714 Christi
1348 2673 1589 2726 loquuntur,
1614 2674 1779 2723 docent,
1802 2686 1925 2727 prae-

194 2748 362 2800 cipiunt,
385 2751 533 2799 agunt3
565 2746 671 2786 citra
692 2745 835 2798 populi
858 2745 1165 2797 delegationem
1190 2743 1405 2785 Ecclesiae
1427 2744 1644 2794 ministros
1666 2757 1746 2785 con
1772 2745 1927 2786 tituunt

193 2819 259 2859 vel
280 2817 598 2859 constituendos
621 2817 895 2869 praecipiunt.
919 2817 1008 2858 Act.
1037 2819 1100 2865 14,
1124 2819 1201 2860 212:
1237 2816 1291 2856 Et
1315 2829 1405 2855 cum
1429 2796 1642 2856 obiistituis
1666 2758 1926 2872 eiifflatilffs

195 2893 237 2929 et
257 2887 493 2943 Barnabas)
516 2889 600 2928 illis
615 2901 694 2942 pei·
715 2887 903 2941 sinyulas
924 2887 1112 2927 ecelesias
1130 2887 1389 2942 presbyteros
1420 2891 1455 2927 et
1487 2891 1671 2927 orassent
1702 2900 1792 2926 oum
1819 2886 1924 2939 jeju-

194 2958 443 3012 nationibus,
475 2959 854 3000 commendaveruut
881 2972 944 2999 eos
967 2958 1175 3007 Domino;
1205 2957 1282 2998 Tit.
1308 2963 1349 3007 1,-
1366 2961 1413 3002 5:
1448 2957 1611 3012 Reliqui
1633 2962 1669 2997 te
1692 2956 1847 3009 Cretae,
1883 2961 1924 2996 ut

195 3044 241 3070 ea
274 3043 377 3084 quae
407 3029 552 3069 desunt
583 3030 768 3082 coi-myas
802 3033 837 3069 et
871 3030 1095 3069 constituas
1121 3043 1199 3083 per
1230 3030 1414 3070 civitates
1445 3029 1717 3083 presbyteros,
1751 3029 1854 3067 sicut
1889 3031 1924 3066 et

195 3113 264 3153 eqo
286 3101 473 3152 disposui
495 3099 581 3139 tibi.

337 3170 488 3201 Hurter,
510 3170 659 3202 Compend.
678 3171 833 3204 theologiae
854 3173 875 3203 Ι,
897 3172 941 3196 10.
961 3171 1004 3196 ed.
1672 3170 1713 3202 18
