<?xml version="1.0" encoding="UTF-8"?>
<!DOCTYPE html PUBLIC "-//W3C//DTD XHTML 1.0 Transitional//EN"
    "http://www.w3.org/TR/xhtml1/DTD/xhtml1-transitional.dtd">
<html xmlns="http://www.w3.org/1999/xhtml" xml:lang="en" lang="en">
 <head>
  <title>
</title>
<meta http-equiv="Content-Type" content="text/html;charset=utf-8" />
  <meta name='ocr-system' content='tesseract 3.04.00' />
  <meta name='ocr-capabilities' content='ocr_page ocr_carea ocr_par ocr_line ocrx_word'/>
</head>
<body>
  <div class='ocr_page' id='page_1' title='image "./theologiaedogmat01hurt/theologiaedogmat01hurt_0520.png"; bbox 0 0 2175 3382; ppageno 0'>
   <div class='ocr_carea' id='block_1_1' title="bbox 203 136 1564 193">
    <p class='ocr_par' dir='ltr' id='par_1_1' title="bbox 203 136 1564 193">
     <span class='ocr_line' id='line_1_1' title="bbox 203 136 1564 193; baseline -0.004 -15"><span class='ocrx_word' id='word_1_1' title='bbox 203 154 290 193; x_wconf 72' lang='lat'>510</span> <span class='ocrx_word' id='word_1_2' title='bbox 577 143 696 177; x_wconf 73' lang='lat' dir='ltr'>&#39;Fi-act.</span> <span class='ocrx_word' id='word_1_3' title='bbox 718 142 776 177; x_wconf 87' lang='lat' dir='ltr'>lv.</span> <span class='ocrx_word' id='word_1_4' title='bbox 796 141 839 174; x_wconf 86' lang='lat' dir='ltr'>de</span> <span class='ocrx_word' id='word_1_5' title='bbox 860 139 940 174; x_wconf 86' lang='lat' dir='ltr'>fide.</span> <span class='ocrx_word' id='word_1_6' title='bbox 960 138 1149 173; x_wconf 81' lang='lat' dir='ltr'>Revelatio</span> <span class='ocrx_word' id='word_1_7' title='bbox 1168 138 1223 172; x_wconf 72' lang='lat' dir='ltr'>est</span> <span class='ocrx_word' id='word_1_8' title='bbox 1241 147 1353 182; x_wconf 78' lang='lat' dir='ltr'>supra</span> <span class='ocrx_word' id='word_1_9' title='bbox 1371 136 1564 174; x_wconf 78' lang='lat' dir='ltr'>rationem.</span> 
     </span>
    </p>
   </div>
   <div class='ocr_carea' id='block_1_2' title="bbox 203 256 1944 599">
    <p class='ocr_par' dir='ltr' id='par_1_2' title="bbox 203 256 1944 599">
     <span class='ocr_line' id='line_1_2' title="bbox 205 256 1942 313; baseline -0.002 -6"><span class='ocrx_word' id='word_1_10' title='bbox 205 267 400 307; x_wconf 84' lang='lat' dir='ltr'>videntur</span> <span class='ocrx_word' id='word_1_11' title='bbox 415 263 523 304; x_wconf 86' lang='lat' dir='ltr'>adeo</span> <span class='ocrx_word' id='word_1_12' title='bbox 541 262 656 303; x_wconf 87' lang='lat' dir='ltr'>clara</span> <span class='ocrx_word' id='word_1_13' title='bbox 673 261 901 313; x_wconf 83' lang='lat' dir='ltr'>primisque</span> <span class='ocrx_word' id='word_1_14' title='bbox 916 270 1048 300; x_wconf 84' lang='lat' dir='ltr'>sanae</span> <span class='ocrx_word' id='word_1_15' title='bbox 1062 256 1240 298; x_wconf 82' lang='lat' dir='ltr'>rationis</span> <span class='ocrx_word' id='word_1_16' title='bbox 1255 256 1469 310; x_wconf 84' lang='lat' dir='ltr'>principiis</span> <span class='ocrx_word' id='word_1_17' title='bbox 1491 270 1696 312; x_wconf 84' lang='lat' dir='ltr'>consona,</span> <span class='ocrx_word' id='word_1_18' title='bbox 1719 267 1766 304; x_wconf 86' lang='lat' dir='ltr'>ut</span> <span class='ocrx_word' id='word_1_19' title='bbox 1788 263 1942 304; x_wconf 87' lang='lat' dir='ltr'>mirum</span> 
     </span>
     <span class='ocr_line' id='line_1_3' title="bbox 203 328 1941 389; baseline -0.007 -12"><span class='ocrx_word' id='word_1_20' title='bbox 203 338 268 381; x_wconf 79' lang='lat' dir='ltr'>sit.</span> <span class='ocrx_word' id='word_1_21' title='bbox 292 335 499 389; x_wconf 83' lang='lat' dir='ltr'>quosdam</span> <span class='ocrx_word' id='word_1_22' title='bbox 523 334 652 375; x_wconf 85' lang='lat' dir='ltr'>etiam</span> <span class='ocrx_word' id='word_1_23' title='bbox 677 331 923 379; x_wconf 79' lang='lat' dir='ltr'>catholicos,</span> <span class='ocrx_word' id='word_1_24' title='bbox 951 334 1097 370; x_wconf 86' lang='lat' dir='ltr'>nostra</span> <span class='ocrx_word' id='word_1_25' title='bbox 1120 328 1371 381; x_wconf 83' lang='lat' dir='ltr'>praesertim</span> <span class='ocrx_word' id='word_1_26' title='bbox 1395 333 1550 380; x_wconf 84' lang='lat' dir='ltr'>aetate,</span> <span class='ocrx_word' id='word_1_27' title='bbox 1580 330 1632 373; x_wconf 92' lang='lat' dir='ltr'>de</span> <span class='ocrx_word' id='word_1_28' title='bbox 1663 332 1745 374; x_wconf 85' lang='lat' dir='ltr'>hac</span> <span class='ocrx_word' id='word_1_29' title='bbox 1777 333 1941 375; x_wconf 87' lang='lat' dir='ltr'>revela-</span> 
     </span>
     <span class='ocr_line' id='line_1_4' title="bbox 206 398 1942 458; baseline -0.002 -10"><span class='ocrx_word' id='word_1_30' title='bbox 206 408 332 448; x_wconf 84' lang='lat' dir='ltr'>tionis</span> <span class='ocrx_word' id='word_1_31' title='bbox 364 411 406 447; x_wconf 83' lang='lat' dir='ltr'>et</span> <span class='ocrx_word' id='word_1_32' title='bbox 436 405 531 446; x_wconf 87' lang='lat' dir='ltr'>fidei</span> <span class='ocrx_word' id='word_1_33' title='bbox 567 402 863 456; x_wconf 82' lang='lat' dir='ltr'>praerogativa</span> <span class='ocrx_word' id='word_1_34' title='bbox 887 400 1081 442; x_wconf 85' lang='lat' dir='ltr'>dubitare</span> <span class='ocrx_word' id='word_1_35' title='bbox 1105 399 1303 452; x_wconf 81' lang='lat' dir='ltr'>potuisse.</span> <span class='ocrx_word' id='word_1_36' title='bbox 1347 398 1448 450; x_wconf 87' lang='lat' dir='ltr'>Quis</span> <span class='ocrx_word' id='word_1_37' title='bbox 1471 401 1582 442; x_wconf 90' lang='lat' dir='ltr'>enim</span> <span class='ocrx_word' id='word_1_38' title='bbox 1607 401 1785 453; x_wconf 88' lang='lat' dir='ltr'>dubitet,</span> <span class='ocrx_word' id='word_1_39' title='bbox 1808 405 1942 458; x_wconf 86' lang='lat' dir='ltr'>magi-</span> 
     </span>
     <span class='ocr_line' id='line_1_5' title="bbox 204 470 1944 528; baseline -0.002 -9"><span class='ocrx_word' id='word_1_40' title='bbox 204 484 337 519; x_wconf 82' lang='lat' dir='ltr'>strum</span> <span class='ocrx_word' id='word_1_41' title='bbox 360 477 594 518; x_wconf 84' lang='lat' dir='ltr'>humanum</span> <span class='ocrx_word' id='word_1_42' title='bbox 618 474 792 516; x_wconf 79' lang='lat' dir='ltr'>subesse</span> <span class='ocrx_word' id='word_1_43' title='bbox 816 473 971 519; x_wconf 83' lang='lat' dir='ltr'>divino,</span> <span class='ocrx_word' id='word_1_44' title='bbox 1005 476 1046 512; x_wconf 85' lang='lat' dir='ltr'>et</span> <span class='ocrx_word' id='word_1_45' title='bbox 1078 470 1132 511; x_wconf 86' lang='lat' dir='ltr'>ab</span> <span class='ocrx_word' id='word_1_46' title='bbox 1156 470 1237 510; x_wconf 89' lang='lat' dir='ltr'>hoc</span> <span class='ocrx_word' id='word_1_47' title='bbox 1259 482 1397 522; x_wconf 85' lang='lat' dir='ltr'>posse,</span> <span class='ocrx_word' id='word_1_48' title='bbox 1429 475 1471 512; x_wconf 85' lang='lat' dir='ltr'>et</span> <span class='ocrx_word' id='word_1_49' title='bbox 1502 473 1628 513; x_wconf 85' lang='lat' dir='ltr'>certis</span> <span class='ocrx_word' id='word_1_50' title='bbox 1659 473 1702 514; x_wconf 92' lang='lat' dir='ltr'>in</span> <span class='ocrx_word' id='word_1_51' title='bbox 1733 474 1944 528; x_wconf 82' lang='lat' dir='ltr'>adjunctis</span> 
     </span>
     <span class='ocr_line' id='line_1_6' title="bbox 204 548 565 599; baseline -0.006 -10"><span class='ocrx_word' id='word_1_52' title='bbox 204 548 361 589; x_wconf 87' lang='lat' dir='ltr'>debere</span> <span class='ocrx_word' id='word_1_53' title='bbox 384 548 565 599; x_wconf 78' lang='lat' dir='ltr'>corrigi?</span> 
     </span>
    </p>
   </div>
   <div class='ocr_carea' id='block_1_3' title="bbox 201 640 2011 2172">
    <p class='ocr_par' dir='ltr' id='par_1_3' title="bbox 201 640 2011 2172">
     <span class='ocr_line' id='line_1_7' title="bbox 326 640 1946 699; baseline 0 -15"><span class='ocrx_word' id='word_1_54' title='bbox 326 652 420 685; x_wconf 73' lang='lat'>492.</span> <span class='ocrx_word' id='word_1_55' title='bbox 444 645 532 682; x_wconf 82' lang='lat' dir='ltr'>Jam</span> <span class='ocrx_word' id='word_1_56' title='bbox 556 645 783 682; x_wconf 83' lang='lat' dir='ltr'>Clemens</span> <span class='ocrx_word' id='word_1_57' title='bbox 806 644 900 682; x_wconf 81' lang='lat' dir='ltr'>alex.</span> <span class='ocrx_word' id='word_1_58' title='bbox 924 641 1068 679; x_wconf 89' lang='lat' dir='ltr'>statuit</span> <span class='ocrx_word' id='word_1_59' title='bbox 1090 640 1232 678; x_wconf 82' lang='lat' dir='ltr'>Strom.</span> <span class='ocrx_word' id='word_1_60' title='bbox 1256 640 1319 685; x_wconf 88' lang='lat' dir='ltr'>IV,</span> <span class='ocrx_word' id='word_1_61' title='bbox 1346 647 1368 680; x_wconf 84' lang='lat'>4</span> <span class='ocrx_word' id='word_1_62' title='bbox 1392 644 1614 694; x_wconf 78' lang='grc' dir='ltr'>κυριώτερα</span> <span class='ocrx_word' id='word_1_63' title='bbox 1636 649 1706 699; x_wconf 83' lang='grc' dir='ltr'>τῆς</span> <span class='ocrx_word' id='word_1_64' title='bbox 1727 640 1946 699; x_wconf 78' lang='grc' dir='ltr'>ἐπιστήμης</span> 
     </span>
     <span class='ocr_line' id='line_1_8' title="bbox 205 700 1946 761; baseline -0.002 -18"><span class='ocrx_word' id='word_1_65' title='bbox 205 704 231 761; x_wconf 74' lang='grc' dir='ltr'>ἡ</span> <span class='ocrx_word' id='word_1_66' title='bbox 255 708 378 750; x_wconf 68' lang='grc' dir='ltr'><strong>πίστις</strong></span> <span class='ocrx_word' id='word_1_67' title='bbox 400 701 590 745; x_wconf 71' lang='grc' dir='ltr'>καίέπιν</span> <span class='ocrx_word' id='word_1_68' title='bbox 623 700 743 758; x_wconf 67' lang='grc' dir='ltr'>αὐτῆς</span> <span class='ocrx_word' id='word_1_69' title='bbox 773 705 995 755; x_wconf 69' lang='grc' dir='ltr'>κριτήριον;</span> <span class='ocrx_word' id='word_1_70' title='bbox 1027 703 1067 737; x_wconf 82' lang='lat' dir='ltr'>et-</span> <span class='ocrx_word' id='word_1_71' title='bbox 1088 700 1381 737; x_wconf 86' lang='lat' dir='ltr'>Anselmus:</span> <span class='ocrx_word' id='word_1_72' title='bbox 1416 700 1581 744; x_wconf 72' lang='lat' dir='ltr'>„Certus</span> <span class='ocrx_word' id='word_1_73' title='bbox 1611 713 1711 748; x_wconf 90' lang='lat' dir='ltr'>sum,</span> <span class='ocrx_word' id='word_1_74' title='bbox 1742 702 1874 751; x_wconf 83' lang='lat' dir='ltr'>inquit</span> <span class='ocrx_word' id='word_1_75' title='bbox 1903 702 1946 740; x_wconf 90' lang='lat' dir='ltr'>in</span> 
     </span>
     <span class='ocr_line' id='line_1_9' title="bbox 207 758 1943 810; baseline -0.001 -9"><span class='ocrx_word' id='word_1_76' title='bbox 207 765 230 803; x_wconf 92' lang='grc'>1.</span> <span class='ocrx_word' id='word_1_77' title='bbox 256 777 323 801; x_wconf 90' lang='lat' dir='ltr'>cur</span> <span class='ocrx_word' id='word_1_78' title='bbox 347 765 448 801; x_wconf 87' lang='lat' dir='ltr'>Deus</span> <span class='ocrx_word' id='word_1_79' title='bbox 472 763 583 800; x_wconf 91' lang='lat' dir='ltr'>homo</span> <span class='ocrx_word' id='word_1_80' title='bbox 608 763 634 807; x_wconf 85' lang='lat' dir='ltr'>I,</span> <span class='ocrx_word' id='word_1_81' title='bbox 668 769 727 806; x_wconf 70' lang='lat'>18,</span> <span class='ocrx_word' id='word_1_82' title='bbox 753 763 783 799; x_wconf 89' lang='lat' dir='ltr'>si</span> <span class='ocrx_word' id='word_1_83' title='bbox 808 760 903 810; x_wconf 87' lang='lat' dir='ltr'>quid</span> <span class='ocrx_word' id='word_1_84' title='bbox 926 760 1021 805; x_wconf 83' lang='lat' dir='ltr'>dico,</span> <span class='ocrx_word' id='word_1_85' title='bbox 1045 759 1147 808; x_wconf 80' lang='lat' dir='ltr'>quod</span> <span class='ocrx_word' id='word_1_86' title='bbox 1172 771 1201 795; x_wconf 77' lang='lat' dir='ltr'>S.</span> <span class='ocrx_word' id='word_1_87' title='bbox 1225 758 1448 807; x_wconf 87' lang='lat' dir='ltr'>Scripturae</span> <span class='ocrx_word' id='word_1_88' title='bbox 1470 759 1618 809; x_wconf 81' lang='lat' dir='ltr'>absque</span> <span class='ocrx_word' id='word_1_89' title='bbox 1641 761 1763 798; x_wconf 89' lang='lat' dir='ltr'>dubio</span> <span class='ocrx_word' id='word_1_90' title='bbox 1789 762 1943 799; x_wconf 87' lang='lat' dir='ltr'>contra-</span> 
     </span>
     <span class='ocr_line' id='line_1_10' title="bbox 208 818 1947 871; baseline -0.001 -11"><span class='ocrx_word' id='word_1_91' title='bbox 208 823 322 868; x_wconf 83' lang='lat' dir='ltr'>dicat,</span> <span class='ocrx_word' id='word_1_92' title='bbox 346 823 442 871; x_wconf 86' lang='lat' dir='ltr'>quia</span> <span class='ocrx_word' id='word_1_93' title='bbox 463 822 606 859; x_wconf 85' lang='lat' dir='ltr'>salsum</span> <span class='ocrx_word' id='word_1_94' title='bbox 631 824 703 861; x_wconf 87' lang='lat' dir='ltr'>est.</span> <span class='ocrx_word' id='word_1_95' title='bbox 728 833 798 858; x_wconf 91' lang='lat' dir='ltr'>nec</span> <span class='ocrx_word' id='word_1_96' title='bbox 821 820 919 857; x_wconf 89' lang='lat' dir='ltr'>illud</span> <span class='ocrx_word' id='word_1_97' title='bbox 942 822 1076 857; x_wconf 89' lang='lat' dir='ltr'>tenere</span> <span class='ocrx_word' id='word_1_98' title='bbox 1097 818 1197 863; x_wconf 89' lang='lat' dir='ltr'>volo,</span> <span class='ocrx_word' id='word_1_99' title='bbox 1223 818 1256 855; x_wconf 90' lang='lat' dir='ltr'>si</span> <span class='ocrx_word' id='word_1_100' title='bbox 1278 830 1506 867; x_wconf 87' lang='lat' dir='ltr'>cognovero.</span> <span class='ocrx_word' id='word_1_101' title='bbox 1518 824 1535 842; x_wconf 78' lang='lat'>«</span> <span class='ocrx_word' id='word_1_102' title='bbox 1571 819 1698 864; x_wconf 82' lang='lat' dir='ltr'>Quare</span> <span class='ocrx_word' id='word_1_103' title='bbox 1718 832 1797 858; x_wconf 90' lang='lat' dir='ltr'>non</span> <span class='ocrx_word' id='word_1_104' title='bbox 1811 820 1947 858; x_wconf 76' lang='lat' dir='ltr'>licebit</span> 
     </span>
     <span class='ocr_line' id='line_1_11' title="bbox 207 877 1946 931; baseline -0.001 -12"><span class='ocrx_word' id='word_1_105' title='bbox 207 882 438 931; x_wconf 87' lang='lat' dir='ltr'>philosopho</span> <span class='ocrx_word' id='word_1_106' title='bbox 461 882 644 918; x_wconf 85' lang='lat' dir='ltr'>effrenate</span> <span class='ocrx_word' id='word_1_107' title='bbox 667 881 708 917; x_wconf 91' lang='lat' dir='ltr'>in</span> <span class='ocrx_word' id='word_1_108' title='bbox 731 880 915 929; x_wconf 90' lang='lat' dir='ltr'>dogmata</span> <span class='ocrx_word' id='word_1_109' title='bbox 937 878 1087 916; x_wconf 88' lang='lat' dir='ltr'>irruere</span> <span class='ocrx_word' id='word_1_110' title='bbox 1109 877 1280 914; x_wconf 81' lang='lat' dir='ltr'>revelata</span> <span class='ocrx_word' id='word_1_111' title='bbox 1302 889 1450 926; x_wconf 88' lang='lat' dir='ltr'>proque</span> <span class='ocrx_word' id='word_1_112' title='bbox 1471 878 1636 916; x_wconf 81' lang='lat' dir='ltr'>rationis</span> <span class='ocrx_word' id='word_1_113' title='bbox 1657 879 1779 917; x_wconf 89' lang='lat' dir='ltr'>libitu</span> <span class='ocrx_word' id='word_1_114' title='bbox 1812 879 1946 918; x_wconf 83' lang='lat' dir='ltr'>eadem</span> 
     </span>
     <span class='ocr_line' id='line_1_12' title="bbox 207 936 1944 986; baseline -0.003 -7"><span class='ocrx_word' id='word_1_115' title='bbox 207 945 396 979; x_wconf 86' lang='lat' dir='ltr'>tractare:</span> <span class='ocrx_word' id='word_1_116' title='bbox 421 941 491 978; x_wconf 91' lang='lat' dir='ltr'>hoc</span> <span class='ocrx_word' id='word_1_117' title='bbox 513 940 615 977; x_wconf 89' lang='lat' dir='ltr'>enim</span> <span class='ocrx_word' id='word_1_118' title='bbox 640 941 751 983; x_wconf 83' lang='lat' dir='ltr'>esset,</span> <span class='ocrx_word' id='word_1_119' title='bbox 775 941 822 976; x_wconf 92' lang='lat' dir='ltr'>ut</span> <span class='ocrx_word' id='word_1_120' title='bbox 843 938 983 975; x_wconf 86' lang='lat' dir='ltr'>merito</span> <span class='ocrx_word' id='word_1_121' title='bbox 998 939 1132 975; x_wconf 88' lang='lat' dir='ltr'>censet</span> <span class='ocrx_word' id='word_1_122' title='bbox 1155 936 1436 986; x_wconf 83' lang='lat' dir='ltr'>Gregorius</span> <span class='ocrx_word' id='word_1_123' title='bbox 1457 937 1521 977; x_wconf 88' lang='lat' dir='ltr'>IX.</span> <span class='ocrx_word' id='word_1_124' title='bbox 1544 937 1585 974; x_wconf 92' lang='lat' dir='ltr'>in</span> <span class='ocrx_word' id='word_1_125' title='bbox 1600 950 1658 986; x_wconf 90' lang='lat' dir='ltr'>ep.</span> <span class='ocrx_word' id='word_1_126' title='bbox 1677 945 1712 978; x_wconf 87' lang='lat'>7.</span> <span class='ocrx_word' id='word_1_127' title='bbox 1727 938 1809 979; x_wconf 83' lang='lat' dir='ltr'>Jul,</span> <span class='ocrx_word' id='word_1_128' title='bbox 1836 944 1944 980; x_wconf 87' lang='lat'>1223</span> 
     </span>
     <span class='ocr_line' id='line_1_13' title="bbox 212 996 1950 1048; baseline -0.002 -10"><span class='ocrx_word' id='word_1_129' title='bbox 212 1001 260 1038; x_wconf 88' lang='lat' dir='ltr'>ad</span> <span class='ocrx_word' id='word_1_130' title='bbox 282 1001 457 1038; x_wconf 89' lang='lat' dir='ltr'>doctores</span> <span class='ocrx_word' id='word_1_131' title='bbox 481 999 726 1048; x_wconf 81' lang='lat' dir='ltr'>parisienses,</span> <span class='ocrx_word' id='word_1_132' title='bbox 753 997 958 1047; x_wconf 76' lang='lat' dir='ltr'>„redigere</span> <span class='ocrx_word' id='word_1_133' title='bbox 981 998 1099 1045; x_wconf 86' lang='lat' dir='ltr'>caput</span> <span class='ocrx_word' id='word_1_134' title='bbox 1120 996 1161 1033; x_wconf 89' lang='lat' dir='ltr'>in</span> <span class='ocrx_word' id='word_1_135' title='bbox 1184 996 1345 1033; x_wconf 81' lang='lat' dir='ltr'>caudam</span> <span class='ocrx_word' id='word_1_136' title='bbox 1368 998 1408 1033; x_wconf 88' lang='lat' dir='ltr'>et</span> <span class='ocrx_word' id='word_1_137' title='bbox 1429 1008 1565 1046; x_wconf 88' lang='lat' dir='ltr'>cogere</span> <span class='ocrx_word' id='word_1_138' title='bbox 1587 997 1752 1035; x_wconf 89' lang='lat' dir='ltr'>ancillae</span> <span class='ocrx_word' id='word_1_139' title='bbox 1765 997 1950 1035; x_wconf 86' lang='lat' dir='ltr'>famulari</span> 
     </span>
     <span class='ocr_line' id='line_1_14' title="bbox 209 1055 1948 1109; baseline -0.002 -12"><span class='ocrx_word' id='word_1_140' title='bbox 209 1060 396 1109; x_wconf 80' lang='lat' dir='ltr'>reginam,</span> <span class='ocrx_word' id='word_1_141' title='bbox 432 1058 615 1096; x_wconf 83' lang='lat' dir='ltr'>videlicet</span> <span class='ocrx_word' id='word_1_142' title='bbox 647 1057 892 1095; x_wconf 78' lang='lat' dir='ltr'>documentis</span> <span class='ocrx_word' id='word_1_143' title='bbox 923 1056 1092 1094; x_wconf 88' lang='lat' dir='ltr'>terrenis</span> <span class='ocrx_word' id='word_1_144' title='bbox 1125 1055 1303 1100; x_wconf 87' lang='lat' dir='ltr'>coeleste,</span> <span class='ocrx_word' id='word_1_145' title='bbox 1337 1055 1441 1103; x_wconf 85' lang='lat' dir='ltr'>quod</span> <span class='ocrx_word' id='word_1_146' title='bbox 1473 1058 1536 1093; x_wconf 87' lang='lat' dir='ltr'>est</span> <span class='ocrx_word' id='word_1_147' title='bbox 1558 1057 1706 1106; x_wconf 89' lang='lat' dir='ltr'>gratiae</span> <span class='ocrx_word' id='word_1_148' title='bbox 1737 1056 1948 1095; x_wconf 90' lang='lat' dir='ltr'>tribuendo</span> 
     </span>
     <span class='ocr_line' id='line_1_15' title="bbox 209 1114 1947 1167; baseline -0.002 -11"><span class='ocrx_word' id='word_1_149' title='bbox 209 1123 414 1156; x_wconf 56' lang='lat' dir='ltr'>naturae«</span> <span class='ocrx_word' id='word_1_150' title='bbox 459 1118 497 1155; x_wconf 83' lang='lat' dir='ltr'>Si</span> <span class='ocrx_word' id='word_1_151' title='bbox 521 1130 612 1167; x_wconf 88' lang='lat' dir='ltr'>ergo</span> <span class='ocrx_word' id='word_1_152' title='bbox 634 1116 884 1166; x_wconf 83' lang='lat' dir='ltr'>philosophia</span> <span class='ocrx_word' id='word_1_153' title='bbox 907 1115 1146 1160; x_wconf 74' lang='lat' dir='ltr'>„tractandis</span> <span class='ocrx_word' id='word_1_154' title='bbox 1168 1114 1285 1151; x_wconf 84' lang='lat' dir='ltr'>sacris</span> <span class='ocrx_word' id='word_1_155' title='bbox 1308 1114 1475 1162; x_wconf 88' lang='lat' dir='ltr'>eloquiis</span> <span class='ocrx_word' id='word_1_156' title='bbox 1492 1115 1714 1162; x_wconf 75' lang='lat' dir='ltr'>adhibetur,</span> <span class='ocrx_word' id='word_1_157' title='bbox 1737 1128 1816 1153; x_wconf 89' lang='lat' dir='ltr'>non</span> <span class='ocrx_word' id='word_1_158' title='bbox 1830 1115 1947 1153; x_wconf 87' lang='lat' dir='ltr'>debet</span> 
     </span>
     <span class='ocr_line' id='line_1_16' title="bbox 205 1173 1950 1227; baseline -0.002 -12"><span class='ocrx_word' id='word_1_159' title='bbox 205 1179 272 1226; x_wconf 85' lang='lat' dir='ltr'>jus</span> <span class='ocrx_word' id='word_1_160' title='bbox 295 1177 513 1227; x_wconf 78' lang='lat' dir='ltr'>magisterii</span> <span class='ocrx_word' id='word_1_161' title='bbox 534 1177 691 1214; x_wconf 89' lang='lat' dir='ltr'>sibimet</span> <span class='ocrx_word' id='word_1_162' title='bbox 713 1177 942 1225; x_wconf 84' lang='lat' dir='ltr'>arroganter</span> <span class='ocrx_word' id='word_1_163' title='bbox 963 1174 1144 1223; x_wconf 85' lang='lat' dir='ltr'>arripere,</span> <span class='ocrx_word' id='word_1_164' title='bbox 1177 1173 1244 1211; x_wconf 88' lang='lat' dir='ltr'>sed</span> <span class='ocrx_word' id='word_1_165' title='bbox 1266 1173 1376 1210; x_wconf 77' lang='lat' dir='ltr'>velut</span> <span class='ocrx_word' id='word_1_166' title='bbox 1397 1174 1539 1212; x_wconf 88' lang='lat' dir='ltr'>ancilla</span> <span class='ocrx_word' id='word_1_167' title='bbox 1570 1175 1747 1212; x_wconf 90' lang='lat' dir='ltr'>dominae</span> <span class='ocrx_word' id='word_1_168' title='bbox 1779 1175 1950 1223; x_wconf 86' lang='lat' dir='ltr'>quodam</span> 
     </span>
     <span class='ocr_line' id='line_1_17' title="bbox 209 1233 1949 1283; baseline -0.002 -9"><span class='ocrx_word' id='word_1_169' title='bbox 209 1237 422 1274; x_wconf 84' lang='lat' dir='ltr'>famulatus</span> <span class='ocrx_word' id='word_1_170' title='bbox 444 1236 631 1283; x_wconf 86' lang='lat' dir='ltr'>obsequio</span> <span class='ocrx_word' id='word_1_171' title='bbox 654 1235 888 1279; x_wconf 86' lang='lat' dir='ltr'>subservire,</span> <span class='ocrx_word' id='word_1_172' title='bbox 911 1246 960 1271; x_wconf 88' lang='lat' dir='ltr'>ne</span> <span class='ocrx_word' id='word_1_173' title='bbox 984 1234 1017 1271; x_wconf 89' lang='lat' dir='ltr'>si</span> <span class='ocrx_word' id='word_1_174' title='bbox 1036 1233 1235 1283; x_wconf 83' lang='lat' dir='ltr'>praecedit</span> <span class='ocrx_word' id='word_1_175' title='bbox 1258 1233 1425 1278; x_wconf 91' lang='lat' dir='ltr'>oberret,</span> <span class='ocrx_word' id='word_1_176' title='bbox 1449 1236 1489 1271; x_wconf 87' lang='lat' dir='ltr'>et</span> <span class='ocrx_word' id='word_1_177' title='bbox 1503 1235 1598 1272; x_wconf 89' lang='lat' dir='ltr'>dum</span> <span class='ocrx_word' id='word_1_178' title='bbox 1611 1234 1848 1272; x_wconf 78' lang='lat' dir='ltr'>exteriorum</span> <span class='ocrx_word' id='word_1_179' title='bbox 1863 1246 1949 1272; x_wconf 91' lang='lat' dir='ltr'>ver-</span> 
     </span>
     <span class='ocr_line' id='line_1_18' title="bbox 209 1291 1950 1343; baseline -0.002 -10"><span class='ocrx_word' id='word_1_180' title='bbox 209 1296 348 1333; x_wconf 91' lang='lat' dir='ltr'>borum</span> <span class='ocrx_word' id='word_1_181' title='bbox 372 1295 551 1343; x_wconf 88' lang='lat' dir='ltr'>sequitur</span> <span class='ocrx_word' id='word_1_182' title='bbox 586 1294 916 1343; x_wconf 80' lang='lat' dir='ltr'>consequentiam,</span> <span class='ocrx_word' id='word_1_183' title='bbox 953 1293 1114 1330; x_wconf 87' lang='lat' dir='ltr'>intimae</span> <span class='ocrx_word' id='word_1_184' title='bbox 1148 1291 1312 1329; x_wconf 79' lang='lat' dir='ltr'>virtutis</span> <span class='ocrx_word' id='word_1_185' title='bbox 1346 1292 1481 1329; x_wconf 87' lang='lat' dir='ltr'>lumen</span> <span class='ocrx_word' id='word_1_186' title='bbox 1515 1296 1554 1331; x_wconf 87' lang='lat' dir='ltr'>et</span> <span class='ocrx_word' id='word_1_187' title='bbox 1587 1295 1737 1331; x_wconf 85' lang='lat' dir='ltr'>rectum</span> <span class='ocrx_word' id='word_1_188' title='bbox 1773 1292 1950 1331; x_wconf 86' lang='lat' dir='ltr'>veritatis</span> 
     </span>
     <span class='ocr_line' id='line_1_19' title="bbox 208 1351 2011 1403; baseline -0.001 -12"><span class='ocrx_word' id='word_1_189' title='bbox 208 1355 407 1392; x_wconf 81' lang='lat' dir='ltr'>tramitem</span> <span class='ocrx_word' id='word_1_190' title='bbox 429 1354 608 1403; x_wconf 62' lang='lat' dir='ltr'>perdat«</span> <span class='ocrx_word' id='word_1_191' title='bbox 641 1354 701 1390; x_wconf 81' lang='lat' dir='ltr'>Ita</span> <span class='ocrx_word' id='word_1_192' title='bbox 722 1354 763 1391; x_wconf 93' lang='lat' dir='ltr'>P.</span> <span class='ocrx_word' id='word_1_193' title='bbox 785 1353 1060 1390; x_wconf 89' lang='lat' dir='ltr'>Damianus</span> <span class='ocrx_word' id='word_1_194' title='bbox 1083 1363 1214 1400; x_wconf 85' lang='lat' dir='ltr'>opusc.</span> <span class='ocrx_word' id='word_1_195' title='bbox 1231 1358 1281 1392; x_wconf 82' lang='lat'>36</span> <span class='ocrx_word' id='word_1_196' title='bbox 1309 1363 1338 1388; x_wconf 80' lang='lat'>0.</span> <span class='ocrx_word' id='word_1_197' title='bbox 1357 1357 1391 1391; x_wconf 87' lang='lat'>5.</span> <span class='ocrx_word' id='word_1_198' title='bbox 1424 1351 1549 1396; x_wconf 89' lang='lat' dir='ltr'>Quam</span> <span class='ocrx_word' id='word_1_199' title='bbox 1570 1353 1619 1390; x_wconf 91' lang='lat' dir='ltr'>ob</span> <span class='ocrx_word' id='word_1_200' title='bbox 1641 1365 1722 1390; x_wconf 90' lang='lat' dir='ltr'>rem</span> <span class='ocrx_word' id='word_1_201' title='bbox 1745 1352 1864 1390; x_wconf 89' lang='lat' dir='ltr'>Pius</span> <span class='ocrx_word' id='word_1_202' title='bbox 1885 1352 1949 1390; x_wconf 81' lang='lat' dir='ltr'>IX.</span> <span class='ocrx_word' id='word_1_203' title='bbox 2005 1369 2011 1375; x_wconf 90' lang='lat'><strong>·</strong></span> 
     </span>
     <span class='ocr_line' id='line_1_20' title="bbox 208 1410 1949 1460; baseline -0.001 -10"><span class='ocrx_word' id='word_1_204' title='bbox 208 1414 249 1450; x_wconf 91' lang='lat' dir='ltr'>in</span> <span class='ocrx_word' id='word_1_205' title='bbox 272 1414 330 1450; x_wconf 89' lang='lat' dir='ltr'>lit.</span> <span class='ocrx_word' id='word_1_206' title='bbox 363 1414 409 1450; x_wconf 84' lang='lat' dir='ltr'>ad</span> <span class='ocrx_word' id='word_1_207' title='bbox 433 1414 532 1451; x_wconf 81' lang='lat' dir='ltr'>card.</span> <span class='ocrx_word' id='word_1_208' title='bbox 556 1414 624 1451; x_wconf 81' lang='lat' dir='ltr'>col.</span> <span class='ocrx_word' id='word_1_209' title='bbox 656 1419 716 1453; x_wconf 82' lang='lat'>15.</span> <span class='ocrx_word' id='word_1_210' title='bbox 739 1413 832 1450; x_wconf 80' lang='lat' dir='ltr'>Jun.</span> <span class='ocrx_word' id='word_1_211' title='bbox 864 1418 968 1452; x_wconf 76' lang='lat'>1867</span> <span class='ocrx_word' id='word_1_212' title='bbox 1005 1411 1166 1448; x_wconf 82' lang='lat' dir='ltr'>statuit:</span> <span class='ocrx_word' id='word_1_213' title='bbox 1201 1410 1450 1455; x_wconf 78' lang='lat' dir='ltr'>,Humanam</span> <span class='ocrx_word' id='word_1_214' title='bbox 1483 1411 1676 1449; x_wconf 87' lang='lat' dir='ltr'>rationem</span> <span class='ocrx_word' id='word_1_215' title='bbox 1709 1413 1749 1449; x_wconf 89' lang='lat' dir='ltr'>et</span> <span class='ocrx_word' id='word_1_216' title='bbox 1779 1411 1949 1460; x_wconf 87' lang='lat' dir='ltr'>philoso-</span> 
     </span>
     <span class='ocr_line' id='line_1_21' title="bbox 210 1469 1948 1522; baseline -0.001 -13"><span class='ocrx_word' id='word_1_217' title='bbox 210 1473 340 1521; x_wconf 87' lang='lat' dir='ltr'>phiam</span> <span class='ocrx_word' id='word_1_218' title='bbox 363 1472 403 1509; x_wconf 92' lang='lat' dir='ltr'>in</span> <span class='ocrx_word' id='word_1_219' title='bbox 425 1472 629 1522; x_wconf 81' lang='lat' dir='ltr'>religionis</span> <span class='ocrx_word' id='word_1_220' title='bbox 652 1471 770 1509; x_wconf 87' lang='lat' dir='ltr'>rebus</span> <span class='ocrx_word' id='word_1_221' title='bbox 792 1482 871 1508; x_wconf 89' lang='lat' dir='ltr'>non</span> <span class='ocrx_word' id='word_1_222' title='bbox 893 1470 1098 1513; x_wconf 86' lang='lat' dir='ltr'>dominari,</span> <span class='ocrx_word' id='word_1_223' title='bbox 1133 1470 1198 1507; x_wconf 88' lang='lat' dir='ltr'>sed</span> <span class='ocrx_word' id='word_1_224' title='bbox 1230 1469 1407 1506; x_wconf 86' lang='lat' dir='ltr'>ancillari</span> <span class='ocrx_word' id='word_1_225' title='bbox 1430 1471 1587 1509; x_wconf 89' lang='lat' dir='ltr'>omnino</span> <span class='ocrx_word' id='word_1_226' title='bbox 1610 1471 1792 1516; x_wconf 47' lang='lat' dir='ltr'>deber-ef</span> <span class='ocrx_word' id='word_1_227' title='bbox 1815 1482 1948 1520; x_wconf 90' lang='lat' dir='ltr'>repro-</span> 
     </span>
     <span class='ocr_line' id='line_1_22' title="bbox 210 1528 1950 1580; baseline -0.001 -12"><span class='ocrx_word' id='word_1_228' title='bbox 210 1531 399 1580; x_wconf 84' lang='lat' dir='ltr'>bavitque</span> <span class='ocrx_word' id='word_1_229' title='bbox 422 1531 566 1580; x_wconf 79' lang='lat' dir='ltr'>syllabi</span> <span class='ocrx_word' id='word_1_230' title='bbox 589 1542 697 1580; x_wconf 88' lang='lat' dir='ltr'>prop.</span> <span class='ocrx_word' id='word_1_231' title='bbox 728 1538 798 1571; x_wconf 86' lang='lat'>10:</span> <span class='ocrx_word' id='word_1_232' title='bbox 824 1557 840 1574; x_wconf 77' lang='grc'>»</span> <span class='ocrx_word' id='word_1_233' title='bbox 853 1531 949 1568; x_wconf 88' lang='lat' dir='ltr'>Cum</span> <span class='ocrx_word' id='word_1_234' title='bbox 971 1529 1078 1566; x_wconf 89' lang='lat' dir='ltr'>aliud</span> <span class='ocrx_word' id='word_1_235' title='bbox 1103 1529 1154 1566; x_wconf 88' lang='lat' dir='ltr'>sit</span> <span class='ocrx_word' id='word_1_236' title='bbox 1175 1528 1445 1577; x_wconf 78' lang='lat' dir='ltr'>philosophus,</span> <span class='ocrx_word' id='word_1_237' title='bbox 1469 1530 1577 1567; x_wconf 87' lang='lat' dir='ltr'>aliud</span> <span class='ocrx_word' id='word_1_238' title='bbox 1598 1530 1858 1579; x_wconf 87' lang='lat' dir='ltr'>philosophia,</span> <span class='ocrx_word' id='word_1_239' title='bbox 1881 1529 1950 1567; x_wconf 86' lang='lat' dir='ltr'>ille</span> 
     </span>
     <span class='ocr_line' id='line_1_23' title="bbox 201 1588 1949 1640; baseline -0.001 -13"><span class='ocrx_word' id='word_1_240' title='bbox 201 1592 271 1640; x_wconf 79' lang='lat' dir='ltr'>jus</span> <span class='ocrx_word' id='word_1_241' title='bbox 295 1593 334 1628; x_wconf 86' lang='lat' dir='ltr'>et</span> <span class='ocrx_word' id='word_1_242' title='bbox 355 1590 527 1627; x_wconf 87' lang='lat' dir='ltr'>officium</span> <span class='ocrx_word' id='word_1_243' title='bbox 550 1590 667 1627; x_wconf 89' lang='lat' dir='ltr'>habet</span> <span class='ocrx_word' id='word_1_244' title='bbox 689 1602 729 1627; x_wconf 90' lang='lat' dir='ltr'>se</span> <span class='ocrx_word' id='word_1_245' title='bbox 752 1589 1012 1627; x_wconf 87' lang='lat' dir='ltr'>submittendi</span> <span class='ocrx_word' id='word_1_246' title='bbox 1035 1588 1272 1633; x_wconf 74' lang='lat' dir='ltr'>auctoritati,</span> <span class='ocrx_word' id='word_1_247' title='bbox 1296 1600 1412 1635; x_wconf 88' lang='lat' dir='ltr'>quam</span> <span class='ocrx_word' id='word_1_248' title='bbox 1437 1601 1569 1626; x_wconf 87' lang='lat' dir='ltr'>veram</span> <span class='ocrx_word' id='word_1_249' title='bbox 1593 1589 1675 1638; x_wconf 88' lang='lat' dir='ltr'>ipse</span> <span class='ocrx_word' id='word_1_250' title='bbox 1701 1589 1949 1638; x_wconf 86' lang='lat' dir='ltr'>probaverit:</span> 
     </span>
     <span class='ocr_line' id='line_1_24' title="bbox 212 1646 1952 1698; baseline -0.001 -11"><span class='ocrx_word' id='word_1_251' title='bbox 212 1652 251 1687; x_wconf 87' lang='lat' dir='ltr'>at</span> <span class='ocrx_word' id='word_1_252' title='bbox 274 1649 522 1698; x_wconf 85' lang='lat' dir='ltr'>philosophia</span> <span class='ocrx_word' id='word_1_253' title='bbox 543 1661 670 1697; x_wconf 88' lang='lat' dir='ltr'>neque</span> <span class='ocrx_word' id='word_1_254' title='bbox 691 1651 833 1697; x_wconf 86' lang='lat' dir='ltr'>potest,</span> <span class='ocrx_word' id='word_1_255' title='bbox 856 1660 984 1696; x_wconf 87' lang='lat' dir='ltr'>neque</span> <span class='ocrx_word' id='word_1_256' title='bbox 1007 1647 1126 1685; x_wconf 89' lang='lat' dir='ltr'>debet</span> <span class='ocrx_word' id='word_1_257' title='bbox 1146 1647 1218 1684; x_wconf 90' lang='lat' dir='ltr'>ulli</span> <span class='ocrx_word' id='word_1_258' title='bbox 1243 1658 1327 1684; x_wconf 81' lang='lat' dir='ltr'>sese</span> <span class='ocrx_word' id='word_1_259' title='bbox 1350 1646 1582 1685; x_wconf 79' lang='lat' dir='ltr'>submittere</span> <span class='ocrx_word' id='word_1_260' title='bbox 1606 1647 1835 1686; x_wconf 74' lang='lat' dir='ltr'>auctoritati</span> <span class='ocrx_word' id='word_1_261' title='bbox 1851 1653 1887 1693; x_wconf 59' lang='lat'>3«</span> <span class='ocrx_word' id='word_1_262' title='bbox 1911 1649 1952 1685; x_wconf 83' lang='lat' dir='ltr'>et</span> 
     </span>
     <span class='ocr_line' id='line_1_25' title="bbox 218 1705 1950 1757; baseline -0.001 -11"><span class='ocrx_word' id='word_1_263' title='bbox 218 1716 289 1749; x_wconf 83' lang='lat'>14:</span> <span class='ocrx_word' id='word_1_264' title='bbox 324 1709 601 1757; x_wconf 66' lang='lat' dir='ltr'>„Philosophia</span> <span class='ocrx_word' id='word_1_265' title='bbox 630 1708 834 1746; x_wconf 85' lang='lat' dir='ltr'>tractanda</span> <span class='ocrx_word' id='word_1_266' title='bbox 864 1709 922 1745; x_wconf 90' lang='lat' dir='ltr'>est</span> <span class='ocrx_word' id='word_1_267' title='bbox 953 1707 1065 1744; x_wconf 90' lang='lat' dir='ltr'>nulla</span> <span class='ocrx_word' id='word_1_268' title='bbox 1096 1705 1410 1754; x_wconf 86' lang='lat' dir='ltr'>supernaturalis</span> <span class='ocrx_word' id='word_1_269' title='bbox 1441 1707 1694 1744; x_wconf 86' lang='lat' dir='ltr'>revelationis</span> <span class='ocrx_word' id='word_1_270' title='bbox 1725 1707 1860 1745; x_wconf 88' lang='lat' dir='ltr'>habita</span> <span class='ocrx_word' id='word_1_271' title='bbox 1889 1720 1950 1745; x_wconf 84' lang='lat' dir='ltr'>ra-</span> 
     </span>
     <span class='ocr_line' id='line_1_26' title="bbox 210 1765 1951 1814; baseline 0 -10"><span class='ocrx_word' id='word_1_272' title='bbox 210 1768 358 1805; x_wconf 74' lang='lat' dir='ltr'>tione«</span> <span class='ocrx_word' id='word_1_273' title='bbox 403 1767 454 1805; x_wconf 84' lang='lat' dir='ltr'>Cf.</span> <span class='ocrx_word' id='word_1_274' title='bbox 488 1781 524 1806; x_wconf 90' lang='lat' dir='ltr'>n.</span> <span class='ocrx_word' id='word_1_275' title='bbox 551 1774 645 1807; x_wconf 77' lang='grc'><strong>276.</strong></span> <span class='ocrx_word' id='word_1_276' title='bbox 698 1768 823 1804; x_wconf 85' lang='lat' dir='ltr'>Acute</span> <span class='ocrx_word' id='word_1_277' title='bbox 854 1779 945 1804; x_wconf 77' lang='lat' dir='ltr'>vero</span> <span class='ocrx_word' id='word_1_278' title='bbox 976 1769 1087 1804; x_wconf 84' lang='lat' dir='ltr'>notat</span> <span class='ocrx_word' id='word_1_279' title='bbox 1118 1766 1380 1814; x_wconf 84' lang='lat' dir='ltr'>Kleutgen</span> <span class='ocrx_word' id='word_1_280' title='bbox 1412 1765 1446 1802; x_wconf 92' lang='lat' dir='ltr'>d.</span> <span class='ocrx_word' id='word_1_281' title='bbox 1472 1773 1492 1806; x_wconf 84' lang='lat'>5</span> <span class='ocrx_word' id='word_1_282' title='bbox 1519 1779 1548 1804; x_wconf 88' lang='lat' dir='ltr'>c.</span> <span class='ocrx_word' id='word_1_283' title='bbox 1574 1773 1595 1806; x_wconf 89' lang='lat'>5</span> <span class='ocrx_word' id='word_1_284' title='bbox 1621 1769 1640 1813; x_wconf 67' lang='lat' dir='ltr'>g</span> <span class='ocrx_word' id='word_1_285' title='bbox 1666 1773 1702 1812; x_wconf 87' lang='lat'>3,</span> <span class='ocrx_word' id='word_1_286' title='bbox 1726 1779 1815 1804; x_wconf 90' lang='lat' dir='ltr'>cum</span> <span class='ocrx_word' id='word_1_287' title='bbox 1845 1766 1951 1804; x_wconf 82' lang='lat' dir='ltr'>affir-</span> 
     </span>
     <span class='ocr_line' id='line_1_27' title="bbox 211 1825 1950 1876; baseline -0.001 -12"><span class='ocrx_word' id='word_1_288' title='bbox 211 1831 344 1864; x_wconf 83' lang='lat' dir='ltr'>matur</span> <span class='ocrx_word' id='word_1_289' title='bbox 365 1827 651 1876; x_wconf 87' lang='lat' dir='ltr'>philosophiam</span> <span class='ocrx_word' id='word_1_290' title='bbox 674 1838 759 1864; x_wconf 90' lang='lat' dir='ltr'>esse</span> <span class='ocrx_word' id='word_1_291' title='bbox 775 1826 981 1863; x_wconf 69' lang='lat' dir='ltr'>obnoxiam</span> <span class='ocrx_word' id='word_1_292' title='bbox 994 1825 1218 1874; x_wconf 78' lang='lat' dir='ltr'>theologiae</span> <span class='ocrx_word' id='word_1_293' title='bbox 1232 1827 1314 1869; x_wconf 71' lang='lat' dir='ltr'>etc,</span> <span class='ocrx_word' id='word_1_294' title='bbox 1338 1836 1417 1861; x_wconf 89' lang='lat' dir='ltr'>non</span> <span class='ocrx_word' id='word_1_295' title='bbox 1433 1837 1516 1862; x_wconf 89' lang='lat' dir='ltr'>esse</span> <span class='ocrx_word' id='word_1_296' title='bbox 1530 1838 1749 1863; x_wconf 87' lang='lat' dir='ltr'>sermonem</span> <span class='ocrx_word' id='word_1_297' title='bbox 1763 1826 1809 1863; x_wconf 89' lang='lat' dir='ltr'>de</span> <span class='ocrx_word' id='word_1_298' title='bbox 1824 1825 1950 1874; x_wconf 91' lang='lat' dir='ltr'>philo-</span> 
     </span>
     <span class='ocr_line' id='line_1_28' title="bbox 214 1884 1986 1935; baseline -0.001 -12"><span class='ocrx_word' id='word_1_299' title='bbox 214 1886 349 1935; x_wconf 87' lang='lat' dir='ltr'>sophia</span> <span class='ocrx_word' id='word_1_300' title='bbox 372 1886 562 1934; x_wconf 83' lang='lat' dir='ltr'>objective</span> <span class='ocrx_word' id='word_1_301' title='bbox 587 1888 761 1934; x_wconf 85' lang='lat' dir='ltr'>spectata</span> <span class='ocrx_word' id='word_1_302' title='bbox 783 1888 822 1923; x_wconf 88' lang='lat' dir='ltr'>et</span> <span class='ocrx_word' id='word_1_303' title='bbox 845 1885 888 1922; x_wconf 89' lang='lat' dir='ltr'>in</span> <span class='ocrx_word' id='word_1_304' title='bbox 910 1897 970 1922; x_wconf 90' lang='lat' dir='ltr'>se:</span> <span class='ocrx_word' id='word_1_305' title='bbox 994 1885 1050 1921; x_wconf 89' lang='lat' dir='ltr'>ita</span> <span class='ocrx_word' id='word_1_306' title='bbox 1063 1884 1167 1921; x_wconf 89' lang='lat' dir='ltr'>enim</span> <span class='ocrx_word' id='word_1_307' title='bbox 1180 1896 1249 1932; x_wconf 90' lang='lat' dir='ltr'>per</span> <span class='ocrx_word' id='word_1_308' title='bbox 1264 1896 1303 1920; x_wconf 88' lang='lat' dir='ltr'>se</span> <span class='ocrx_word' id='word_1_309' title='bbox 1318 1885 1379 1920; x_wconf 83' lang='lat' dir='ltr'>est</span> <span class='ocrx_word' id='word_1_310' title='bbox 1393 1884 1559 1922; x_wconf 77' lang='lat' dir='ltr'>obnoxia</span> <span class='ocrx_word' id='word_1_311' title='bbox 1573 1885 1732 1922; x_wconf 79' lang='lat' dir='ltr'>veritati</span> <span class='ocrx_word' id='word_1_312' title='bbox 1745 1886 1925 1922; x_wconf 83' lang='lat' dir='ltr'>aeternae</span> <span class='ocrx_word' id='word_1_313' title='bbox 1942 1899 1986 1930; x_wconf 54' lang='grc' dir='ltr'>μ’</span> 
     </span>
     <span class='ocr_line' id='line_1_29' title="bbox 211 1942 1953 1994; baseline -0.001 -12"><span class='ocrx_word' id='word_1_314' title='bbox 211 1945 280 1982; x_wconf 87' lang='lat' dir='ltr'>sed</span> <span class='ocrx_word' id='word_1_315' title='bbox 303 1945 349 1982; x_wconf 91' lang='lat' dir='ltr'>de</span> <span class='ocrx_word' id='word_1_316' title='bbox 371 1945 615 1994; x_wconf 89' lang='lat' dir='ltr'>philosophia</span> <span class='ocrx_word' id='word_1_317' title='bbox 636 1947 779 1989; x_wconf 86' lang='lat' dir='ltr'>nostra,</span> <span class='ocrx_word' id='word_1_318' title='bbox 813 1945 859 1981; x_wconf 89' lang='lat' dir='ltr'>de</span> <span class='ocrx_word' id='word_1_319' title='bbox 881 1944 996 1982; x_wconf 88' lang='lat' dir='ltr'>modo</span> <span class='ocrx_word' id='word_1_320' title='bbox 1029 1946 1068 1981; x_wconf 88' lang='lat' dir='ltr'>et</span> <span class='ocrx_word' id='word_1_321' title='bbox 1098 1943 1283 1980; x_wconf 81' lang='lat' dir='ltr'>methodo</span> <span class='ocrx_word' id='word_1_322' title='bbox 1315 1942 1619 1992; x_wconf 87' lang='lat' dir='ltr'>philosophandi</span> <span class='ocrx_word' id='word_1_323' title='bbox 1648 1946 1794 1990; x_wconf 88' lang='lat' dir='ltr'>nostra,</span> <span class='ocrx_word' id='word_1_324' title='bbox 1826 1943 1953 1992; x_wconf 87' lang='lat' dir='ltr'>deque</span> 
     </span>
     <span class='ocr_line' id='line_1_30' title="bbox 213 2002 1953 2052; baseline 0.001 -12"><span class='ocrx_word' id='word_1_325' title='bbox 213 2004 474 2049; x_wconf 77' lang='lat' dir='ltr'>illationibus,</span> <span class='ocrx_word' id='word_1_326' title='bbox 500 2016 596 2052; x_wconf 89' lang='lat' dir='ltr'>quas</span> <span class='ocrx_word' id='word_1_327' title='bbox 620 2016 689 2041; x_wconf 83' lang='lat' dir='ltr'>nos</span> <span class='ocrx_word' id='word_1_328' title='bbox 705 2004 946 2049; x_wconf 86' lang='lat' dir='ltr'>deducimus,</span> <span class='ocrx_word' id='word_1_329' title='bbox 971 2016 1070 2051; x_wconf 87' lang='lat' dir='ltr'>quae</span> <span class='ocrx_word' id='word_1_330' title='bbox 1084 2015 1164 2040; x_wconf 87' lang='lat' dir='ltr'>non</span> <span class='ocrx_word' id='word_1_331' title='bbox 1178 2015 1329 2050; x_wconf 80' lang='lat' dir='ltr'>semper</span> <span class='ocrx_word' id='word_1_332' title='bbox 1342 2003 1585 2051; x_wconf 88' lang='lat' dir='ltr'>respondent</span> <span class='ocrx_word' id='word_1_333' title='bbox 1598 2003 1731 2040; x_wconf 88' lang='lat' dir='ltr'>ordini</span> <span class='ocrx_word' id='word_1_334' title='bbox 1747 2002 1953 2052; x_wconf 84' lang='lat' dir='ltr'>objectivo.</span> 
     </span>
     <span class='ocr_line' id='line_1_31' title="bbox 211 2061 1952 2111; baseline 0 -11"><span class='ocrx_word' id='word_1_335' title='bbox 211 2063 308 2100; x_wconf 89' lang='lat' dir='ltr'>Eam</span> <span class='ocrx_word' id='word_1_336' title='bbox 332 2076 422 2101; x_wconf 83' lang='lat' dir='ltr'>vero</span> <span class='ocrx_word' id='word_1_337' title='bbox 445 2063 612 2100; x_wconf 88' lang='lat' dir='ltr'>dicimus</span> <span class='ocrx_word' id='word_1_338' title='bbox 637 2063 934 2100; x_wconf 88' lang='lat' dir='ltr'>subordinatam</span> <span class='ocrx_word' id='word_1_339' title='bbox 955 2062 1188 2111; x_wconf 83' lang='lat' dir='ltr'>theologiae,</span> <span class='ocrx_word' id='word_1_340' title='bbox 1213 2074 1304 2099; x_wconf 87' lang='lat' dir='ltr'>sane</span> <span class='ocrx_word' id='word_1_341' title='bbox 1326 2062 1518 2110; x_wconf 89' lang='lat' dir='ltr'>objective</span> <span class='ocrx_word' id='word_1_342' title='bbox 1540 2064 1745 2111; x_wconf 87' lang='lat' dir='ltr'>spectatae,</span> <span class='ocrx_word' id='word_1_343' title='bbox 1769 2075 1848 2100; x_wconf 89' lang='lat' dir='ltr'>non</span> <span class='ocrx_word' id='word_1_344' title='bbox 1869 2061 1952 2100; x_wconf 77' lang='lat' dir='ltr'>cuj-</span> 
     </span>
     <span class='ocr_line' id='line_1_32' title="bbox 214 2122 1080 2172; baseline 0 -14"><span class='ocrx_word' id='word_1_345' title='bbox 214 2122 311 2159; x_wconf 88' lang='lat' dir='ltr'>libet</span> <span class='ocrx_word' id='word_1_346' title='bbox 333 2123 537 2172; x_wconf 73' lang='lat' dir='ltr'>systemati</span> <span class='ocrx_word' id='word_1_347' title='bbox 559 2123 779 2172; x_wconf 88' lang='lat' dir='ltr'>theologico</span> <span class='ocrx_word' id='word_1_348' title='bbox 802 2122 864 2159; x_wconf 82' lang='lat' dir='ltr'>vel</span> <span class='ocrx_word' id='word_1_349' title='bbox 885 2122 1080 2171; x_wconf 87' lang='lat' dir='ltr'>theologo.</span> 
     </span>
    </p>
   </div>
   <div class='ocr_carea' id='block_1_4' title="bbox 211 2215 1956 2797">
    <p class='ocr_par' dir='ltr' id='par_1_4' title="bbox 211 2215 1956 2797">
     <span class='ocr_line' id='line_1_33' title="bbox 333 2215 1954 2265; baseline -0.001 -11"><span class='ocrx_word' id='word_1_350' title='bbox 333 2216 461 2260; x_wconf 81' lang='lat' dir='ltr'>Quare</span> <span class='ocrx_word' id='word_1_351' title='bbox 493 2220 627 2255; x_wconf 84' lang='lat' dir='ltr'>errant</span> <span class='ocrx_word' id='word_1_352' title='bbox 659 2217 727 2265; x_wconf 90' lang='lat' dir='ltr'>qui</span> <span class='ocrx_word' id='word_1_353' title='bbox 757 2217 1039 2254; x_wconf 84' lang='lat' dir='ltr'>revelationem</span> <span class='ocrx_word' id='word_1_354' title='bbox 1072 2221 1112 2254; x_wconf 90' lang='lat' dir='ltr'>et</span> <span class='ocrx_word' id='word_1_355' title='bbox 1141 2216 1331 2254; x_wconf 87' lang='lat' dir='ltr'>rationem</span> <span class='ocrx_word' id='word_1_356' title='bbox 1363 2218 1549 2253; x_wconf 84' lang='lat' dir='ltr'>statuunt</span> <span class='ocrx_word' id='word_1_357' title='bbox 1580 2228 1664 2253; x_wconf 88' lang='lat' dir='ltr'>esse</span> <span class='ocrx_word' id='word_1_358' title='bbox 1695 2215 1794 2253; x_wconf 88' lang='lat' dir='ltr'>duos</span> <span class='ocrx_word' id='word_1_359' title='bbox 1823 2215 1954 2253; x_wconf 89' lang='lat' dir='ltr'>fontes</span> 
     </span>
     <span class='ocr_line' id='line_1_34' title="bbox 213 2274 1953 2323; baseline 0 -11"><span class='ocrx_word' id='word_1_360' title='bbox 213 2275 391 2313; x_wconf 83' lang='lat' dir='ltr'>veritatis</span> <span class='ocrx_word' id='word_1_361' title='bbox 427 2289 506 2313; x_wconf 89' lang='lat' dir='ltr'>non</span> <span class='ocrx_word' id='word_1_362' title='bbox 538 2277 825 2323; x_wconf 81' lang='lat' dir='ltr'>subordinatos,</span> <span class='ocrx_word' id='word_1_363' title='bbox 867 2276 932 2314; x_wconf 89' lang='lat' dir='ltr'>sed</span> <span class='ocrx_word' id='word_1_364' title='bbox 964 2275 1312 2320; x_wconf 85' lang='lat' dir='ltr'>coordinatos,</span> <span class='ocrx_word' id='word_1_365' title='bbox 1357 2287 1533 2312; x_wconf 84' lang='lat' dir='ltr'>sororum</span> <span class='ocrx_word' id='word_1_366' title='bbox 1562 2275 1690 2313; x_wconf 88' lang='lat' dir='ltr'>instar</span> <span class='ocrx_word' id='word_1_367' title='bbox 1717 2277 1758 2312; x_wconf 88' lang='lat' dir='ltr'>et</span> <span class='ocrx_word' id='word_1_368' title='bbox 1788 2274 1953 2323; x_wconf 84' lang='lat' dir='ltr'>paral-</span> 
     </span>
     <span class='ocr_line' id='line_1_35' title="bbox 216 2334 1953 2384; baseline 0 -13"><span class='ocrx_word' id='word_1_369' title='bbox 216 2334 317 2372; x_wconf 91' lang='lat' dir='ltr'>lelo</span> <span class='ocrx_word' id='word_1_370' title='bbox 331 2347 358 2375; x_wconf 83' lang='lat' dir='ltr'>s,</span> <span class='ocrx_word' id='word_1_371' title='bbox 402 2336 538 2383; x_wconf 80' lang='lat' dir='ltr'>Neque</span> <span class='ocrx_word' id='word_1_372' title='bbox 561 2335 667 2373; x_wconf 89' lang='lat' dir='ltr'>enim</span> <span class='ocrx_word' id='word_1_373' title='bbox 688 2335 877 2384; x_wconf 89' lang='lat' dir='ltr'>parallela</span> <span class='ocrx_word' id='word_1_374' title='bbox 907 2338 948 2373; x_wconf 89' lang='lat' dir='ltr'>et</span> <span class='ocrx_word' id='word_1_375' title='bbox 969 2335 1193 2372; x_wconf 87' lang='lat' dir='ltr'>coordinata</span> <span class='ocrx_word' id='word_1_376' title='bbox 1215 2337 1318 2378; x_wconf 90' lang='lat' dir='ltr'>sunt,</span> <span class='ocrx_word' id='word_1_377' title='bbox 1354 2347 1453 2382; x_wconf 88' lang='lat' dir='ltr'>quae</span> <span class='ocrx_word' id='word_1_378' title='bbox 1475 2334 1663 2372; x_wconf 82' lang='lat' dir='ltr'>differunt</span> <span class='ocrx_word' id='word_1_379' title='bbox 1683 2334 1847 2382; x_wconf 82' lang='lat' dir='ltr'>objecto,</span> <span class='ocrx_word' id='word_1_380' title='bbox 1870 2346 1953 2372; x_wconf 89' lang='lat' dir='ltr'>mo-</span> 
     </span>
     <span class='ocr_line' id='line_1_36' title="bbox 212 2392 1952 2443; baseline 0 -13"><span class='ocrx_word' id='word_1_381' title='bbox 212 2393 297 2430; x_wconf 78' lang='lat' dir='ltr'>tivo</span> <span class='ocrx_word' id='word_1_382' title='bbox 320 2397 359 2431; x_wconf 87' lang='lat' dir='ltr'>et</span> <span class='ocrx_word' id='word_1_383' title='bbox 381 2394 627 2442; x_wconf 80' lang='lat' dir='ltr'>perfectione.</span> <span class='ocrx_word' id='word_1_384' title='bbox 669 2395 795 2443; x_wconf 86' lang='lat' dir='ltr'>Atqui</span> <span class='ocrx_word' id='word_1_385' title='bbox 817 2394 915 2432; x_wconf 88' lang='lat' dir='ltr'>ratio</span> <span class='ocrx_word' id='word_1_386' title='bbox 939 2396 979 2431; x_wconf 88' lang='lat' dir='ltr'>et</span> <span class='ocrx_word' id='word_1_387' title='bbox 1000 2393 1186 2431; x_wconf 85' lang='lat' dir='ltr'>revelatio</span> <span class='ocrx_word' id='word_1_388' title='bbox 1209 2393 1357 2431; x_wconf 84' lang='lat' dir='ltr'>distant</span> <span class='ocrx_word' id='word_1_389' title='bbox 1391 2394 1469 2442; x_wconf 88' lang='lat' dir='ltr'>obj</span> <span class='ocrx_word' id='word_1_390' title='bbox 1484 2396 1608 2438; x_wconf 88' lang='lat' dir='ltr'>ecto,</span> <span class='ocrx_word' id='word_1_391' title='bbox 1641 2405 1730 2431; x_wconf 91' lang='lat' dir='ltr'>cum</span> <span class='ocrx_word' id='word_1_392' title='bbox 1752 2392 1862 2430; x_wconf 90' lang='lat' dir='ltr'>illius</span> <span class='ocrx_word' id='word_1_393' title='bbox 1883 2393 1952 2430; x_wconf 87' lang='lat' dir='ltr'>ob-</span> 
     </span>
     <span class='ocr_line' id='line_1_37' title="bbox 211 2451 1954 2502; baseline -0.001 -13"><span class='ocrx_word' id='word_1_394' title='bbox 211 2453 363 2501; x_wconf 80' lang='lat' dir='ltr'>jectum</span> <span class='ocrx_word' id='word_1_395' title='bbox 387 2453 439 2490; x_wconf 90' lang='lat' dir='ltr'>sit</span> <span class='ocrx_word' id='word_1_396' title='bbox 461 2454 663 2497; x_wconf 81' lang='lat' dir='ltr'>rationale,</span> <span class='ocrx_word' id='word_1_397' title='bbox 696 2454 814 2502; x_wconf 80' lang='lat' dir='ltr'>hujus</span> <span class='ocrx_word' id='word_1_398' title='bbox 835 2466 928 2491; x_wconf 89' lang='lat' dir='ltr'>vero</span> <span class='ocrx_word' id='word_1_399' title='bbox 951 2466 1029 2491; x_wconf 91' lang='lat' dir='ltr'>non</span> <span class='ocrx_word' id='word_1_400' title='bbox 1052 2453 1180 2490; x_wconf 89' lang='lat' dir='ltr'>solum</span> <span class='ocrx_word' id='word_1_401' title='bbox 1202 2452 1401 2497; x_wconf 89' lang='lat' dir='ltr'>rationale,</span> <span class='ocrx_word' id='word_1_402' title='bbox 1435 2453 1499 2490; x_wconf 87' lang='lat' dir='ltr'>sed</span> <span class='ocrx_word' id='word_1_403' title='bbox 1531 2453 1650 2490; x_wconf 86' lang='lat' dir='ltr'>etiam</span> <span class='ocrx_word' id='word_1_404' title='bbox 1680 2451 1954 2501; x_wconf 82' lang='lat' dir='ltr'>praeterratio-</span> 
     </span>
     <span class='ocr_line' id='line_1_38' title="bbox 216 2510 1953 2561; baseline 0 -13"><span class='ocrx_word' id='word_1_405' title='bbox 216 2512 303 2548; x_wconf 87' lang='lat' dir='ltr'>nale</span> <span class='ocrx_word' id='word_1_406' title='bbox 326 2515 365 2549; x_wconf 88' lang='lat' dir='ltr'>et</span> <span class='ocrx_word' id='word_1_407' title='bbox 388 2513 714 2561; x_wconf 86' lang='lat' dir='ltr'>superrationale;</span> <span class='ocrx_word' id='word_1_408' title='bbox 748 2513 896 2550; x_wconf 88' lang='lat' dir='ltr'>distant</span> <span class='ocrx_word' id='word_1_409' title='bbox 917 2512 1121 2557; x_wconf 87' lang='lat' dir='ltr'>motivo,</span> <span class='ocrx_word' id='word_1_410' title='bbox 1158 2524 1248 2548; x_wconf 91' lang='lat' dir='ltr'>nam</span> <span class='ocrx_word' id='word_1_411' title='bbox 1270 2512 1339 2548; x_wconf 87' lang='lat' dir='ltr'>illa</span> <span class='ocrx_word' id='word_1_412' title='bbox 1359 2512 1512 2561; x_wconf 89' lang='lat' dir='ltr'>regitur</span> <span class='ocrx_word' id='word_1_413' title='bbox 1542 2511 1741 2549; x_wconf 84' lang='lat' dir='ltr'>evidentia</span> <span class='ocrx_word' id='word_1_414' title='bbox 1769 2510 1953 2557; x_wconf 84' lang='lat' dir='ltr'>naturali,</span> 
     </span>
     <span class='ocr_line' id='line_1_39' title="bbox 216 2569 1953 2623; baseline -0.001 -16"><span class='ocrx_word' id='word_1_415' title='bbox 216 2570 310 2607; x_wconf 88' lang='lat' dir='ltr'>haec</span> <span class='ocrx_word' id='word_1_416' title='bbox 323 2571 455 2607; x_wconf 74' lang='lat' dir='ltr'>divina</span> <span class='ocrx_word' id='word_1_417' title='bbox 468 2571 713 2616; x_wconf 85' lang='lat' dir='ltr'>auctoritate,</span> <span class='ocrx_word' id='word_1_418' title='bbox 727 2572 818 2608; x_wconf 90' lang='lat' dir='ltr'>hinc</span> <span class='ocrx_word' id='word_1_419' title='bbox 833 2573 872 2609; x_wconf 91' lang='lat' dir='ltr'>et</span> <span class='ocrx_word' id='word_1_420' title='bbox 894 2584 913 2608; x_wconf 93' lang='lat' dir='ltr'>c</span> <span class='ocrx_word' id='word_1_421' title='bbox 924 2584 944 2609; x_wconf 91' lang='lat' dir='ltr'>e</span> <span class='ocrx_word' id='word_1_422' title='bbox 955 2573 1002 2609; x_wconf 91' lang='lat' dir='ltr'>rt</span> <span class='ocrx_word' id='word_1_423' title='bbox 1013 2571 1026 2607; x_wconf 90' lang='lat' dir='ltr'>i</span> <span class='ocrx_word' id='word_1_424' title='bbox 1037 2573 1055 2608; x_wconf 92' lang='lat' dir='ltr'>t</span> <span class='ocrx_word' id='word_1_425' title='bbox 1065 2584 1092 2608; x_wconf 91' lang='lat' dir='ltr'>u</span> <span class='ocrx_word' id='word_1_426' title='bbox 1103 2571 1186 2608; x_wconf 89' lang='lat' dir='ltr'>din</span> <span class='ocrx_word' id='word_1_427' title='bbox 1199 2583 1219 2608; x_wconf 92' lang='lat' dir='ltr'>e</span> <span class='ocrx_word' id='word_1_428' title='bbox 1241 2571 1294 2620; x_wconf 83' lang='lat' dir='ltr'>(n.</span> <span class='ocrx_word' id='word_1_429' title='bbox 1311 2576 1392 2611; x_wconf 77' lang='lat'>487</span> <span class='ocrx_word' id='word_1_430' title='bbox 1405 2569 1449 2623; x_wconf 81' lang='grc'>2);</span> <span class='ocrx_word' id='word_1_431' title='bbox 1466 2570 1615 2608; x_wconf 89' lang='lat' dir='ltr'>distant</span> <span class='ocrx_word' id='word_1_432' title='bbox 1634 2584 1660 2620; x_wconf 89' lang='lat' dir='ltr'>p</span> <span class='ocrx_word' id='word_1_433' title='bbox 1672 2583 1719 2608; x_wconf 88' lang='lat' dir='ltr'>er</span> <span class='ocrx_word' id='word_1_434' title='bbox 1729 2570 1953 2615; x_wconf 81' lang='lat' dir='ltr'>sectione,</span> 
     </span>
     <span class='ocr_line' id='line_1_40' title="bbox 214 2628 1956 2679; baseline 0 -14"><span class='ocrx_word' id='word_1_435' title='bbox 214 2629 285 2666; x_wconf 86' lang='lat' dir='ltr'>illa</span> <span class='ocrx_word' id='word_1_436' title='bbox 307 2630 408 2666; x_wconf 84' lang='lat' dir='ltr'>enini</span> <span class='ocrx_word' id='word_1_437' title='bbox 433 2632 493 2666; x_wconf 88' lang='lat' dir='ltr'>est</span> <span class='ocrx_word' id='word_1_438' title='bbox 514 2631 716 2675; x_wconf 56' lang='lat' dir='ltr'>naturalis</span> <span class='ocrx_word' id='word_1_439' title='bbox 750 2630 841 2668; x_wconf 88' lang='lat' dir='ltr'>haec</span> <span class='ocrx_word' id='word_1_440' title='bbox 863 2630 1192 2679; x_wconf 88' lang='lat' dir='ltr'>supernaturalis:</span> <span class='ocrx_word' id='word_1_441' title='bbox 1224 2630 1294 2667; x_wconf 85' lang='lat' dir='ltr'>illa</span> <span class='ocrx_word' id='word_1_442' title='bbox 1315 2630 1531 2679; x_wconf 87' lang='lat' dir='ltr'>angustior,</span> <span class='ocrx_word' id='word_1_443' title='bbox 1555 2630 1648 2667; x_wconf 88' lang='lat' dir='ltr'>haec</span> <span class='ocrx_word' id='word_1_444' title='bbox 1669 2629 1855 2678; x_wconf 88' lang='lat' dir='ltr'>ampli0r;</span> <span class='ocrx_word' id='word_1_445' title='bbox 1885 2628 1956 2665; x_wconf 84' lang='lat' dir='ltr'>illa</span> 
     </span>
     <span class='ocr_line' id='line_1_41' title="bbox 218 2688 1953 2738; baseline -0.001 -13"><span class='ocrx_word' id='word_1_446' title='bbox 218 2701 357 2737; x_wconf 90' lang='lat' dir='ltr'>anceps</span> <span class='ocrx_word' id='word_1_447' title='bbox 380 2701 492 2737; x_wconf 86' lang='lat' dir='ltr'>saepe</span> <span class='ocrx_word' id='word_1_448' title='bbox 515 2692 576 2726; x_wconf 88' lang='lat' dir='ltr'>est</span> <span class='ocrx_word' id='word_1_449' title='bbox 597 2693 715 2738; x_wconf 82' lang='lat' dir='ltr'>atque</span> <span class='ocrx_word' id='word_1_450' title='bbox 738 2689 881 2735; x_wconf 88' lang='lat' dir='ltr'>haeret,</span> <span class='ocrx_word' id='word_1_451' title='bbox 916 2690 1010 2727; x_wconf 89' lang='lat' dir='ltr'>haec</span> <span class='ocrx_word' id='word_1_452' title='bbox 1033 2691 1139 2726; x_wconf 85' lang='lat' dir='ltr'>certa</span> <span class='ocrx_word' id='word_1_453' title='bbox 1161 2701 1314 2738; x_wconf 89' lang='lat' dir='ltr'>semper</span> <span class='ocrx_word' id='word_1_454' title='bbox 1344 2691 1404 2726; x_wconf 90' lang='lat' dir='ltr'>est</span> <span class='ocrx_word' id='word_1_455' title='bbox 1425 2701 1468 2726; x_wconf 90' lang='lat' dir='ltr'>ac</span> <span class='ocrx_word' id='word_1_456' title='bbox 1489 2688 1574 2726; x_wconf 80' lang='lat' dir='ltr'>fixa.</span> <span class='ocrx_word' id='word_1_457' title='bbox 1617 2688 1863 2737; x_wconf 79' lang='lat' dir='ltr'>Quapropter</span> <span class='ocrx_word' id='word_1_458' title='bbox 1892 2699 1953 2724; x_wconf 88' lang='lat' dir='ltr'>re·</span> 
     </span>
     <span class='ocr_line' id='line_1_42' title="bbox 217 2745 1956 2797; baseline -0.001 -13"><span class='ocrx_word' id='word_1_459' title='bbox 217 2747 383 2796; x_wconf 87' lang='lat' dir='ltr'>probata</span> <span class='ocrx_word' id='word_1_460' title='bbox 416 2747 495 2784; x_wconf 88' lang='lat' dir='ltr'>fuit</span> <span class='ocrx_word' id='word_1_461' title='bbox 527 2761 548 2784; x_wconf 90' lang='lat' dir='ltr'>a</span> <span class='ocrx_word' id='word_1_462' title='bbox 582 2748 668 2785; x_wconf 92' lang='lat' dir='ltr'>Pio</span> <span class='ocrx_word' id='word_1_463' title='bbox 690 2748 753 2785; x_wconf 86' lang='lat' dir='ltr'>IX.</span> <span class='ocrx_word' id='word_1_464' title='bbox 777 2749 919 2797; x_wconf 75' lang='lat' dir='ltr'>syllabi</span> <span class='ocrx_word' id='word_1_465' title='bbox 952 2761 1060 2797; x_wconf 89' lang='lat' dir='ltr'>prop.</span> <span class='ocrx_word' id='word_1_466' title='bbox 1086 2755 1130 2788; x_wconf 80' lang='lat'>8:</span> <span class='ocrx_word' id='word_1_467' title='bbox 1167 2748 1292 2792; x_wconf 65' lang='lat' dir='ltr'>„Cum</span> <span class='ocrx_word' id='word_1_468' title='bbox 1325 2747 1424 2785; x_wconf 89' lang='lat' dir='ltr'>ratio</span> <span class='ocrx_word' id='word_1_469' title='bbox 1458 2747 1630 2784; x_wconf 84' lang='lat' dir='ltr'>humana</span> <span class='ocrx_word' id='word_1_470' title='bbox 1663 2747 1740 2796; x_wconf 89' lang='lat' dir='ltr'>ipsi</span> <span class='ocrx_word' id='word_1_471' title='bbox 1772 2745 1956 2796; x_wconf 87' lang='lat' dir='ltr'>religioni</span> 
     </span>
    </p>
   </div>
   <div class='ocr_carea' id='block_1_5' title="bbox 215 2818 416 2820">
    <p class='ocr_par' dir='ltr' id='par_1_5' title="bbox 215 2818 416 2820">
     <span class='ocr_line' id='line_1_43' title="bbox 215 2818 416 2820; baseline 0 0"><span class='ocrx_word' id='word_1_472' title='bbox 215 2818 416 2820; x_wconf 95' lang='lat' dir='ltr'> </span> 
     </span>
    </p>
   </div>
   <div class='ocr_carea' id='block_1_6' title="bbox 216 2841 1957 3048">
    <p class='ocr_par' dir='ltr' id='par_1_6' title="bbox 216 2841 1957 3048">
     <span class='ocr_line' id='line_1_44' title="bbox 217 2841 1957 2888; baseline -0.002 -11"><span class='ocrx_word' id='word_1_473' title='bbox 217 2843 367 2878; x_wconf 86' lang='lat' dir='ltr'>relucet.</span> <span class='ocrx_word' id='word_1_474' title='bbox 388 2842 584 2884; x_wconf 79' lang='lat' dir='ltr'>,Quamvis</span> <span class='ocrx_word' id='word_1_475' title='bbox 602 2844 699 2877; x_wconf 83' lang='lat' dir='ltr'>enim</span> <span class='ocrx_word' id='word_1_476' title='bbox 713 2843 902 2877; x_wconf 85' lang='lat' dir='ltr'>naturales</span> <span class='ocrx_word' id='word_1_477' title='bbox 918 2843 1007 2878; x_wconf 88' lang='lat' dir='ltr'>illae</span> <span class='ocrx_word' id='word_1_478' title='bbox 1025 2843 1243 2888; x_wconf 84' lang='lat' dir='ltr'>disciplinae</span> <span class='ocrx_word' id='word_1_479' title='bbox 1257 2843 1331 2876; x_wconf 85' lang='lat' dir='ltr'>sm&#39;s</span> <span class='ocrx_word' id='word_1_480' title='bbox 1343 2842 1504 2887; x_wconf 86' lang='lat' dir='ltr'>propriis</span> <span class='ocrx_word' id='word_1_481' title='bbox 1527 2842 1671 2876; x_wconf 87' lang='lat' dir='ltr'>ratione</span> <span class='ocrx_word' id='word_1_482' title='bbox 1685 2841 1844 2886; x_wconf 84' lang='lat' dir='ltr'>cognitis</span> <span class='ocrx_word' id='word_1_483' title='bbox 1856 2841 1957 2885; x_wconf 87' lang='lat' dir='ltr'>prin-</span> 
     </span>
     <span class='ocr_line' id='line_1_45' title="bbox 216 2894 1956 2941; baseline -0.001 -11"><span class='ocrx_word' id='word_1_484' title='bbox 216 2896 325 2941; x_wconf 87' lang='lat' dir='ltr'>cipiis</span> <span class='ocrx_word' id='word_1_485' title='bbox 342 2897 520 2937; x_wconf 85' lang='lat' dir='ltr'>nitantur,</span> <span class='ocrx_word' id='word_1_486' title='bbox 541 2896 717 2930; x_wconf 84' lang='lat' dir='ltr'>catholici</span> <span class='ocrx_word' id='word_1_487' title='bbox 733 2899 858 2930; x_wconf 85' lang='lat' dir='ltr'>tamen</span> <span class='ocrx_word' id='word_1_488' title='bbox 876 2908 1001 2931; x_wconf 87' lang='lat' dir='ltr'>earum</span> <span class='ocrx_word' id='word_1_489' title='bbox 1020 2897 1178 2931; x_wconf 87' lang='lat' dir='ltr'>cultores</span> <span class='ocrx_word' id='word_1_490' title='bbox 1193 2896 1357 2930; x_wconf 86' lang='lat' dir='ltr'>divinam</span> <span class='ocrx_word' id='word_1_491' title='bbox 1370 2895 1634 2929; x_wconf 84' lang='lat' dir='ltr'>revelationem</span> <span class='ocrx_word' id='word_1_492' title='bbox 1648 2895 1753 2929; x_wconf 89' lang='lat' dir='ltr'>velut</span> <span class='ocrx_word' id='word_1_493' title='bbox 1764 2894 1956 2928; x_wconf 87' lang='lat' dir='ltr'>rectricem</span> 
     </span>
     <span class='ocr_line' id='line_1_46' title="bbox 217 2947 1957 2995; baseline -0.002 -11"><span class='ocrx_word' id='word_1_494' title='bbox 217 2951 365 2984; x_wconf 85' lang='lat' dir='ltr'>stellam</span> <span class='ocrx_word' id='word_1_495' title='bbox 382 2960 471 2994; x_wconf 88' lang='lat' dir='ltr'>prae</span> <span class='ocrx_word' id='word_1_496' title='bbox 489 2950 604 2984; x_wconf 89' lang='lat' dir='ltr'>oculis</span> <span class='ocrx_word' id='word_1_497' title='bbox 622 2950 786 2984; x_wconf 82' lang='lat' dir='ltr'>habeant</span> <span class='ocrx_word' id='word_1_498' title='bbox 804 2952 959 2994; x_wconf 82' lang='lat' dir='ltr'>oportet,</span> <span class='ocrx_word' id='word_1_499' title='bbox 989 2961 1063 2994; x_wconf 88' lang='lat' dir='ltr'>qua</span> <span class='ocrx_word' id='word_1_500' title='bbox 1079 2950 1316 2995; x_wconf 85' lang='lat' dir='ltr'>praelucente</span> <span class='ocrx_word' id='word_1_501' title='bbox 1335 2948 1406 2982; x_wconf 87' lang='lat' dir='ltr'>sibi</span> <span class='ocrx_word' id='word_1_502' title='bbox 1424 2959 1446 2982; x_wconf 86' lang='lat' dir='ltr'>a</span> <span class='ocrx_word' id='word_1_503' title='bbox 1464 2948 1626 2992; x_wconf 72' lang='lat' dir='ltr'>syrtibus</span> <span class='ocrx_word' id='word_1_504' title='bbox 1645 2949 1683 2982; x_wconf 88' lang='lat' dir='ltr'>ct</span> <span class='ocrx_word' id='word_1_505' title='bbox 1700 2947 1883 2981; x_wconf 85' lang='lat' dir='ltr'>erroribus</span> <span class='ocrx_word' id='word_1_506' title='bbox 1900 2956 1957 2980; x_wconf 86' lang='lat' dir='ltr'>ca-</span> 
     </span>
     <span class='ocr_line' id='line_1_47' title="bbox 219 2998 1957 3048; baseline -0.002 -11"><span class='ocrx_word' id='word_1_507' title='bbox 219 3005 340 3043; x_wconf 81' lang='lat' dir='ltr'>veant,</span> <span class='ocrx_word' id='word_1_508' title='bbox 355 3003 420 3037; x_wconf 90' lang='lat' dir='ltr'>ubi</span> <span class='ocrx_word' id='word_1_509' title='bbox 434 3003 473 3037; x_wconf 91' lang='lat' dir='ltr'>in</span> <span class='ocrx_word' id='word_1_510' title='bbox 488 3002 564 3036; x_wconf 87' lang='lat' dir='ltr'>suis</span> <span class='ocrx_word' id='word_1_511' title='bbox 578 3003 929 3048; x_wconf 85' lang='lat' dir='ltr'>investigationibus</span> <span class='ocrx_word' id='word_1_512' title='bbox 944 3005 979 3036; x_wconf 85' lang='lat' dir='ltr'>et</span> <span class='ocrx_word' id='word_1_513' title='bbox 994 3002 1366 3037; x_wconf 85' lang='lat' dir='ltr'>commentationibus</span> <span class='ocrx_word' id='word_1_514' title='bbox 1381 3000 1692 3041; x_wconf 78' lang='lat' dir='ltr'>animadvertant,</span> <span class='ocrx_word' id='word_1_515' title='bbox 1704 3010 1812 3045; x_wconf 89' lang='lat' dir='ltr'>posse</span> <span class='ocrx_word' id='word_1_516' title='bbox 1826 3010 1864 3034; x_wconf 86' lang='lat' dir='ltr'>se</span> <span class='ocrx_word' id='word_1_517' title='bbox 1881 2998 1957 3033; x_wconf 85' lang='lat' dir='ltr'>illis</span> 
     </span>
    </p>
   </div>
   <div class='ocr_carea' id='block_1_7' title="bbox 220 3052 1957 3152">
    <p class='ocr_par' dir='ltr' id='par_1_7' title="bbox 220 3052 1957 3152">
     <span class='ocr_line' id='line_1_48' title="bbox 220 3052 1957 3100; baseline -0.002 -10"><span class='ocrx_word' id='word_1_518' title='bbox 220 3057 365 3094; x_wconf 80' lang='lat' dir='ltr'>adduci,</span> <span class='ocrx_word' id='word_1_519' title='bbox 383 3057 427 3090; x_wconf 91' lang='lat' dir='ltr'>ut</span> <span class='ocrx_word' id='word_1_520' title='bbox 444 3055 656 3100; x_wconf 87' lang='lat' dir='ltr'>saepissime</span> <span class='ocrx_word' id='word_1_521' title='bbox 674 3055 819 3096; x_wconf 82' lang='lat' dir='ltr'>accidit,</span> <span class='ocrx_word' id='word_1_522' title='bbox 839 3055 886 3089; x_wconf 88' lang='lat' dir='ltr'>ad</span> <span class='ocrx_word' id='word_1_523' title='bbox 905 3066 948 3090; x_wconf 78' lang='lat' dir='ltr'>ea</span> <span class='ocrx_word' id='word_1_524' title='bbox 965 3056 1196 3100; x_wconf 84' lang='lat' dir='ltr'>proferenda,</span> <span class='ocrx_word' id='word_1_525' title='bbox 1222 3065 1317 3099; x_wconf 88' lang='lat' dir='ltr'>quae</span> <span class='ocrx_word' id='word_1_526' title='bbox 1344 3054 1427 3099; x_wconf 86' lang='lat' dir='ltr'>plus</span> <span class='ocrx_word' id='word_1_527' title='bbox 1455 3053 1624 3088; x_wconf 88' lang='lat' dir='ltr'>minusve</span> <span class='ocrx_word' id='word_1_528' title='bbox 1642 3053 1885 3090; x_wconf 85' lang='lat' dir='ltr'>adversantur</span> <span class='ocrx_word' id='word_1_529' title='bbox 1901 3052 1957 3086; x_wconf 90' lang='lat' dir='ltr'>in-</span> 
     </span>
     <span class='ocr_line' id='line_1_49' title="bbox 220 3108 1291 3152; baseline -0.001 -9"><span class='ocrx_word' id='word_1_530' title='bbox 220 3108 372 3143; x_wconf 73' lang='lat' dir='ltr'>sallibili</span> <span class='ocrx_word' id='word_1_531' title='bbox 389 3120 512 3143; x_wconf 87' lang='lat' dir='ltr'>rerum</span> <span class='ocrx_word' id='word_1_532' title='bbox 529 3108 688 3149; x_wconf 83' lang='lat' dir='ltr'>veritati,</span> <span class='ocrx_word' id='word_1_533' title='bbox 708 3118 802 3152; x_wconf 89' lang='lat' dir='ltr'>quae</span> <span class='ocrx_word' id='word_1_534' title='bbox 819 3119 842 3142; x_wconf 70' lang='lat' dir='ltr'>a.</span> <span class='ocrx_word' id='word_1_535' title='bbox 859 3108 934 3142; x_wconf 88' lang='lat' dir='ltr'>Deo</span> <span class='ocrx_word' id='word_1_536' title='bbox 952 3109 1139 3143; x_wconf 84' lang='lat' dir='ltr'>revelatae</span> <span class='ocrx_word' id='word_1_537' title='bbox 1156 3109 1291 3142; x_wconf 66' lang='lat' dir='ltr'>fuere«</span> 
     </span>
    </p>
   </div>
   <div class='ocr_carea' id='block_1_8' title="bbox 2058 0 2175 3382">
    <p class='ocr_par' dir='ltr' id='par_1_8' title="bbox 2058 0 2175 3382">
     <span class='ocr_line' id='line_1_50' title="bbox 2058 0 2175 3382; baseline 0 0"><span class='ocrx_word' id='word_1_538' title='bbox 2058 0 2175 3382; x_wconf 95' lang='lat' dir='ltr'> </span> 
     </span>
    </p>
   </div>
  </div>
 </body>
</html>
