2175 3382
193 140 276 177 fvj-⁴·
597 131 715 163 'li-act.
739 129 795 162 lv.
815 130 859 162 ‹lc
879 129 960 162 fide.
980 128 1032 162 De
1055 128 1235 162 Ecclesiae
1254 125 1519 171 propositione,

198 258 331 291 tcrum
363 249 870 289 extraordinarium
904 253 945 289 et
976 247 1223 295 solemnem,
1255 246 1325 298 qui
1357 245 1494 286 rarius
1525 248 1567 284 et
1597 242 1805 295 adjunctis
1836 247 1930 282 tan-

194 328 281 361 tuin
318 319 564 371 cogentibus
600 324 841 367 exercetur;
879 319 1171 371 quotidianum
1207 316 1398 362 alterum,
1433 314 1794 361 ordinarium,
1829 325 1931 354 con-

193 393 409 431 sistentem
434 391 474 429 in
498 391 589 442 ipsa
607 390 694 442 jugi
718 390 930 430 Ecclesiae
954 388 1281 441 praedicatione.
1315 386 1497 438 Ideoque
1520 385 1641 426 aliter
1663 389 1789 437 atque
1812 384 1933 424 aliter

194 462 380 502 Ecclesia
404 473 465 503 ea.
490 473 599 513 quae
624 460 702 501 lide
726 461 935 501 catholica
960 459 1143 500 tenenda
1176 464 1272 499 sunt
1305 470 1330 498 a
1363 456 1565 503 fidelibus,
1601 454 1812 496 credenda
1835 465 1932 506 pro-

195 534 334 585 ponit:
367 544 417 572 ea
440 532 524 575 scil.
550 532 746 584 proponit
769 546 808 575 a.
833 544 907 584 per
930 530 1206 572 conciliorum
1239 529 1612 570 oecumenicorum
1645 525 1935 574 definitiones,-

195 605 238 646 b.
264 603 385 644 editis
409 602 612 655 symbolis
636 608 677 643 et
700 602 794 643 fidei
817 601 1171 654 professionibus;
1204 613 1246 644 c.
1279 612 1354 652 per
1389 610 1666 639 romanorum
1688 595 1934 650 pontificum

196 674 494 722 definitionem,
527 685 636 726 quae
669 674 721 713 sit
752 685 802 713 ex
835 672 1059 719 cathedra;
1091 673 1135 714 d.
1170 682 1245 724 per
1275 671 1447 711 decreta
1470 669 1745 710 conciliorum
1768 667 1935 720 provin-

195 746 376 792 cialium,
400 756 508 797 quae
532 745 615 785 sint
637 743 875 796 approbata
899 756 923 783 a
947 755 1126 783 romano
1159 741 1355 795 pontifice
1387 740 1697 793 approbatione
1733 751 1820 795 non
1841 744 1936 779 tan-

197 821 283 856 tum
319 817 360 856 in
393 816 529 856 forma
564 815 753 867 simplici,
788 814 861 855 sed
896 815 939 855 in
971 814 1107 855 forma
1141 813 1370 868 speciali1),
1404 823 1478 853 seu
1511 823 1620 864 quae
1652 810 1706 852 ab
1737 810 1938 851 universa

197 886 383 927 Ecclesia
407 887 489 926 sint
511 887 735 941 recepta2).
780 885 828 926 Et
859 886 900 926 hi
934 890 1032 926 sunt
1054 884 1168 926 modi
1190 883 1480 930 solemniores,
1511 882 1664 936 quibus
1686 881 1874 923 Ecclesia
1894 881 1939 922 in

198 957 485 1010 proponendis
508 957 601 997 tidei
628 956 897 1009 dogmatibus
920 957 1060 997 utitur.
1084 954 1167 996 Sed
1182 959 1350 1007 praeter
1374 954 1453 995 hos
1476 953 1599 1006 plura
1613 952 1825 994 credenda
1839 964 1938 1005 pro-

201 1029 322 1081 ponit
343 1028 533 1068 Ecclesia
555 1040 632 1069 suo
656 1028 899 1079 magisterio
923 1026 1152 1076 ordinario,
1175 1025 1288 1078 quod
1311 1025 1603 1066 consentiente
1626 1029 1667 1065 et
1684 1024 1773 1076 jugi
1794 1027 1939 1076 pasto-

201 1113 294 1140 rum
326 1099 643 1152 praedicatione
675 1099 915 1139 continetur
947 1103 987 1139 et
1021 1109 1175 1149 magna
1206 1096 1356 1137 saltem
1388 1107 1439 1137 ex
1470 1100 1590 1148 parte
1621 1098 1868 1136 concretum
1899 1098 1942 1136 et

200 1171 433 1223 practicam
457 1169 646 1211 redditur
668 1170 760 1222 ipso
785 1169 897 1210 cultu
921 1174 961 1210 et
983 1169 1103 1221 praxi
1125 1168 1350 1210 Ecclesiae.
1393 1165 1678 1208 Gravissimus
1700 1166 1812 1207 enim
1834 1164 1942 1207 foret

201 1254 321 1282 error
342 1242 434 1293 ipsa
456 1240 670 1281 Ecclesiae
695 1240 969 1281 fundamenta
1001 1239 1264 1286 subvertens,
1287 1239 1321 1279 si
1345 1238 1438 1291 quis
1461 1237 1750 1287 contenderet,
1773 1249 1826 1278 ea
1846 1242 1942 1278 tan-

202 1318 291 1353 tum
307 1323 399 1353 esse
415 1312 638 1360 credenda,
654 1324 762 1364 quae
786 1325 805 1352 s
818 1323 842 1352 o
855 1312 867 1352 l
879 1323 902 1352 e
915 1324 953 1351 m
968 1311 1019 1351 ni
1042 1310 1169 1351 modo
1186 1309 1399 1350 credenda
1410 1313 1724 1362 proponuntur3
1746 1321 1847 1350 nam
1862 1309 1944 1350 hac

202 1384 245 1424 in
267 1383 491 1436 hypothesi
514 1383 658 1435 primis
681 1382 895 1423 Ecclesiae
918 1382 1070 1423 seculis
1093 1382 1150 1423 nil
1173 1382 1259 1422 fere
1274 1382 1420 1422 fuisset
1436 1380 1708 1430 credendum,
1722 1379 1943 1422 deficiente

203 1453 412 1506 ejusmodi
444 1453 623 1494 solemni
657 1454 958 1506 propositione.
1001 1452 1269 1505 Quapropter
1299 1452 1425 1493 Pius
1456 1451 1511 1492 IX
1554 1452 1598 1492 in
1628 1451 1757 1492 literis
1789 1451 1843 1493 ad
1874 1463 1944 1493 ar-

207 1525 338 1576 chiep.
363 1536 667 1565 monacensem
690 1529 756 1568 21.
780 1524 876 1565 Dec.
904 1528 1014 1569 1863
1038 1524 1182 1565 docet:
1233 1523 1429 1574 „Etiamsi
1461 1527 1657 1575 ageretur
1678 1523 1730 1564 de
1752 1522 1822 1564 illa
1843 1522 1944 1564 sub-

200 1597 398 1648 Jeetione,
420 1607 531 1648 quae
554 1595 650 1636 fidei
672 1595 840 1636 divinae
872 1599 971 1636 actu
1003 1600 1066 1636 est
1097 1594 1369 1647 praestanda,
1405 1594 1626 1634 limitanda
1647 1606 1735 1635 non
1757 1598 1870 1635 esset
1892 1593 1946 1634 ad

205 1679 268 1715 ea,
292 1678 401 1718 quae
424 1666 635 1718 expressis
659 1666 1033 1707 oecumenicorum
1056 1665 1333 1705 conciliorum
1365 1669 1438 1705 aut
1468 1676 1747 1705 romanorum
1777 1663 1946 1717 pontifi-

205 1750 302 1778 cum
324 1737 532 1790 hujusque
556 1737 817 1789 apostolicae
851 1736 963 1777 sedis
986 1736 1167 1777 decretis
1190 1734 1363 1776 definita
1389 1740 1499 1784 sunt,
1531 1734 1606 1775 sed
1628 1734 1682 1775 ad
1704 1746 1756 1775 ea
1777 1746 1947 1788 quoque

206 1808 486 1855 extendenda,
510 1819 619 1860 quae
643 1807 858 1848 ordinario
890 1808 1020 1848 totius
1043 1806 1259 1847 Ecclesiae
1287 1813 1362 1858 per
1394 1805 1542 1847 orbem
1575 1805 1792 1858 dispersae
1813 1806 1947 1858 magi-

207 1879 336 1920 sterio
359 1884 579 1932 tamquam
604 1880 801 1920 divinitus
832 1879 1022 1920 revelata
1052 1878 1288 1927 traduntur,
1319 1878 1501 1931 ideoque
1531 1877 1761 1919 universali
1782 1882 1824 1918 et
1845 1889 1948 1918 con-

208 1951 337 1990 stanti
360 1962 571 1992 consensu
594 1963 619 1992 a
642 1951 862 1991 catholicis
884 1950 1091 2002 theologis
1114 1949 1168 1990 ad
1190 1949 1316 1990 fidem
1338 1950 1550 2001 pertinere
1572 1949 1843 1989 retinentur.“
1891 1946 1948 1989 Cf.

213 2026 255 2061 et
275 2021 407 2062 verba
430 2034 548 2062 conc.
571 2023 757 2063 vaticani
778 2034 819 2064 n.
844 2025 952 2069 4983
976 2019 1261 2062 Scheeben
1283 2033 1322 2061 n.
1345 2024 1431 2065 403
1454 2033 1508 2070 S-;
1531 2023 1629 2063 423.
1651 2023 1749 2064 433.

332 2119 429 2161 504.
446 2116 673 2167 Quaeritur
694 2118 738 2160 2.
763 2116 961 2171 quomodo
982 2121 1251 2169 coyrzoscatm·
1259 2115 1492 2169 propositio
1506 2113 1727 2167 Ecclesiae,
1749 2125 1823 2154 seu
1843 2125 1951 2166 quo-

210 2187 339 2228 modo
364 2192 648 2240 cognoscatur
671 2187 826 2240 aliquid
852 2186 905 2227 ab
927 2185 1117 2227 Ecclesia
1138 2190 1185 2226 ut
1206 2185 1302 2226 fidei
1324 2184 1559 2226 catholicae
1594 2184 1749 2236 dogma
1770 2184 1952 2236 proponi

209 2256 265 2297 ab
289 2257 486 2298 omnibus
508 2258 777 2299 credendum.
818 2258 1154 2310 Respondemus,
1176 2257 1212 2297 si
1235 2257 1371 2309 agitur
1393 2256 1445 2297 de
1469 2267 1520 2296 ea
1542 2255 1843 2308 propositione,
1867 2267 1951 2308 qua

361 2410 384 2455 ¹)
404 2435 416 2448 ,,
428 2409 570 2454 Duplex
586 2409 831 2455 distinguitur
849 2423 867 2445 c
878 2423 898 2446 ο
910 2423 935 2444 n
945 2411 981 2445 fi
992 2423 1053 2445 rm
1066 2422 1087 2445 a
1097 2412 1113 2444 t
1123 2411 1136 2444 i
1148 2422 1168 2446 ο
1180 2424 1204 2445 n
1215 2412 1226 2445 i
1239 2423 1254 2444 s
1273 2410 1423 2455 specie&
1440 2409 1557 2444 altera
1570 2409 1609 2443 in
1620 2409 1739 2443 forma
1753 2408 1952 2453 communi,

210 2474 304 2507 quae
323 2466 358 2497 et
391 2463 599 2507 simplex
623 2466 768 2507 atque
795 2465 1045 2498 ordinaria
1074 2466 1244 2503 vocatum
1273 2464 1391 2498 altera
1408 2464 1445 2497 in
1465 2464 1583 2497 forma
1613 2462 1838 2507 speciali,
1858 2472 1952 2506 quae

213 2517 351 2551 dicitur
371 2516 484 2550 etiam
503 2527 545 2550 ex
565 2518 665 2550 certa
684 2517 849 2551 scientia.
876 2517 1112 2552 Confirmatio
1131 2518 1216 2552 sim
1229 2518 1274 2563 pl
1288 2529 1307 2551 e
1319 2530 1341 2551 x
1359 2519 1470 2560 atque
1489 2527 1509 2550 o
1520 2529 1538 2550 1·
1549 2516 1630 2550 din
1642 2515 1713 2549 ari
1724 2526 1746 2549 a
1763 2517 1887 2550 actum
1905 2515 1952 2550 ab

212 2569 453 2604 inferioribus
472 2571 617 2613 gestum
635 2569 674 2603 in
692 2580 734 2603 eo
754 2573 854 2604 statu
872 2571 1077 2613 confirmat,
1095 2571 1134 2605 in
1152 2582 1225 2614 quo
1243 2571 1346 2615 prius
1364 2570 1495 2609 fuerat,
1513 2569 1657 2604 nullum
1670 2569 1731 2614 jus
1745 2579 1878 2603 novum
1892 2580 1952 2603 ne-

212 2633 283 2666 que
301 2622 463 2656 valorem
481 2621 539 2655 illi
558 2621 776 2659 tribuendo:
796 2625 984 2668 supponit,
1006 2634 1078 2658 non
1096 2624 1188 2658 facit
1205 2629 1328 2658 actum
1346 2623 1513 2657 validum
1533 2634 1690 2666 eumque
1703 2622 1896 2666 approbat,
1913 2621 1953 2656 in

213 2677 395 2719 quantum
411 2675 488 2719 jam
507 2674 605 2708 valet
624 2700 631 2708 .
652 2701 659 2708 .
680 2701 687 2708 .
707 2675 945 2710 Confirmatio
973 2677 1011 2710 in
1039 2677 1158 2710 forma
1185 2676 1398 2721 speciali
1422 2677 1550 2709 contra
1576 2685 1711 2709 novum
1733 2675 1795 2720 jus
1821 2675 1954 2710 tribuit

214 2728 327 2767 actui,
346 2738 514 2771 eumque,
533 2727 563 2760 si
583 2730 692 2761 antea
710 2737 753 2762 ex
767 2729 857 2762 vitio
877 2730 1000 2773 aliquo
1020 2730 1151 2764 fuisset
1168 2730 1367 2769 invalidus,
1395 2729 1543 2763 firmum
1569 2728 1692 2762 reddit
1722 2733 1758 2763 et
1775 2729 1952 2770 validum,

214 2782 321 2827 quasi
349 2792 416 2826 per
446 2792 581 2815 novam
609 2782 879 2816 concessionem
899 2787 948 2823 et,
985 2784 1168 2827 quatenus
1199 2794 1290 2828 opus
1321 2785 1388 2824 est,
1418 2793 1484 2827 per
1511 2782 1859 2826 dispensationem«
1897 2783 1954 2817 [ta

214 2835 246 2869 N
260 2835 352 2869 ille
367 2846 382 2868 s
400 2834 440 2868 in
458 2834 656 2868 comment.
676 2834 713 2867 in
733 2845 831 2868 conc.
847 2833 1052 2878 plenarium
1071 2836 1094 2870 b
1106 2847 1127 2869 a
1137 2836 1150 2870 1
1160 2837 1178 2870 t
1188 2836 1201 2869 i
1211 2848 1247 2869 m
1259 2847 1279 2870 o
1290 2847 1309 2869 ι·
1320 2846 1338 2870 e
1349 2847 1374 2869 n
1387 2848 1402 2869 s
1413 2844 1433 2868 e
1449 2834 1786 2878 111.(1884)introd‚
1801 2847 1836 2880 p.
1851 2836 1896 2871 37
1908 2847 1954 2869 ss.

215 2888 269 2922 Cf.
287 2887 442 2921 Bouix
460 2886 503 2920 de
521 2887 621 2920 curia
639 2896 729 2921 rom.
748 2898 783 2931 p.
802 2889 869 2921 472
890 2900 953 2927 ss.;
973 2889 1240 2923 Schneider
1258 2888 1330 2924 KL.
1350 2892 1405 2930 10,
1424 2890 1505 2923 550.

361 2945 386 2983 2)
408 2939 620 2985 Cujusmodi
638 2942 724 2974 sunt
742 2941 897 2975 concilia
925 2942 1270 2976 milevitanum
1288 2942 1332 2976 Il.
1351 2942 1389 2976 et
1417 2941 1804 2986 carthaginense
1822 2953 1854 2976 a.
1872 2944 1952 2976 418.

217 2995 390 3029 adversus
407 2993 644 3038 pelagianos:
665 3004 686 3026 a
696 3005 714 3027 r
724 3004 745 3027 a
756 3005 780 3027 u
791 2995 860 3027 sic
871 3005 891 3027 a
903 3007 927 3028 n
938 3007 962 3027 u
974 3007 1009 3028 m
1028 2996 1074 3030 H.
1092 2996 1264 3030 adversus
1281 2995 1600 3040 semipelagianos,
1619 3006 1638 3030 e
1649 2996 1672 3030 b
1682 3007 1700 3029 1·
1709 3005 1730 3029 o
1743 2995 1765 3029 d
1776 3007 1798 3028 u
1810 3007 1834 3029 n
1846 3005 1864 3029 e
1875 3006 1900 3028 n
1911 3007 1926 3029 s
1935 3005 1954 3028 e

216 3047 389 3081 adversus
402 3047 641 3092 jansenianos
659 3047 780 3092 (1727)
799 3047 1043 3091 approbatum
1064 3059 1085 3082 a
1103 3049 1132 3082 B
1144 3060 1163 3083 e
1174 3060 1199 3082 n
1210 3059 1229 3083 e
1241 3049 1263 3082 d
1273 3049 1286 3083 i
1297 3059 1316 3082 c
1327 3049 1344 3082 t
1355 3059 1375 3083 ο
1393 3047 1488 3083 xm.
1507 3050 1575 3084 etc.

2164 3249 2175 3382 -ae-ssau
