2175 3382
584 138 802 183 praecipua-s
822 141 946 183 partes
963 139 1097 173 habuit
1112 149 1288 174 romanus
1307 141 1510 185 episcopus.
1827 146 1913 188 403

173 262 301 299 lorum
326 263 444 310 caput
465 273 547 298 esse
569 261 606 298 b.
629 273 687 309 ap.
711 262 915 298 Petrum«
938 261 1131 298 Damnato
1154 261 1336 298 Nestorio
1360 261 1552 300 sollicitus
1574 263 1650 300 fuit
1663 263 1914 309 Coelestinus,

174 321 219 357 ut
251 332 366 369 quam
400 319 626 369 longissime
659 321 907 357 amoveretur
936 321 1055 367 atque
1088 319 1328 357 orthodoxus
1362 321 1564 369 episcopus
1594 322 1634 358 in
1667 322 1752 371 ejus
1787 323 1915 360 locum

173 379 465 428 subrogaretur.
510 377 697 422 Quocirca
727 378 774 415 de
807 389 850 416 eo
886 378 1022 415 scribit
1053 379 1274 426 Prosper
1305 381 1440 416 contra
1472 380 1605 417 Collat.
1638 394 1668 418 c.
1693 387 1740 420 21
1777 393 1815 418 n.
1840 387 1914 421 58:

176 464 193 481 »
204 438 277 475 Per
299 438 403 474 hunc
424 437 555 474 virum
578 437 697 474 etiam
719 437 927 474 orientales
943 437 1123 474 ecclesiae
1137 437 1295 486 gemina
1307 440 1418 486 peste
1432 441 1619 487 purgatae
1633 441 1736 481 sunt,
1760 439 1915 488 quando

174 496 319 545 Cyrillo
352 496 626 533 alexandrinae
658 495 771 533 urbis
803 496 973 533 antistiti
1004 496 1292 545 gloriosissimo
1314 496 1403 533 fidei
1425 497 1632 534 catholicae
1654 497 1846 536 defensori
1867 498 1915 536 ad

173 555 426 593 exsecandam
449 555 624 592 Nestorii
656 555 900 603 impietatem
931 555 1144 603 apostolico
1176 555 1305 604 gladio
1333 557 1392 592 est
1423 555 1657 601 auxiliatus:
1689 569 1765 604 quo
1797 558 1915 594 etiam

171 614 379 664 pelagiani,
404 613 499 651 dum
522 613 699 663 cognatis
722 613 1092 651 confoederarentur
1122 614 1334 659 erroribus,
1366 614 1511 651 iterum
1533 617 1913 663 prosternerentur.«

171 672 233 710 Ita.
263 676 394 721 patres
425 684 530 710 conc.
553 672 793 709 oecumenici
825 672 888 709 VI.
911 672 1087 709 fatentur
1117 673 1159 709 in
1190 685 1248 722 ep.
1272 673 1319 710 ad
1354 673 1610 722 Agathonem‚
1646 687 1711 717 »se
1744 677 1914 712 exortam

173 744 299 780 nuper
329 730 564 780 multiplicis
599 731 740 768 erroris
774 729 1163 784 (monotheletarum)
1195 731 1428 769 haereticam
1460 735 1604 769 sectam
1626 732 1821 781 depulisse
1846 763 1853 770 .
1876 763 1884 771 .
1907 763 1915 770 .

172 804 217 828 ex
241 790 438 828 sententia
458 802 529 838 per
551 802 600 827 ss.
622 792 774 827 vestras
808 790 940 827 literas
961 791 1071 839 prius
1105 790 1152 828 de
1173 791 1221 828 iis
1244 791 1325 828 lata
1347 788 1627 843 (Hardouin
1649 792 1717 836 ΠΙ,
1748 790 1913 845 1438).«

292 873 388 915 383.
411 869 602 922 Denique
629 869 697 912 10.
731 883 780 910 ex
810 870 905 923 ipsa
931 883 1200 910 romanorum
1217 870 1464 924 pontificum
1489 872 1640 924 aqendi
1668 873 1841 926 ratione,
1873 876 1916 913 ut

174 952 227 981 ea
258 940 465 992 colligitur
496 952 548 981 ex
579 939 812 981 eorundem
844 940 974 981 literis
1008 939 1225 982 Clemente
1256 952 1390 994 usque
1424 941 1479 981 ad
1500 941 1687 983 Leonem
1715 944 1832 998 (nam
1864 943 1916 984 de

175 1011 482 1064 posterioribus
503 1022 630 1052 nemo
654 1010 849 1067 dubitat),
871 1010 1142 1052 manifestum
1165 1015 1241 1061 est,
1263 1023 1338 1052 eos
1360 1012 1418 1052 ita
1440 1023 1486 1053 se
1513 1013 1706 1064 gessisse,
1728 1017 1774 1054 ut
1795 1013 1916 1054 decet

172 1081 277 1130 illos,
301 1081 455 1134 quibus
477 1081 628 1122 vineae
652 1081 892 1122 dominicae
914 1081 1107 1122 custodia
1130 1081 1205 1123 fuit
1227 1082 1475 1123 concredita
1495 1084 1538 1138 1),
1577 1082 1729 1135 quibus
1750 1084 1914 1125 incum-

171 1152 232 1192 bit
263 1151 503 1193 sollicitudo
547 1153 739 1193 omnium
772 1152 1061 1203 ecclesiarum,
1097 1153 1252 1206 quique
1287 1153 1506 1194 constituti
1541 1158 1641 1194 sunt
1674 1166 1699 1195 a
1733 1154 1914 1196 Domino

171 1234 298 1275 super
320 1235 492 1263 omnem
519 1222 722 1263 familiam
745 1224 959 1276 totiusque
981 1223 1182 1264 dominici
1214 1224 1335 1265 ovilis
1366 1229 1572 1277 pastores,
1620 1225 1735 1267 Haec
1761 1226 1915 1267 sollici-

175 1293 274 1334 tudo
307 1299 348 1335 et
380 1293 573 1335 custodia
605 1294 745 1335 elucet
770 1294 861 1347 jam
884 1306 936 1335 ex
958 1308 989 1335 s.
1013 1293 1314 1336 Clementis
1337 1295 1391 1336 ad
1415 1296 1650 1337 corinthios
1675 1297 1854 1349 epistola
1870 1297 1915 1353 2).

171 1363 316 1417 Neque
347 1365 461 1405 enim
492 1365 645 1405 horum
677 1377 809 1406 causa
840 1365 981 1407 delata
1016 1365 1092 1406 fuit
1121 1365 1176 1406 ad
1207 1379 1238 1407 s.
1270 1365 1502 1416 Joannem,
1535 1367 1606 1419 qui
1644 1367 1784 1408 adhuc
1825 1372 1915 1409 tum

173 1435 360 1484 vivebat;
390 1447 528 1488 neque
560 1435 628 1476 hic
665 1435 720 1476 ad
741 1436 835 1476 illos
859 1437 1038 1488 scripsit,
1068 1436 1143 1477 sed
1166 1436 1279 1477 Petri
1301 1437 1532 1478 cathedrae
1554 1438 1692 1487 heres,
1714 1438 1738 1478 i.
1763 1450 1796 1481 e.
1820 1436 1914 1480 Cle-

175 1517 305 1548 mens.
350 1506 772 1549 Potentissimis
805 1512 945 1549 autem
970 1508 1057 1549 suis
1077 1508 1220 1557 literis,
1252 1513 1298 1549 ut
1329 1520 1403 1549 eas
1436 1508 1620 1561 appellat
1650 1508 1914 1551 Irenaeus

174 1576 196 1618 l.
230 1581 255 1621 3
291 1589 326 1619 c.
359 1583 397 1626 3,
431 1578 666 1619 corinthios
700 1578 755 1619 ad
788 1590 940 1631 pacem
972 1579 1245 1632 congregavit
1277 1591 1510 1632 eorumque
1537 1579 1663 1620 fidem
1687 1580 1912 1631 reparavit,

174 1652 404 1701 tantaeque
427 1660 504 1689 eae
527 1648 697 1689 fuerunt
720 1649 832 1701 apud
846 1649 960 1690 illam
974 1650 1198 1690 ecclesiam
1218 1650 1495 1699 auctoritatis,
1519 1654 1565 1691 ut
1585 1649 1773 1692 solerent
1795 1651 1912 1692 dein-

175 1731 275 1771 ceps
298 1719 426 1760 etiam
448 1719 491 1760 in
512 1719 682 1772 publico
704 1719 888 1760 fidelium
912 1726 1125 1761 conventu
1146 1721 1332 1773 praelegi
1353 1724 1460 1761 teste
1482 1720 1577 1762 Dio
1591 1722 1747 1774 nysio
1771 1723 1910 1763 corin-

174 1790 360 1831 thiorum
383 1790 585 1842 episcopo
610 1791 721 1843 apud
743 1790 971 1831 Eusebium
993 1790 1039 1834 H.
1062 1790 1104 1832 E.
1127 1791 1192 1841 IV,
1216 1795 1282 1836 23.
1315 1791 1503 1832 Eandem
1527 1804 1676 1833 curam
1698 1797 1911 1834 testantur

174 1860 318 1901 omnia
341 1860 559 1913 hucusque
582 1872 781 1913 expensa,
804 1860 955 1913 quibus
978 1862 1182 1903 nonnulla
1204 1862 1288 1903 alia
1310 1862 1527 1903 addemus.

292 1957 335 1987 a.
359 1947 487 1984 Tanta
516 1949 599 1984 erat
629 1960 879 1985 romanorum
901 1948 1128 1996 praesulum
1152 1948 1386 1993 sollicitudo,
1418 1950 1464 1986 ut
1485 1949 1525 1985 in
1547 1950 1607 1986 tot
1626 1949 1909 1998 persecutioni-

173 2006 247 2043 bus
269 2018 405 2043 curam
428 2018 583 2054 quoque
606 2009 786 2056 gererent
803 2019 1023 2055 pauperum
1045 2007 1210 2044 aliarum
1233 2008 1501 2045 ecclesiarum:
1525 2021 1641 2056 quam
1657 2008 1811 2045 extollit
1826 2009 1908 2057 jam

173 2077 246 2103 sec.
267 2065 316 2105 ΙΙ.
341 2065 620 2114 Dionysius
644 2066 928 2103 corinthiorum
951 2079 1010 2114 ep,
1042 2066 1218 2104 scribens
1241 2063 1305 2119 (cf.
1327 2066 1519 2104 Eusebius
1541 2067 1588 2103 H.
1610 2067 1652 2104 E.
1674 2067 1737 2113 IV,
1768 2064 1839 2120 23)
1862 2068 1910 2105 ἃᾶ

173 2123 371 2161 ecclesiam
394 2137 613 2161 romanam:
647 2125 780 2169 »Haec
803 2125 913 2162 vobis
940 2125 988 2162 ab
1010 2125 1166 2163 exordio
1188 2125 1430 2163 consuetudo
1454 2127 1522 2170 est,
1546 2128 1592 2162 ut
1613 2126 1754 2163 fratres
1775 2139 1909 2164 omnes

173 2183 278 2220 vario
299 2182 576 2220 beneficiorum
599 2196 741 2233 genere
764 2184 941 2221 afficiatis
964 2185 1003 2221 et
1025 2184 1199 2222 ecclesiis
1222 2198 1336 2233 quam
1359 2184 1550 2233 plurimis
1575 2197 1673 2232 quae
1688 2184 1729 2221 in
1743 2185 1910 2235 singulis

172 2241 339 2279 urbibus
362 2242 596 2279 constitutae
618 2245 712 2280 sunt
732 2242 951 2280 necessaria
964 2243 1067 2281 vitae
1090 2243 1265 2280 subsidia
1285 2243 1579 2281 transmittatis.
1601 2244 1651 2281 Et
1671 2243 1742 2281 hac
1761 2245 1910 2282 ratione

171 2303 258 2338 tum
289 2301 492 2350 egentium
525 2301 696 2350 inopiam
719 2302 946 2347 sublevatis,
977 2304 1063 2338 tum
1084 2302 1289 2348 fratribus,
1322 2302 1390 2350 qui
1412 2303 1450 2338 in
1476 2302 1645 2339 metallis
1667 2303 1908 2351 detinentur,

172 2359 387 2397 necessaria
428 2360 703 2408 suppeditatis,
746 2374 815 2409 per
846 2362 951 2405 haec,
995 2373 1093 2408 quae
1126 2361 1174 2398 ab
1208 2361 1322 2398 initio
1353 2361 1619 2399 transmittere
1650 2363 1910 2401 consuevistis

173 2430 345 2463 munera,
376 2431 522 2456 morem
553 2419 864 2468 institutumque
895 2432 1145 2457 romanorum
1175 2433 1197 2457 a
1224 2419 1439 2468 majoribus
1462 2421 1601 2458 vestris
1623 2424 1826 2470 acceptum
1848 2434 1909 2460 ro-

174 2478 280 2514 mani
300 2478 516 2515 retinentes
540 2480 639 2517 etc«
683 2479 743 2516 Ita
764 2481 804 2516 et
824 2478 1060 2515 Basilius
1083 2492 1141 2527 ep.
1167 2485 1246 2518 220
1270 2479 1317 2516 ad
1340 2479 1549 2516 Damasum
1571 2492 1606 2520 n.
1633 2486 1668 2520 2.
1693 2487 1729 2521 3.

291 2534 339 2576 b.
365 2536 508 2574 Curam
529 2542 723 2586 gesserunt
744 2551 823 2575 non
846 2538 970 2575 solum
993 2538 1225 2574 universalis
1247 2537 1452 2584 Ecclesiae,
1484 2540 1531 2575 ut
1553 2538 1735 2584 vidimus,
1759 2540 1825 2577 sed
1846 2541 1910 2578 vel

171 2607 429 2643 personarum
454 2598 719 2644 privatarum,
753 2609 850 2645 quae
883 2596 1033 2644 injuste
1064 2597 1319 2634 vexabantur.
1363 2597 1434 2634 Vix
1466 2597 1642 2635 audierat
1667 2599 1908 2636 Innocen-

172 2654 281 2691 tius
311 2654 341 2691 Ι.
364 2655 411 2691 de
433 2655 627 2692 molest-iis
650 2656 890 2704 Hieronymo
922 2655 1025 2702 apud
1048 2656 1277 2693 Bethlehem
1307 2668 1377 2704 per
1409 2656 1634 2706 pelagianos
1655 2657 1789 2703 illatis,
1821 2671 1909 2696 cum

318 2783 344 2821 ¹)
363 2779 420 2813 Ita
438 2791 537 2814 conc.
557 2781 711 2824 ephes.
732 2791 788 2824 ep.
809 2781 854 2814 ad
875 2780 1132 2814 Coelestinum.
1153 2780 1205 2816 Cf.
1226 2791 1278 2817 ex,
1298 2793 1350 2826 gr.
1370 2781 1398 2814 B
1411 2782 1619 2816 onifatii
1642 2792 1699 2827 ep.
1717 2787 1759 2817 14
1772 2796 1806 2817 n.
1821 2786 1852 2817 3.
1867 2787 1907 2817 4:

174 2831 200 2865 C
212 2843 231 2865 o
244 2833 344 2866 eles
356 2832 454 2866 tini
473 2843 531 2877 ep.
549 2836 572 2866 4
589 2846 627 2867 n.
647 2837 661 2866 1
685 2838 825 2878 (opusc.
844 2833 986 2874 XVlll).
1023 2832 1164 2867 Idcirco
1194 2834 1305 2867 etiam
1333 2845 1568 2869 romanorum
1597 2836 1815 2880 pontificum
1835 2836 1908 2880 epi-

176 2884 293 2918 stolae
312 2885 531 2919 dicebantur
544 2886 622 2930 jam
641 2887 730 2921 olim
749 2898 804 2920 au
817 2889 861 2920 ct
872 2897 891 2920 o
904 2887 971 2920 rit
984 2897 1003 2919 a
1014 2887 1030 2919 t
1042 2896 1061 2920 e
1073 2898 1088 2920 s
1107 2886 1164 2932 (cf.
1182 2887 1280 2921 infra
1298 2886 1353 2921 lit.
1373 2888 1436 2931 (1.).

317 2940 344 2982 2)
363 2938 416 2972 Cf.
435 2939 524 2973 Tiib.
544 2939 686 2980 Qtscbr.
711 2942 798 2974 1876
816 2952 850 2984 p.
869 2943 950 2975 456.
969 2940 1136 2973 Ceterum
1157 2940 1298 2974 romani
1312 2941 1474 2985 episcopi
1489 2941 1668 2985 primatus
1682 2942 1908 2986 splendidius

174 2991 294 3026 adhuc
312 3002 354 3025 ex
371 2991 438 3025 illa
456 3002 512 3036 ep.
532 2993 663 3034 elucet,
681 2995 878 3037 postquam
898 2994 1043 3037 reputa
1061 2991 1136 3026 fuit
1153 2994 1200 3038 (a.
1221 2995 1324 3037 1875)
1351 3005 1437 3037 pars
1455 2994 1532 3039 ejus
1549 2994 1693 3037 ultima,
1712 2996 1756 3028 de
1774 3005 1846 3038 qua
1863 2995 1907 3030 ct.

175 3045 347 3079 Zeitschr.
365 3046 423 3078 fiii·
441 3045 542 3080 kath.
562 3045 773 3090 Theologie,
795 3046 996 3091 Oeniponti
1016 3049 1103 3083 1577
1119 3058 1156 3091 p.
1175 3050 1243 3082 309
1261 3060 1305 3084 ss.
1326 3050 1364 3083 et
1380 3059 1423 3082 ex
1441 3049 1463 3083 l.
1484 3049 1527 3082 de
1546 3048 1780 3089 aleatoribus,
1800 3058 1906 3092 quem

174 3099 286 3131 vetem
304 3109 394 3132 rom.
414 3098 585 3142 episcopo
605 3098 847 3133 tribuendum
865 3100 1015 3133 censent
1031 3101 1261 3135 recentiores.

1627 3162 1686 3193 26·
