2175 3382
896 109 1086 144 docti-inae
1105 111 1252 144 Christi.
1876 115 1929 157 79

198 232 297 272 bras
320 237 361 272 et
383 229 511 271 dubia
535 230 647 269 circa
671 229 853 269 hominis
875 228 1213 277 destinationem,
1237 230 1321 269 t'ata
1346 230 1386 269 in
1409 229 1542 270 altera
1566 231 1663 278 vita,
1685 230 1784 270 mali
1807 231 1928 283 origi-

197 315 306 350 nem,
331 301 467 343 officia
490 301 709 341 hominum
734 305 809 341 etc.
825 300 1019 351 dissipat;
1043 300 1278 351 praemium
1303 300 1462 340 homini
1485 301 1741 342 conveniens
1758 301 1928 354 Deoque

197 373 367 425 dignum
391 372 606 424 promittit,
631 371 822 412 ordinem
846 370 1048 411 socialem
1071 375 1112 410 et
1134 370 1339 411 moralem
1361 383 1681 423 quaquaversus
1697 377 1928 423 promovet.

196 443 367 496 perficit,
391 443 549 491 elevat;
583 454 633 482 ea
656 453 770 490 vero,
805 453 913 494 quae
937 441 1111 493 maioris
1133 446 1230 481 sunt
1252 441 1456 481 momenti
1480 441 1758 494 omnibusque
1781 454 1928 483 neces-

196 515 320 563 saria,
353 515 465 555 clare
498 518 540 554 et
561 517 677 554 certo
701 513 910 565 proponit.
952 512 1126 552 Excellit
1149 511 1247 560 scil,
1271 517 1316 552 ut
1339 512 1480 552 omnia
1503 512 1649 563 paucis
1672 512 1928 564 complecta-

197 598 301 633 mur,
334 585 527 626 doctrina
549 582 703 624 Christi
735 582 1004 631 sublimitate,
1036 583 1230 637 puri—tate,
1262 583 1512 634 integritate.
1544 582 1826 623 catholicitate
1848 583 1872 625 i.
1895 595 1928 625 e.

196 656 524 704 universalitate,
547 668 630 708 qua
653 638 948 707 compleffitur
971 659 1106 695 totum
1129 654 1358 694 hominem.
1394 665 1541 694 omnes
1564 653 1769 700 homines,
1791 653 1926 692 homi-

196 739 381 780 numque
396 726 675 775 conditiones,
698 726 904 774 nationes,
920 725 1033 766 nulla
1050 724 1231 773 exclusa,
1248 729 1414 776 tempus
1430 728 1470 764 et
1484 724 1790 771 aeternitatem,
1805 735 1928 774 prae-

196 803 280 838 stat
301 798 560 846 certitudine,
585 788 776 838 efficacia
794 798 836 850 1).

313 870 356 912 4.
380 868 495 910 Haec
527 868 790 921 praestantia
822 868 1096 908 confirmatur
1129 868 1277 919 triplici
1305 867 1665 907 consideratione:
1697 878 1740 908 a„
1765 864 1928 904 colla-

194 940 269 980 tio
284 951 346 980 ne
376 939 567 980 instituta
588 939 698 980 inter
720 939 958 979 doctrinam
982 937 1135 979 Christi
1158 943 1198 979 et
1220 938 1388 979 scholas
1417 938 1719 990 opinionesque
1743 935 1928 987 philoso-

199 1011 380 1063 phorum
397 1011 443 1066 2),
475 1022 581 1063 quas
611 1010 679 1050 illa
715 1009 933 1062 praecellit
953 1010 1061 1050 sicut
1083 1009 1172 1050 dies
1194 1013 1375 1058 noctem,
1399 1008 1595 1049 umbram
1616 1008 1783 1047 veritas.
1826 1004 1929 1045 Eam

197 1082 309 1122 enim
338 1081 465 1133 exigit
497 1081 564 1122 vel
587 1093 612 1122 a
634 1081 819 1121 minimis
841 1080 1144 1132 perfectionem
1177 1080 1336 1136 (Matth.
1362 1082 1400 1129 5,
1422 1081 1511 1135 48),
1542 1091 1668 1131 quam
1691 1076 1929 1130 philosophi

195 1165 248 1193 ne
281 1153 492 1205 conjicere
525 1151 693 1205 quidem
728 1156 968 1204 potuerunt,
1000 1152 1155 1193 nedum
1180 1151 1245 1192 vel
1267 1151 1462 1191 maximis
1485 1162 1560 1190 seu
1582 1148 1821 1202 praecipuis
1843 1147 1928 1187 suis

194 1223 408 1278 discipulis
429 1223 649 1275 imponere
672 1228 770 1264 sunt
792 1224 894 1264 ausi.
925 1222 1051 1264 Caret
1073 1234 1124 1263 ea
1145 1222 1375 1264 verborum
1397 1221 1504 1263 fuco.
1529 1233 1611 1273 quo
1635 1219 1692 1259 illi
1714 1230 1835 1259 suam
1858 1229 1927 1257 sa-

192 1293 394 1344 pientiam
408 1292 646 1333 venditant:
669 1305 756 1333 non
779 1298 842 1333 est
866 1298 1067 1334 contenta
1082 1293 1310 1344 ingeniosis
1334 1292 1454 1332 dictis
1468 1282 1518 1332 *et
1534 1291 1673 1344 specie
1688 1288 1926 1342 splendidis.

193 1363 267 1404 sed
298 1363 483 1416 postulat
514 1376 657 1416 opera,
689 1365 819 1404 vitam
850 1376 1007 1405 novam
1040 1364 1289 1416 praesertim
1321 1363 1543 1411 internam,
1577 1373 1685 1414 quae
1708 1360 1925 1401 hominum

194 1434 340 1475 oculos
371 1433 481 1487 fugit.
526 1432 638 1476 Satis
669 1447 755 1475 non
786 1435 915 1476 habet
945 1435 1140 1476 excolere
1162 1434 1228 1475 vel
1251 1434 1388 1475 solnm
1410 1433 1679 1479 intellectum,
1702 1430 1769 1471 vel
1791 1429 1925 1470 solani

191 1505 466 1555 voluntatem,
487 1506 553 1546 vel
576 1506 714 1546 solum
737 1505 946 1554 affectum,
977 1506 1051 1546 sed
1073 1505 1252 1546 intendit
1275 1510 1316 1546 et
1338 1505 1492 1556 satagit
1515 1509 1687 1544 totum
1710 1502 1926 1542 instituere

192 1576 422 1626 hominem,
444 1581 490 1617 ut
511 1577 793 1630 undequaque
816 1589 892 1629 pro
915 1589 994 1617 sua
1007 1577 1231 1617 vocatione
1255 1581 1296 1617 et
1317 1580 1429 1616 statu
1452 1576 1504 1616 sit
1526 1573 1746 1626 perfectus,
1767 1583 1854 1612 non
1877 1582 1926 1611 ex

194 1651 349 1699 parte
380 1651 546 1689 tantum
579 1648 843 1691 christianus,
888 1647 1188 1689 Consideretur
1220 1647 1316 1688 dein
1338 1649 1382 1690 b.
1406 1646 1495 1699 ejus
1517 1645 1740 1686 fructus.
1783 1642 1926 1694 Quan-

191 1722 281 1758 tum
303 1718 481 1770 praebet
502 1719 588 1759 suis
610 1731 761 1770 pacem
795 1723 836 1759 et
858 1719 1085 1759 solatium?
1129 1717 1230 1769 Quis
1252 1717 1600 1770 philosophorum
1623 1727 1811 1768 unquam
1835 1714 1926 1754 ani-

192 1801 309 1829 mum
340 1790 474 1830 erexit
505 1789 706 1830 afflictum
730 1790 795 1830 vel
827 1790 988 1831 solatus
1022 1794 1085 1830 est
1117 1802 1190 1830 cor
1223 1788 1420 1830 omnibus
1443 1788 1687 1829 destitutum
1711 1785 1775 1826 vel
1796 1796 1925 1825 unam

192 1872 381 1912 unquam
412 1860 609 1902 abstersit
651 1861 916 1914 lacrymam?
960 1859 1061 1902 Sola
1093 1860 1247 1901 Christi
1276 1860 1420 1912 religio
1453 1858 1636 1900 ostendit
1666 1855 1927 1909 paupertatis

190 1930 366 1979 lucrum,
397 1930 556 1972 laboris
587 1931 864 1981 nobilitatem,
896 1932 1144 1984 passionum
1175 1931 1356 1983 pretium
1379 1935 1420 1971 et
1449 1929 1691 1976 utilitatem;
1722 1928 1814 1979 ipsa
1836 1925 1926 1966 sola

194 2001 391 2042 omnibus
425 2003 651 2054 promittit:
688 2001 824 2043 Venite
847 2004 903 2043 ad
926 2016 986 2043 me
1008 2016 1158 2056 omnes,
1193 2003 1263 2057 qui
1285 2001 1482 2042 laboratis
1505 2005 1540 2041 et
1563 1999 1723 2040 onerasti
1754 1998 1860 2049 estis,
1893 2001 1926 2037 et

192 2085 261 2123 ⁶²90
284 2072 464 2125 reficiam
486 2086 554 2113 vos
577 2072 738 2129 (Matth.
764 2078 828 2122 11,
852 2073 936 2129 28).
961 2078 1002 2114 et
1022 2073 1242 2126 promissis
1264 2077 1358 2115 stat.
1381 2071 1427 2112 In
1450 2070 1700 2112 memoriam
1724 2068 1835 2109 enim
1857 2078 1925 2107 re-

191 2148 397 2184 vocentur
427 2148 490 2184 tot
518 2155 730 2195 pauperes
762 2144 804 2184 in
836 2157 1005 2185 summa
1026 2144 1171 2196 inopia
1192 2144 1233 2183 vi
1254 2143 1378 2195 hujus
1400 2141 1613 2194 religionis
1636 2140 1834 2187 contenti,
1864 2142 1924 2178 tot

177 2214 353 2265 aegroti
375 2218 417 2255 et
438 2214 581 2256 afflicti
602 2215 646 2255 in
669 2215 954 2257 acerbissimis
989 2215 1206 2257 doloribus
1229 2220 1270 2256 et
1292 2214 1495 2266 angustiis
1518 2213 1658 2260 fortes,
1689 2216 1751 2252 tot
1773 2209 1927 2254 miseri,

192 2283 343 2336 quibus
366 2289 430 2326 est
451 2285 575 2338 hujus
597 2286 811 2339 religionis
834 2287 1017 2339 impulsu
1040 2287 1238 2327 solatium
1262 2290 1303 2327 et
1325 2285 1526 2326 auxilium
1549 2283 1792 2325 exhibitum.
1824 2279 1925 2320 Nul-

190 2354 278 2394 lum
299 2356 529 2407 excogitari
551 2361 691 2410 potest
713 2357 873 2398 malum
895 2358 983 2399 sive
999 2358 1219 2410 physicum
1236 2358 1323 2397 sive
1338 2356 1511 2398 morale.
1538 2355 1603 2396 cui
1618 2354 1682 2395 vel
1696 2354 1738 2393 in
1753 2354 1844 2405 ipsa
1857 2363 1924 2392 re-

338 2499 359 2536 ¹)
377 2494 494 2537 Quam
513 2497 559 2531 ob
577 2508 652 2531 reni
672 2509 698 2531 s.
718 2497 745 2530 T
758 2498 813 2531 ho
826 2511 859 2530 iu
873 2508 920 2531 as
938 2498 977 2531 in
995 2498 1147 2542 exposit.
1167 2497 1325 2541 symboli
1344 2499 1409 2531 art,
1430 2501 1442 2530 1
1462 2502 1599 2541 (opusc.
1618 2495 1676 2535 VI,
1698 2495 1793 2538 166):
1813 2493 1924 2532 „Nui-

191 2547 246 2582 lus
265 2547 579 2593 philosophorum,
597 2550 730 2594 inquit,
751 2551 835 2584 ante
857 2550 1056 2583 adventum
1073 2551 1206 2589 Christi
1222 2561 1304 2584 cum
1320 2551 1396 2583 toto
1413 2558 1548 2583 conatu
1562 2561 1627 2582 suo
1644 2550 1765 2592 potuit
1778 2549 1924 2581 tantum

191 2602 282 2635 scire
300 2601 344 2635 de
363 2602 436 2635 Deo
456 2604 493 2636 et
511 2602 556 2637 de
575 2603 790 2637 necessariis
819 2603 865 2636 ad
882 2604 996 2637 vitain
1025 2605 1224 2638 aetemam.
1253 2609 1432 2647 quantum
1460 2604 1543 2646 post
1571 2602 1769 2635 adventum
1791 2599 1924 2634 Christi

191 2653 260 2687 scit:
276 2665 350 2688 una
367 2655 495 2689 vetula
510 2666 575 2700 per
593 2655 716 2696 fidem,
735 2657 771 2689 et
789 2656 871 2690 ideo
891 2655 1044 2693 dicitur:
1065 2658 1207 2699 Repleta
1225 2662 1271 2690 est
1285 2661 1381 2690 terra
1396 2659 1541 2689 scientia
1555 2656 1701 2689 Domini
1714 2654 1768 2691 (Is.
1787 2656 1840 2688 11,
1855 2653 1898 2696 9).
1911 2660 1921 2672 ³

190 2706 283 2740 Vere
299 2706 410 2752 inodo
428 2707 552 2742 fideles
571 2709 690 2743 dicere
708 2712 879 2753 possunt:
914 2710 1028 2753 Super
1046 2711 1205 2743 inimicos
1222 2721 1313 2743 meos
1329 2710 1540 2753 ‘prudentem
1563 2719 1613 2741 me
1630 2709 1740 2750 fecisti
1758 2707 1923 2739 mandato

190 2765 260 2804 tuo,
278 2764 364 2804 quia
380 2762 418 2795 in
435 2767 615 2796 aeternum
633 2764 721 2797 mihi
737 2768 795 2797 est.
830 2764 945 2806 Super
963 2774 1079 2797 omnes
1100 2763 1255 2796 ducentes
1282 2775 1334 2795 me
1363 2763 1520 2801 intellexi,
1550 2763 1633 2805 quia
1651 2761 1844 2794 testimonia
1863 2764 1922 2792 tua

190 2814 367 2848 meditatio
383 2826 461 2849 mea
477 2821 535 2852 est.
556 2817 670 2859 Super
686 2827 781 2850 senes
798 2818 971 2850 intellexi:
988 2818 1071 2860 quia
1090 2817 1257 2850 mandata
1276 2822 1338 2850 tua
1356 2817 1513 2860 quaesivi
1530 2814 1599 2855 (Ps.
1630 2817 1701 2850 118,
1727 2815 1772 2845 9⁵3
1795 2820 1833 2849 s.)
1869 2812 1918 2844 (Ὺ.

191 2867 497 2902 Athanasius
515 2870 559 2903 de
576 2869 716 2904 incarn.
735 2870 849 2903 Verbi
867 2882 901 2903 n.
921 2868 1591 2914 47;Chrysostomushom.2511
1610 2870 1714 2903 Joan.
1735 2880 1768 2900 n.
1791 2870 1819 2899 1.
1840 2868 1870 2898 2.
1891 2868 1921 2899 3.

335 2924 360 2963 Ξ)
379 2921 482 2956 Hanc
496 2922 590 2956 bene
604 2923 769 2956 instituit
782 2923 810 2956 T
820 2924 844 2956 h
856 2933 874 2956 e
886 2934 906 2957 o
918 2923 940 2957 d
953 2934 972 2957 ο
984 2925 1091 2957 retu
1103 2935 1119 2956 s
1137 2924 1176 2957 in
1191 2923 1265 2957 suis
1280 2922 1508 2956 sermonibus
1524 2923 1567 2954 de
1583 2923 1695 2954 curat.
1711 2929 1919 2963 graec-urum

192 2972 395 3008 affection:
422 2974 567 3009 brevius
597 2975 625 3008 T
637 2976 743 3009 ert-u
755 2976 768 3009 1
780 2976 791 3009 l
804 2977 815 3009 i
827 2987 917 3010 anu
929 2987 945 3009 s
972 2975 1205 3020 Apologetici
1237 2977 1373 3022 (opusc,
1405 2977 1429 3008 t.
1459 2974 1554 3019 XIX)
1583 2986 1611 3007 c.
1640 2976 1703 3010 462
1736 2972 1777 3004 cf.
1809 2971 1919 3003 etiam

191 3025 236 3059 W
248 3026 345 3060 eiss
362 3026 544 3072 Apologie
562 3028 624 3067 ΙΙΙ,
643 3029 726 3063 diss.
748 3033 767 3063 5
787 3030 825 3062 et
842 3029 977 3072 passim
995 3030 1035 3062 in
1053 3040 1125 3072 seq.
1161 3028 1213 3063 Cf.
1234 3029 1263 3063 G
1275 3032 1324 3062 ut
1336 3029 1360 3062 b
1374 3039 1391 3063 e
1403 3028 1440 3061 rl
1456 3038 1472 3060 e
1484 3029 1510 3062 t.
1539 3028 1600 3070 qui
1621 3028 1711 3060 bene
1731 3026 1798 3058 hoc
1817 3035 1919 3066 arg-u-

191 3080 358 3112 mentum
377 3080 524 3121 evolvit,
542 3081 672 3118 Lehrb.
691 3082 755 3116 der
773 3082 879 3126 Apol.
901 3082 942 3118 II.
963 3094 987 3119 s,
1008 3086 1027 3116 2
1047 3083 1067 3126 ξ
1085 3084 1116 3116 8.
1137 3084 1168 3118 9.
