2175 3382
758 106 852 148 Quid
872 105 1064 140 definitum
1084 107 1222 140 censeri
1241 106 1384 140 debeat.
1854 110 1937 152 527

202 226 391 267 Ecclesia
423 237 500 266 suo
536 225 778 277 magisterio
811 225 1057 277 quotidiano
1090 225 1208 277 plura
1245 225 1456 266 credenda
1479 227 1686 277 proponit.
1720 238 1814 267 eam
1837 226 1940 267 satis

201 308 247 338 se
269 297 363 348 ipsa
383 297 662 345 innotescere,
685 307 896 336 consensu
919 295 1003 338 scil.
1026 300 1247 347 pastorum
1272 300 1313 336 et
1335 301 1512 347 patrum,
1538 308 1750 337 consensu
1774 296 1940 337 schola-

202 380 295 408 rum
319 372 360 408 et
381 367 688 417 theologorum,
703 365 915 407 Ecclesiae
936 366 1204 406 catechismis
1220 370 1261 406 et
1283 367 1412 417 praxi,
1430 367 1774 408 instructionibus
1795 372 1940 419 pasto-

201 438 360 478 ralibus
388 442 486 485 etc.;
513 437 847 489 propositionem
880 448 980 477 vero
1004 437 1118 476 illam
1141 436 1387 484 solemnem,
1420 437 1539 488 cujus
1574 443 1756 489 quatuor
1778 439 1941 490 species

202 522 241 552 n.
264 508 535 561 praecedenti
556 508 859 554 recensuimus,
883 508 1041 560 pariter
1063 519 1138 560 per
1160 519 1205 548 se
1229 512 1355 559 atque
1388 513 1538 559 sponte
1562 520 1638 548 sua
1663 509 1940 558 innotescere,

205 591 341 632 neque
363 584 489 620 notas
511 580 668 632 requiri
691 579 858 635 (saltem
881 579 1160 635 plerumque),
1182 583 1228 619 ut
1250 578 1532 631 dignoscatur.

321 677 518 714 Claritatis
539 678 670 714 tamen
691 677 821 726 gratia
837 677 986 725 juverit
1007 677 1140 725 aliqua
1162 679 1326 714 notasse.
1359 676 1556 713 Nimirum
1578 689 1656 714 non
1678 678 1818 722 omnia,
1843 692 1941 727 quae

203 736 245 773 in
277 736 442 773 decretis
473 736 765 784 canonibusque
797 736 1049 773 conciliorum
1081 736 1418 773 oecumenicorum
1449 748 1778 784 romanorumque
1809 738 1940 785 ponti-

203 794 320 832 ficum
343 795 543 844 leguntur,
567 795 658 831 fidei
687 795 897 832 catholicae
919 795 1169 832 constituunt
1191 795 1400 843 objectum,
1426 795 1493 831 sed
1515 807 1559 832 ea
1580 798 1748 840 tantum,
1780 797 1821 832 in
1844 809 1942 844 quae

204 853 382 891 definitio
406 854 552 891 directe
575 857 614 890 et
635 854 862 891 immediate
898 854 1013 892 cadit.
1051 854 1124 891 Sed
1147 854 1341 902 quomodo
1364 854 1456 891 haec
1479 854 1795 903 dignoscuntur?
1829 856 1943 892 Varia

204 916 387 950 statuunt
409 913 583 962 theologi
606 913 838 950 criteria.
881 914 1042 950 Monent
1064 913 1145 952 scil.

325 994 367 1036 1.
383 996 658 1033 attendendam
675 1009 757 1034 esse
773 996 924 1035 concilii
939 997 990 1033 in
1001 1000 1015 1033 t
1026 1010 1044 1034 e
1056 1010 1081 1033 n
1095 997 1168 1034 tio
1179 1009 1205 1033 n
1218 1009 1237 1033 e
1250 1010 1299 1033 m.
1325 997 1363 1033 Si
1377 998 1530 1034 constat
1545 996 1753 1033 concilium
1773 998 1944 1035 noluisse

205 1055 378 1103 aliquam
400 1055 583 1093 dirimere
606 1056 921 1101 controversiam,
946 1056 1125 1104 quamvis
1149 1056 1287 1093 deinde
1310 1056 1350 1092 in
1373 1056 1498 1104 ipsius
1514 1056 1682 1093 decretis
1697 1056 1943 1104 reperiantur

205 1115 407 1156 nonnulla,
432 1127 476 1151 ex
499 1114 643 1162 quibus
665 1127 734 1163 per
755 1115 973 1152 illationem
995 1128 1073 1152 una
1089 1128 1132 1152 ex
1147 1115 1330 1162 pluribus
1352 1115 1571 1152 confirmari
1594 1115 1718 1161 possit
1734 1116 1942 1161 sententia,

204 1186 248 1210 ea
279 1175 411 1210 tamen
440 1176 647 1222 propterea
678 1174 841 1211 definita
863 1174 939 1212 dici
961 1174 1110 1222 nequit.
1152 1174 1212 1211 Ita
1236 1175 1413 1222 quamvis
1436 1174 1531 1211 satis
1555 1174 1761 1211 efficaciter
1784 1186 1827 1211 ex
1852 1187 1942 1212 con-

203 1232 283 1270 cilii
306 1232 596 1270 tridentini
625 1245 717 1272 sess,
747 1240 796 1273 14
820 1246 899 1282 cap.
925 1240 947 1272 4
972 1234 1233 1270 demonstrari
1254 1234 1381 1282 possit
1403 1233 1641 1270 sufficientia
1663 1233 1876 1271 attritionis
1899 1247 1942 1271 ex

203 1293 313 1329 metu
353 1292 552 1341 gehennae
596 1295 804 1340 conceptae
846 1305 935 1329 cum
966 1294 1206 1330 sacramento
1238 1292 1503 1341 poenitentiae
1535 1293 1582 1329 ad
1609 1292 1941 1341 justificationem,

203 1353 335 1387 tamen
367 1351 460 1399 quia
490 1351 700 1388 concilium
731 1352 859 1388 noluit
891 1352 988 1388 hanc
1012 1352 1229 1389 doctrinam
1252 1352 1424 1397 definire,
1458 1364 1501 1388 ea
1523 1351 1672 1389 censeri
1694 1352 1833 1400 nequit
1855 1352 1944 1390 fidei

206 1409 356 1459 dogma.
378 1410 498 1447 Aliud
521 1411 741 1460 exemplum
763 1411 941 1448 dedimus
964 1423 1082 1459 supra
1103 1424 1139 1447 n.
1167 1417 1260 1451 387.
1285 1411 1323 1447 Si
1346 1423 1437 1448 vero
1460 1414 1614 1448 constat
1636 1411 1682 1447 de
1705 1412 1859 1448 concilii
1882 1413 1943 1448 vel

205 1469 357 1506 romani
388 1469 582 1517 pontificis
613 1470 832 1507 intentione
863 1470 1105 1519 proponendi
1136 1469 1252 1506 fidem
1285 1470 1522 1513 catholicam,
1555 1470 1710 1507 etiamsi
1732 1481 1810 1506 non
1833 1471 1941 1507 adbi-

205 1528 323 1565 betur
354 1528 511 1566 canonis
542 1528 666 1566 forma
693 1529 759 1566 sed
783 1529 938 1573 decreti,
971 1529 1171 1566 decretum
1194 1529 1271 1566 erit
1293 1529 1340 1566 de
1361 1529 1446 1566 fide.
1491 1528 1677 1573 Quocirca
1699 1532 1841 1574 errant.
1874 1530 1942 1578 qui

207 1589 363 1635 puta-nt,
395 1588 522 1624 solum
554 1600 719 1625 canones
752 1589 905 1625 concilii
926 1588 1134 1626 tridentini
1164 1590 1218 1634 (et
1240 1589 1440 1636 vaticani),
1472 1601 1550 1625 non
1571 1601 1662 1626 vero
1685 1588 1837 1625 decreta
1859 1601 1943 1626 esse

205 1646 253 1683 de
275 1646 360 1684 fide.
391 1647 575 1684 Doctrina
598 1650 701 1684 certe
722 1647 797 1684 fide
819 1647 1007 1684 catholica
1027 1647 1197 1685 tenenda
1220 1648 1445 1685 continetur
1466 1648 1574 1685 illius
1597 1648 1763 1685 decretis
1787 1660 1880 1685 sess.
1906 1655 1941 1687 4.

209 1712 245 1745 6.
274 1712 335 1745 13.
363 1712 424 1746 14.
451 1711 619 1746 21—-23
645 1708 684 1743 et
709 1713 772 1747 25.
816 1707 870 1743 De
902 1706 1055 1744 concilii
1078 1707 1140 1744 vel
1169 1706 1366 1755 pontificis
1398 1707 1619 1744 intentione
1645 1707 1821 1755 judicare
1851 1708 1942 1744 licet

205 1777 251 1801 ex
273 1764 491 1809 haereticis,
515 1778 683 1813 quorum
705 1778 853 1803 errores
875 1765 1123 1803 damnantur.

325 1845 366 1886 ⁵2.
390 1847 636 1885 Definitionis
657 1848 775 1885 verba
798 1849 1011 1886 strictio
1025 1848 1097 1885 ris
1121 1861 1202 1886 esse
1224 1849 1561 1898 interpretationis
1583 1850 1652 1886 ie.
1676 1862 1763 1886 eum
1786 1852 1940 1886 tantum

207 1918 366 1943 sensum
389 1907 626 1944 censendum
649 1919 732 1944 esse
755 1907 970 1952 definitum,
995 1907 1065 1957 qui
1088 1907 1233 1945 sufficit
1255 1911 1294 1945 et
1317 1908 1537 1957 requiritur
1560 1909 1607 1945 ad
1622 1908 1852 1946 verificanda
1875 1909 1940 1945 de-

205 1964 396 2002 finitionis
417 1965 536 2003 verba
559 1966 774 2003 secundum
796 1979 908 2004 sanae
929 1967 1265 2016 interpretationis
1287 1968 1456 2017 regulas.

324 2045 367 2088 3.
391 2048 446 2085 Ea
475 2061 554 2085 non
585 2061 668 2086 esse
700 2050 746 2086 de
776 2049 863 2094 fide,
897 2063 996 2099 quae
1023 2050 1232 2087 concilium
1255 2050 1559 2087 confirmationis
1582 2050 1942 2098 illustrationisque

204 2107 335 2156 gratia
365 2107 536 2153 adducit,
568 2108 646 2145 nisi
677 2108 822 2145 diserte
853 2109 1033 2155 declarat,
1066 2110 1170 2146 hunc
1201 2121 1283 2146 esse
1314 2109 1531 2158 genuinum
1564 2112 1695 2146 textus
1719 2109 1942 2157 Scripturae

205 2178 282 2214 quo
313 2166 442 2203 utitur
473 2178 653 2204 sensum:
685 2170 781 2205 tunc
813 2168 915 2205 enim
947 2169 1214 2205 authenticam
1237 2168 1398 2216 praebet
1420 2168 1546 2215 ipsius
1568 2168 1940 2216 interpretationem.

204 2225 266 2261 Ita
297 2237 386 2262 cum
417 2226 624 2262 concilium
655 2227 1012 2264 tridentinum
1043 2239 1135 2264 sess.
1162 2234 1196 2266 Τ.
1219 2239 1300 2263 can.
1328 2233 1348 2265 2
1377 2227 1513 2263 definit
1535 2226 1653 2264 verba
1675 2227 1772 2264 Jesu
1795 2227 1940 2264 Christi

205 2283 316 2320 Joan.
342 2290 378 2329 3,
414 2291 434 2324 5
460 2296 540 2321 non
561 2285 824 2333 metaphorice
847 2298 930 2323 esse
952 2286 1221 2336 intelligenda,
1255 2286 1320 2323 sed
1353 2286 1399 2322 de
1431 2298 1530 2333 aqua
1560 2286 1742 2332 naturali,
1775 2287 1940 2323 authen-

204 2342 324 2379 ticam
345 2343 464 2391 hujus
486 2345 618 2381 textus
641 2344 749 2381 dedit
770 2344 1148 2393 interpretationem.

323 2421 366 2464 4.
391 2425 517 2462 Verba
546 2425 593 2462 ad
623 2426 741 2463 fidem
760 2437 839 2463 non
870 2429 1058 2475 spectare,
1091 2427 1157 2464 sed
1180 2439 1313 2464 eorum
1336 2439 1506 2473 sensum,
1528 2427 1603 2464 nisi
1625 2427 1798 2465 definitio
1821 2428 1872 2465 sit
1894 2429 1940 2465 de

204 2483 290 2532 ipso
311 2484 442 2529 verbo,
466 2487 512 2521 ut
533 2496 621 2521 cum
643 2496 745 2522 conc.
768 2485 973 2523 nicaenum
995 2486 1149 2522 definiit
1161 2486 1305 2523 Filium
1327 2498 1412 2523 esse
1426 2486 1533 2522 Patri
1555 2486 1939 2524 consubstantialem.

324 2564 365 2607 5.
387 2566 470 2604 Etsi
484 2567 690 2604 anathema
703 2567 744 2604 in
759 2568 998 2605 contrarium
1021 2581 1037 2605 s
1049 2568 1284 2605 entiente
1296 2581 1312 2606 s
1335 2568 1574 2606 definitionis
1590 2572 1648 2606 est
1662 2572 1765 2615 nota,
1790 2582 1939 2607 excom-

205 2625 479 2663 municationis
500 2639 664 2674 poenam
685 2627 727 2663 in
750 2627 990 2664 contrarium
1013 2627 1192 2664 docentes
1214 2640 1282 2676 per
1304 2640 1343 2665 se
1364 2640 1443 2665 non
1465 2640 1547 2665 esse
1562 2628 1799 2666 definitionis
1821 2642 1938 2678 argu-

205 2687 393 2726 mentum,
417 2696 506 2721 cum
528 2685 699 2722 Ecclesia
727 2686 851 2734 possit
881 2686 928 2723 ad
950 2686 1098 2723 bonum
1121 2698 1325 2724 commune
1347 2687 1420 2724 sub
1441 2687 1551 2737 gravi
1573 2700 1697 2736 poena
1718 2688 1937 2737 prohibere,

205 2743 416 2791 quominus
438 2744 569 2792 aliqua
590 2745 776 2790 doctrina,
799 2745 873 2782 etsi
895 2757 973 2782 non
995 2745 1199 2790 haeretica,
1222 2746 1378 2794 publice
1401 2745 1595 2786 doceatur.

323 2825 366 2866 6.
389 2827 446 2863 Ε3
476 2839 574 2874 quae
605 2827 903 2865 contradictorie
937 2829 1191 2876 opponuntur
1225 2826 1405 2864 definitae
1436 2820 1595 2865 veritati
1627 2828 1689 2864 vel
1723 2827 1938 2865 formaliter

207 2883 398 2933 implicite
421 2886 673 2923 continentur
689 2887 804 2935 juxta
826 2886 930 2923 dicta
951 2898 988 2924 n.
1014 2892 1108 2930 501,
1133 2885 1321 2923 censenda
1343 2899 1422 2924 esse
1443 2887 1593 2935 pariter
1615 2886 1783 2923 definita.

328 2967 367 3009 7.
392 2969 504 3014 Quod
536 2970 569 3006 si
599 2983 734 3019 graves
764 2970 938 3019 theologi
968 2969 1072 3007 inter
1104 2982 1144 3007 se
1175 2970 1426 3015 dissentiunt,
1457 2983 1553 3007 num
1580 2970 1675 3018 quid
1698 2970 1745 3007 ab
1766 2970 1938 3007 Ecclesia

206 3027 260 3065 sit
290 3027 507 3074 definitum,
539 3028 674 3065 haberi
704 3029 805 3066 illud
828 3041 906 3066 non
936 3040 1048 3077 posse
1081 3031 1127 3066 ut
1159 3029 1300 3079 dogma
1330 3029 1485 3078 proprie
1519 3029 1668 3066 dictum
1691 3029 1935 3066 catholicum.
