2175 3382
757 108 795 141 et
812 107 1038 151 incorruptio
1058 108 1341 152 evangeliorum.
1856 122 1909 162 41

299 227 341 269 3.
366 224 579 266 Probatur
601 224 754 265 eadem
779 224 999 265 authentia
1021 236 1073 265 ex
1097 237 1160 272 cO,
1183 226 1296 277 quod
1319 227 1561 271 adversarii.
1598 234 1790 283 quamvis
1812 234 1913 276 nulli

181 296 448 350 pepercerint
481 294 723 346 diligentiae
759 300 800 334 et
833 294 981 336 labori.
1024 295 1182 335 nullum
1218 309 1406 348 unquam
1441 300 1720 351 mendacium,
1755 305 1912 346 nullam

181 366 384 414 fraudem,
406 366 568 406 nullum
590 366 634 406 in
656 365 789 406 sacris
813 365 1042 417 evangeliis
1065 378 1253 407 errorem
1277 368 1462 419 reperire
1484 375 1722 420 potuerunt.

300 451 439 496 „Quod
461 451 493 488 si
516 450 715 487 mendacia
736 450 827 487 haec
851 455 972 493 erant,
1005 451 1135 499 inquit
1159 452 1205 488 ad
1237 464 1318 488 rem
1340 452 1593 492 Eusebius
1616 454 1739 507 (Dem.
1764 472 1819 495 ev.
1845 459 1912 498 ΙΙΙ.

185 509 238 564 5),
261 523 361 559 quae
392 510 453 547 illi
484 522 529 547 ex
561 509 771 557 composito
804 509 1018 553 finxissent,
1052 522 1188 558 operae
1220 511 1391 558 pretium
1414 513 1486 549 erit
1510 514 1712 555 admirari„
1745 530 1912 565 quonam

179 572 290 619 pacto
312 570 447 606 tantus
478 579 667 605 numerus
690 580 920 605 consensum
950 568 1062 605 inum
1096 569 1201 606 inter
1232 582 1269 606 se
1302 571 1342 606 in
1364 570 1480 608 rebus
1510 572 1611 610 fictis
1639 575 1699 611 vel
1722 588 1845 623 usque
1867 577 1914 614 ad

179 630 346 667 mortem
367 627 591 673 servaverit,
623 639 750 674 neque
782 627 889 664 ullus
921 640 1094 675 unquam
1128 641 1259 664 earum
1283 642 1411 666 rerum
1435 630 1662 671 formidine.
1695 646 1793 681 quae
1823 636 1913 674 illis.

181 688 248 736 qui
281 687 393 736 prius
427 685 575 723 sublati
609 688 740 731 erant,
776 686 1026 730 accidissent,
1064 700 1084 723 a
1120 687 1302 724 societate
1337 688 1560 735 desciverit,
1594 704 1719 739 neque
1752 694 1914 741 reliquis

179 747 335 796 publice
357 744 651 790 contradixerit,
684 745 850 793 prodens
872 757 928 790 ea,
961 758 1058 793 quae
1081 745 1186 782 inter
1207 746 1312 794 ipsos
1336 749 1641 796 composuissent
1664 754 1763 788 etc.‘¹
1807 752 1914 789 Unde

179 806 319 843 merito
340 805 479 842 infert:
504 830 522 848 ‚>
533 804 630 841 Sane
652 804 849 841 commode
863 804 960 841 mihi
975 805 1122 841 dictum
1138 805 1315 842 videtur:
1338 810 1407 843 aut
1421 819 1578 855 prorsus
1594 809 1746 847 credere
1762 814 1913 859 oportet

179 865 276 902 Jesu
298 863 515 912 discipulis,
548 863 580 900 si
610 863 776 911 reliquis
799 874 956 911 quoque
978 863 1254 912 scriptoribus,
1288 867 1355 901 aut
1387 866 1420 902 si
1450 879 1527 903 non
1560 868 1640 913 his,
1672 881 1720 906 ne
1753 870 1914 918 reliquis

180 924 338 972 quidem
361 953 368 960 .
391 957 398 963 ,
424 953 430 960 .
473 923 555 959 Aut
590 922 622 959 si
654 922 749 959 dicit
772 922 857 960 aliis
881 922 1039 970 quidem
1062 922 1216 960 credere
1238 936 1406 972 aequum
1430 938 1534 968 esse,
1569 932 1605 963 at
1639 927 1698 964 his
1722 929 1815 965 solis
1838 941 1914 966 non

181 982 346 1030 credere,
371 994 440 1019 cur
460 993 539 1018 non
561 981 634 1018 hoc
656 982 769 1029 plane
793 982 840 1018 ad
863 982 1054 1018 invidiam
1076 982 1324 1019 i·eferatur‘?‘
1361 984 1539 1021 Ceterum
1562 987 1600 1021 et
1622 986 1722 1023 illud
1743 987 1913 1029 adverte,

179 1042 406 1079 innumeros
436 1040 634 1078 convictos
667 1040 788 1077 fuisse
820 1041 866 1077 de
898 1032 1200 1089 Evangeliorum
1229 1042 1431 1080 authentia
1455 1046 1492 1079 et
1515 1045 1778 1093 genuinitate,
1813 1046 1915 1084 defe-

179 1101 274 1138 cisse
295 1113 386 1138 vero
408 1113 429 1137 a
451 1099 524 1136 fide
546 1099 759 1137 christiana
774 1100 979 1142 neminem,
1006 1100 1111 1147 quod
1134 1100 1293 1137 illorum
1315 1103 1515 1150 agnoverit
1539 1104 1847 1151 suppositionem
1878 1113 1914 1142 et

180 1160 405 1204 falsitatem,
430 1159 498 1196 sed
521 1158 610 1196 aliis
634 1159 791 1196 omnino
814 1158 861 1196 de
884 1160 1028 1196 causis!

296 1238 339 1283 4.
362 1238 551 1291 Denique
575 1250 670 1278 cum
693 1237 976 1286 mendacium,
1000 1237 1125 1287 fraus
1149 1239 1347 1291 iniquitas
1362 1227 1546 1292 nequeat
1569 1253 1661 1281 esse
1684 1243 1793 1283 ratio
1816 1256 1916 1294 pro-

180 1313 360 1362 pagatae
381 1308 538 1362 ubique
560 1313 690 1349 terrai
702 1321 774 1349 um
805 1309 1007 1357 veritatis
1040 1309 1215 1357 virtutis.
1248 1310 1506 1351 sanctitatis:
1539 1312 1740 1364 religione
1773 1318 1914 1355 autem

180 1381 421 1432 christiana,
453 1391 563 1443 quae
594 1383 685 1420 tota
717 1380 907 1420 innititur
938 1378 1059 1420 factis
1083 1380 1289 1433 dictisque
1312 1381 1354 1421 in
1376 1381 1604 1434 Evangelio
1629 1384 1783 1433 relatis,
1815 1397 1914 1436 pro-

179 1455 337 1504 pagata
357 1450 481 1492 fuerit
500 1451 651 1491 saltem
666 1451 882 1503 multiplex
897 1451 1066 1500 veritas,
1089 1463 1256 1492 morum
1280 1452 1471 1503 probitas
1496 1458 1535 1493 et
1558 1454 1669 1494 vitae
1693 1454 1914 1495 honestas:

180 1522 292 1564 dicta
312 1522 382 1563 illa
404 1521 601 1575 factaque
625 1522 870 1574 evangelica
892 1522 1006 1563 nullo
1031 1527 1157 1574 pacto
1182 1522 1362 1563 conficta
1385 1528 1492 1563 sunt.

295 1610 453 1647 Inducit
474 1609 824 1659 Augustinus,
855 1611 901 1645 ut
923 1608 1045 1657 ipsius
1068 1608 1198 1645 verbis
1221 1608 1527 1657 disputationem
1550 1609 1814 1655 absolvamus,
1848 1610 1914 1646 ad-

178 1669 393 1706 versarium
417 1671 552 1706 contra
574 1668 718 1705 Christi
741 1668 901 1704 effatum
924 1680 969 1704 ex
991 1667 1202 1716 Evangelio
1235 1667 1508 1716 depromptum
1534 1668 1789 1716 excipientem
1815 1668 1913 1712 >‚fal-

180 1741 267 1765 sum
288 1740 369 1765 esse
391 1727 623 1776 scriptum.‘
656 1738 685 1771 2„
697 1726 797 1771 Quid
828 1726 899 1763 hoc
934 1722 1147 1775 sacrilegio,
1179 1726 1334 1774 reponit
1366 1739 1392 1763 s.
1425 1726 1561 1764 doctor
1591 1727 1914 1776 indignabundus

179 1787 225 1824 de
246 1800 343 1825 mor.
365 1787 465 1824 Eccl.
488 1787 588 1823 cath.
611 1787 634 1823 l.
663 1794 680 1826 1
707 1799 744 1823 11.
770 1793 835 1830 60,
867 1786 993 1834 magis
1024 1785 1189 1833 impium
1212 1785 1374 1833 reperiri
1404 1788 1561 1833 potest?
1592 1786 1687 1834 quid
1717 1787 1793 1823 ista
1823 1798 1914 1824 voc-e

177 1846 478 1894 impudentius?
514 1845 610 1893 quid
640 1844 855 1882 audacius?
889 1844 984 1892 quid
1006 1844 1260 1881 sceleratius?
1293 1844 1599 1881 Simulacrorum
1631 1846 1810 1890 cultores,
1847 1845 1915 1893 qui

179 1905 323 1942 Christi
345 1905 462 1942 etiam
483 1916 625 1941 nomen
647 1904 827 1949 oderunt,
850 1916 1054 1951 nunquam
1077 1903 1148 1940 hoc
1171 1903 1355 1940 adversus
1373 1903 1592 1951 Scripturas
1607 1904 1694 1941 illas
1717 1904 1800 1941 ausi
1822 1912 1915 1941 sunt

179 1964 316 2001 dicere.
340 1964 610 2012 Consequetur
631 1975 799 2010 namque
823 1962 1000 2000 omnium
1023 1962 1230 1999 literarum
1253 1974 1404 1999 summa
1425 1963 1638 2011 perversio.
1672 1966 1708 2000 et
1741 1963 1915 2000 omnium

179 2023 247 2071 qui
268 2023 477 2060 memoriae
498 2022 674 2059 mandati
697 2024 791 2059 sunt
812 2022 1003 2059 librorum
1024 2021 1204 2066 abolitio,
1238 2021 1271 2058 si
1301 2021 1404 2069 quod
1435 2023 1545 2058 tanta
1567 2022 1802 2070 populorum
1824 2022 1914 2059 reli-

180 2082 296 2132 gione
317 2083 544 2121 roboratum
569 2083 648 2127 est,
682 2083 795 2118 tanta
816 2081 1021 2118 hominum
1044 2082 1083 2117 et
1104 2082 1328 2128 temporum
1350 2081 1602 2118 consensione
1624 2080 1842 2118 firmatum.
1874 2081 1915 2117 iu

178 2141 279 2179 hanc
301 2141 584 2179 dubitationem
608 2140 840 2186 adducitur,
876 2141 922 2177 ut
952 2152 1000 2176 ne
1032 2139 1217 2176 historiae
1251 2139 1409 2187 quidem
1440 2140 1613 2189 vulgaris
1645 2139 1760 2176 fidem
1790 2139 1915 2188 possit

179 2201 489 2250 gravitatemque
512 2199 700 2238 obtinere.
723 2200 927 2236 Postremo
950 2198 1045 2246 quid
1067 2199 1113 2236 de
1136 2198 1339 2247 scripturis
1363 2199 1456 2236 ullis
1478 2198 1650 2247 proferre
1664 2198 1824 2247 poteris,
1848 2198 1916 2235 ubi

179 2259 274 2297 mihi
304 2259 366 2297 uti
387 2259 457 2296 hac
478 2270 571 2296 voce
592 2271 671 2296 non
692 2258 818 2304 liceat,
852 2258 885 2295 si
907 2260 1042 2294 contra
1063 2270 1187 2294 meam
1210 2258 1546 2294 ratiocinationem
1578 2257 1916 2304 intentionemque

179 2319 426 2367 proferatur?
450 2315 509 2371 1)(ζ

299 2406 366 2440 34.
389 2397 639 2441 Scholion.
663 2400 871 2450 Evatzqelia
888 2401 1069 2436 mansisse
1092 2400 1326 2447 incorrupta)
1349 2399 1484 2436 saltem
1501 2399 1629 2447 quoad
1644 2399 1915 2436 substantiam.

179 2458 327 2508 pariter
347 2459 441 2497 adeo
464 2463 522 2496 est
543 2459 713 2505 evidens,
746 2462 792 2496 ut
823 2459 871 2496 ad
900 2471 983 2496 rem
1013 2457 1265 2507 Augustinus
1298 2460 1432 2494 contra
1461 2458 1707 2495 manichaeos
1738 2459 1849 2494 notet
1870 2457 1916 2493 de

180 2517 269 2554 util.
292 2518 392 2556 cred.
413 2530 443 2555 c.
469 2524 491 2559 3
517 2531 555 2556 n.
581 2524 601 2558 ’ῖ
617 2532 624 2555 :
650 2518 789 2562 „Nihil
809 2518 905 2554 mihi
927 2517 1085 2555 videtur
1106 2517 1154 2554 ab
1176 2517 1231 2553 eis
1253 2516 1521 2565 impudentius
1544 2517 1640 2562 dici,
1673 2517 1746 2560 vel,
1778 2518 1823 2552 ut
1845 2516 1916 2552 mi-

180 2576 262 2614 tius
283 2577 431 2626 loquar,
453 2577 693 2615 incuriosius
717 2579 756 2614 ct
777 2576 1028 2615 imbecillius.
1053 2589 1169 2624 quam
1183 2575 1404 2624 Scripturas
1427 2575 1578 2612 divinas
1602 2588 1680 2613 esse
1704 2577 1915 2622 corruptas,

181 2702 264 2736 l'est
280 2703 394 2746 qu‘un
412 2702 490 2736 seul
509 2713 555 2736 en
574 2702 627 2736 ait
644 2701 767 2736 fourni
785 2702 819 2736 le
838 2701 943 2746 sujet.
962 2701 1099 2735 Jamais
1119 2701 1181 2734 des
1200 2702 1350 2734 auteurs
1365 2700 1454 2745 juifs
1470 2702 1658 2734 n'eussent
1676 2700 1803 2734 trouve
1822 2698 1860 2732 ni
1880 2708 1916 2730 ce

180 2758 257 2796 ton,
275 2756 315 2790 ni
331 2757 427 2790 cette
446 2756 604 2799 morale3
632 2758 670 2789 et
686 2755 880 2800 l·evangile
909 2766 928 2788 a
956 2755 1017 2788 des
1037 2755 1237 2788 caracteres
1256 2754 1299 2788 de
1317 2754 1431 2788 verite
1450 2753 1478 2788 si
1507 2754 1660 2798 grands.
1690 2753 1719 2787 si
1745 2751 1915 2796 pai-faite-

185 2810 287 2843 ment
302 2809 533 2843 inimitables
552 2819 623 2853 que
640 2809 663 2842 Γ
679 2809 875 2843 inventeur
892 2819 939 2842 en
958 2807 1069 2842 serait
1085 2808 1170 2852 plus
1189 2808 1369 2841 etonnant
1386 2817 1456 2850 que
1475 2807 1508 2840 16
1526 2807 1663 2840 heros«

324 2863 352 2907 ¹)
373 2861 426 2895 Cf.
445 2861 640 2896 Petrum
658 2874 691 2896 v.
711 2873 741 2896 c.
761 2863 897 2895 sectam
917 2872 1029 2895 sarae.
1048 2861 1071 2894 l.
1095 2865 1110 2896 1
1130 2873 1164 2895 11.
1185 2863 1229 2894 ’28
1247 2860 1555 2905 Mig.189‚695
1578 2859 1917 2901 s.;Hettinge1·

183 2914 365 2959 Apologie
395 2914 458 2948 des
486 2913 712 2949 Christenth.
738 2916 764 2949 t.
795 2917 812 2947 1
841 2914 934 2959 disp.
965 2917 1027 2952 14;
1057 2913 1250 2947 Lehrbuch
1278 2913 1340 2947 der
1360 2910 1812 2954 Fundamentaltheologie
1842 2922 1876 2953 p.
1899 2912 1911 2940 1

182 2969 202 3012 ἓ
221 2970 264 3002 28
283 2979 326 3005 s.;
346 2967 440 3012 Vig
453 2978 537 3001 our
550 2977 638 3001 oux
657 2967 701 3001 de
719 2968 742 3001 l'
755 2967 999 3002 authenticite
1025 2967 1089 3000 des
1117 2967 1246 3011 evang.
1273 2966 1432 3009 prouvee
1449 2975 1514 3009 par
1533 2965 1555 2997 l·
1568 2964 1677 2998 ctude
1696 2963 1849 3005 critique
1868 2962 1915 2993 du

183 3021 342 3066 langage
359 3021 398 3054 in
418 3020 539 3055 Revue
557 3021 620 3055 des
639 3022 757 3065 quest.
775 3021 861 3054 hist.
883 3020 1007 3054 XLVI.
1037 3021 1218 3054 355—99:
1247 3018 1277 3051 B
1290 3021 1334 3052 (is
1347 3030 1384 3052 e.
1414 3018 1471 3051 die
1492 3015 1834 3059 Glaubwiirdigkeit
1853 3026 1915 3047 1111»

185 3083 282 3107 serer
299 3073 536 3117 Evangelien‚
554 3073 736 3118 Freiburg
755 3076 856 3108 1895.
