2175 3382
246 71 328 109 1111)
401 66 517 98 'l'ran-t.
541 65 580 97 ll.
599 63 651 98 De
670 64 880 98 traditione.
898 64 1025 98 'rhesis
1046 63 1153 100 XXX,
1173 63 1338 98 Traditio
1359 64 1470 98 latius
1487 67 1587 110 patet
1604 65 1814 110 Scripturis.

242 187 431 224 traditum
455 186 623 234 accepit:
646 188 734 234 post
756 185 949 223 decretam
972 186 1242 236 virginitatem
1274 186 1321 224 ad
1344 187 1501 235 nuptias
1532 199 1613 225 sese
1641 188 1815 226 conferre
1838 189 1979 227 scelere

241 245 487 293 implicatum
510 244 673 282 videri«
699 267 754 273 —
777 245 835 282 lta
858 258 885 281 5.
918 245 1150 295 BQQAEES
1181 246 1227 282 de
1250 245 1349 293 Spir.
1373 258 1399 282 5.
1423 258 1460 282 11.
1485 252 1560 285 66ε
1605 246 1687 290 „Ex
1709 248 1917 285 asservatis
1939 248 1979 286 in

238 304 408 341 Ecclesia
430 303 681 353 dogmatibus
703 310 742 341 et
764 304 1122 352 praedicationibus
1138 305 1213 341 alia
1227 304 1387 352 quidem
1403 304 1590 342 habemus
1606 317 1626 342 e
1641 305 1818 343 doctrina
1830 306 1975 356 scripto

238 363 404 411 prodita,
428 363 504 399 alia
525 375 615 400 vero
638 363 751 400 nobis
774 363 814 400 in
838 363 1022 412 mysterio
1057 363 1202 400 tradita
1224 363 1443 412 recepimus
1473 376 1517 401 ex
1550 364 1763 402 traditione
1785 366 1978 414 apostolo-

239 435 337 467 rum,
360 434 529 469 quorum
550 424 718 470 utraque
742 422 820 459 vim
845 422 1008 459 eandem
1031 422 1175 459 habent
1197 423 1243 459 al
1266 423 1466 471 pietatem,
1491 435 1561 460 nec
1583 423 1630 461 iis
1652 424 1863 472 quisquam
1885 436 1975 462 con-

239 481 423 518 tradicet:
446 481 583 518 nullus
607 485 721 525 certe,
745 481 813 529 qui
836 481 1026 518 veltenui
1049 481 1289 530 experientia
1311 482 1477 526 noverit,
1493 494 1592 530 quae
1609 482 1692 520 sint
1708 483 1902 521 Ecclesiae
1917 483 1978 521 in·

238 540 425 587 stituta.<q
462 539 645 584 Quamvis
668 540 760 577 «lein
783 552 810 577 s.
834 540 968 577 doctor
988 541 1115 589 plura.
1147 553 1245 588 quae
1268 541 1393 590 magis
1416 541 1460 577 ad
1485 536 1635 590 praxim
1657 544 1847 590 spectant,
1879 546 1979 580 tam-

239 611 354 646 quam
378 611 423 636 ex
446 601 510 636 tra
527 599 663 636 titione
687 599 827 636 hausta
849 604 1060 643 recenseat,
1085 612 1237 648 semper
1258 603 1389 637 tamen
1411 612 1546 637 verum
1571 603 1713 646 manet,
1749 601 1852 650 quod
1875 601 1978 639 affir-

238 671 401 703 mamus,
435 658 684 695 traditionem
719 658 891 695 divinam
926 658 1045 696 latius
1080 662 1214 707 patere
1236 671 1265 696 s.
1290 659 1510 707 Scriptura;
1546 663 1720 707 ceterum
1750 672 1779 697 5.
1811 661 1979 699 Basilius

239 717 454 754 universim
489 717 666 765 loquitur
700 717 746 754 de
780 717 1032 766 dogmatibus
1066 723 1105 754 et
1139 717 1510 766 praedicationibus,
1547 731 1591 755 ex
1624 719 1770 766 quibus
1800 720 1875 756 alia
1898 719 1979 757 sint

237 776 391 825 scripta,
415 776 493 813 alia
514 776 671 813 tradita.
716 776 767 813 Cf.
791 789 911 825 supra
932 777 1050 813 verba
1072 777 1132 814 Ch
1146 790 1164 813 r
1175 789 1229 825 ys
1244 788 1264 812 o
1278 789 1294 813 s
1308 779 1356 813 to
1369 777 1430 813 mi
1455 790 1491 813 11.
1523 783 1612 816 124.

357 868 399 911 4.
423 867 536 908 Idem
568 867 700 908 multo
727 867 941 909 efficacius
963 868 1169 920 probatur
1190 869 1389 921 suffragio
1422 869 1684 922 antiquitatis
1717 870 1978 922 practico,

239 950 338 978 nam
376 943 519 990 patres
550 939 683 990 plura,
715 951 824 991 quae
855 944 1051 991 spectant
1081 939 1146 980 vel
1179 939 1233 980 ad
1265 939 1504 980 doctrinam
1534 940 1599 981 vel
1631 940 1686 981 ad
1717 940 1979 993 disciplinam

241 1009 518 1049 christianam
541 1013 584 1050 et
605 1020 654 1048 ex
671 1007 899 1061 Scripturis
922 1009 987 1049 vel
1009 1009 1250 1064 nullathenus
1273 1009 1338 1050 vel
1361 1021 1448 1050 non
1470 1010 1573 1051 satis
1596 1010 1768 1063 probari
1820 1016 1980 1058 ossunt,

244 1091 324 1132 ope
347 1079 801 1160 traditionignprpbapg.
841 1066 1003 1113 W
1049 1067 1156 1096 ω
1175 1108 1185 1153 3
1207 1074 1290 1095 ω’
1335 1070 1696 1130 ww
1722 1089 1729 1096 '
1815 1058 1837 1105 ι
1879 1066 2000 1102 ”md

359 1178 421 1214 Ita
442 1178 582 1223 probat
603 1179 932 1227 Augustinus
956 1178 1002 1215 de
1026 1191 1127 1226 pecc.
1151 1191 1243 1217 mer.
1268 1182 1305 1215 et
1328 1191 1421 1216 rem.
1445 1179 1469 1216 l.
1500 1187 1514 1218 1
1544 1191 1573 1216 c.
1600 1185 1649 1218 26
1681 1181 1721 1216 et
1741 1181 1831 1217 ante
1853 1179 1977 1227 ipsum

239 1237 489 1286 Origenes
522 1237 546 1273 l.
573 1244 593 1276 5
618 1237 660 1273 in
684 1250 740 1285 ep.
765 1237 813 1274 ad
835 1237 943 1274 Rom.
967 1250 996 1274 c.
1023 1245 1043 1277 5
1070 1238 1456 1286 paedobaptismum:
1502 1230 1703 1295 {Ecclesia
1724 1239 1772 1275 ab
1794 1239 1979 1287 apostolis

237 1296 488 1333 traditionem
513 1296 661 1345 accepit
683 1297 799 1333 etiam
823 1296 998 1345 parvulis
1030 1296 1200 1344 baptism
1232 1295 1432 1361 tegare?
1454 1320 1511 1324 —
1535 1297 1595 1334 Ita
1617 1297 1979 1336 Tertullianus

238 1355 284 1392 ‹jle
307 1366 447 1392 corona
468 1368 499 1392 c.
516 1362 561 1395 3:
585 1353 604 1399 ζ)
617 1355 840 1393 Oblationes
862 1368 932 1404 pro
955 1343 1160 1399 det'ii‘iiiztis,
1183 1369 1252 1404 pro
1275 1356 1467 1393 natalitiis
1492 1354 1743 1409 (martyrum)
1767 1369 1897 1394 annua
1918 1357 1980 1394 die

237 1414 411 1458 facimus,
435 1414 497 1451 die
519 1414 713 1451 dominico
730 1414 930 1463 jejunium
954 1416 1061 1452 nefas
1085 1415 1274 1459 ducimus,
1298 1415 1360 1452 vel
1374 1415 1421 1452 de
1436 1415 1627 1465 geniculis
1641 1416 1812 1455 adorare.
1836 1416 1979 1453 Eadem

236 1473 487 1510 immunitate
509 1487 531 1510 a
553 1473 616 1510 die
638 1474 809 1510 Paschae
830 1474 872 1510 in
896 1474 1153 1511 Pentecosten
1181 1487 1308 1523 usque
1330 1474 1590 1530 gaudemus]
1603 1474 1738 1512 Calicis
1768 1478 1838 1512 aut
1867 1475 1978 1524 panis

237 1531 355 1569 etiam
377 1533 501 1570 nostri
524 1530 809 1584 (eucharistici)
833 1532 983 1581 aliquid
1009 1533 1140 1570 decuti
1163 1533 1204 1570 in
1226 1536 1369 1570 terram
1393 1534 1504 1571 anxie
1525 1535 1711 1582 patimur.
1743 1534 1802 1571 Ad
1827 1546 1977 1572 omnem

237 1604 488 1641 progressum
511 1595 628 1639 atque
650 1596 887 1640 promotum,
921 1592 968 1629 ad
1000 1605 1155 1629 omnem
1187 1593 1339 1630 aditum
1361 1602 1401 1629 et
1422 1593 1584 1635 exit-um.
1620 1593 1668 1630 ad
1690 1593 1906 1633 calciatum.
1931 1594 1979 1630 ad

238 1651 400 1695 lavacra,
424 1651 473 1688 ad
494 1663 660 1695 mensas,
685 1651 731 1688 ad
755 1651 916 1696 lumina,
940 1651 988 1688 ad
1010 1651 1170 1697 cubilia,
1195 1652 1241 1688 ad
1265 1652 1413 1690 sedilia.
1447 1664 1703 1700 quaecunque
1735 1652 1978 1690 conversatio

236 1723 306 1747 nos
329 1713 491 1749 exercet..
526 1710 696 1747 frontem
729 1710 856 1748 crucis
891 1710 1092 1760 signaculo
1126 1711 1302 1748 terimus.
1346 1711 1496 1748 Harum
1528 1716 1567 1748 et
1600 1711 1763 1748 aliarum
1787 1711 1978 1759 ejusmodi

238 1769 537 1818 disciplinarum
560 1769 591 1806 si
613 1769 737 1819 legem
762 1770 986 1819 expostulas
1010 1769 1313 1818 Scripturarum,
1329 1770 1480 1807 nullam
1503 1770 1700 1807 invenies:
1722 1771 1884 1808 traditio
1907 1770 1981 1808 tibi

236 1829 515 1877 praetendetur
537 1829 700 1867 auctrix.
725 1829 969 1866 consuetudo
992 1828 1256 1866 confirmatrix
1271 1831 1311 1866 et.
1327 1829 1418 1866 fides
1434 1830 1686 1871 observat-rix.
1698 1834 1715 1852 «
1730 1852 1787 1856 —
1804 1829 1981 1867 Valorem

238 1887 420 1936 baptismi
444 1888 492 1924 ab
514 1887 717 1925 haereticis
740 1888 868 1926 collati
901 1888 970 1925 hac
1001 1888 1064 1925 via
1097 1888 1236 1936 probat-
1266 1889 1598 1938 Augustinus
1629 1888 1677 1925 de
1708 1889 1813 1938 bapt.
1836 1888 1879 1929 V.
1905 1894 1978 1928 23:

238 1974 251 1990 ἲ
267 1948 445 1996 Apostoli
467 1949 599 1984 autem
621 1947 722 1984 nihil
745 1947 905 1995 quidem
927 1947 1065 1984 exinde
1088 1953 1372 1996 praeceperunt
1395 1944 1455 1999 (in
1473 1945 1718 1999 Scripturis),
1735 1948 1802 1985 sed
1816 1959 1980 1985 consue-

237 2008 336 2044 tudo
358 2006 436 2050 illa,
460 2019 559 2054 quae
582 2007 853 2054 opponebatur
876 2006 1078 2055 Cypri-ano,
1115 2007 1162 2043 ab
1193 2019 1328 2044 eorum
1364 2006 1579 2044 traditione
1611 2007 1814 2044 exordium
1846 2019 1980 2056 sump-

239 2065 335 2102 sisse
358 2066 548 2103 credenda
571 2069 639 2109 est,
664 2065 769 2102 sicut
791 2068 885 2103 sunt
906 2065 1043 2109 multa,
1077 2078 1176 2113 quae
1206 2066 1391 2102 universa
1423 2069 1531 2102 tenet
1551 2066 1733 2109 Ecclesia,
1767 2069 1806 2103 et
1837 2066 1886 2102 ob
1908 2066 1980 2103 hoc

238 2125 285 2161 ab
307 2125 494 2173 apostolis
516 2128 721 2174 praecepta
755 2125 853 2161 bene
876 2124 1103 2169 creduntur,
1137 2137 1375 2173 quamquam
1407 2125 1553 2172 scripta
1580 2137 1658 2162 non
1689 2125 1949 2174 reperiantur.
1961 2122 2021 2184 “x

239 2183 291 2220 Cf.
314 2184 360 2220 (18
382 2184 482 2221 unit.
506 2184 606 2223 Eccl.
629 2197 667 2220 n.
693 2190 758 2223 (33.
775 2206 830 2210 -—
844 2183 1008 2232 Epiph
1022 2184 1172 2220 anius
1196 2184 1242 2220 de
1264 2183 1376 2232 praxi
1390 2184 1526 2220 orandi
1538 2196 1608 2232 pro
1624 2183 1823 2222 defunctis
1838 2184 1980 2221 statuit

238 2243 340 2282 haer.
367 2249 416 2283 65
442 2256 480 2279 11.
505 2249 550 2282 ὃς
584 2243 840 2286 „Necessario
862 2243 963 2279 illud
987 2243 1111 2279 facere
1134 2243 1345 2280 Ecclesiam
1367 2242 1464 2283 (lico.
1488 2255 1587 2290 quae
1609 2243 1800 2280 traditum
1824 2243 1901 2280 sibi
1923 2243 1977 2280 ri-

238 2305 324 2338 tum
346 2302 463 2338 illum
485 2315 507 2338 a
527 2302 742 2350 majoribus
766 2301 995 2349 acceperit«
1011 2301 1183 2339 —Hinc
1205 2302 1323 2339 etiam
1345 2302 1507 2339 concilia
1529 2304 1569 2338 et
1581 2304 1713 2351 patres
1737 2302 1779 2339 in
1801 2302 1891 2339 fidei
1911 2302 1978 2340 de-

238 2360 484 2398 finitionibus
506 2364 623 2409 atque
645 2361 893 2398 damnatione
917 2361 1203 2398 haereticorum
1224 2374 1304 2398 11011
1317 2361 1595 2398 existimarunt
1619 2361 1880 2399 conditionem
1894 2373 1979 2399 esse

238 2420 506 2465 necessariam,
529 2433 607 2468 qua
628 2421 760 2468 aliqua
782 2420 926 2457 veritas
949 2420 1002 2457 sit
1024 2420 1114 2457 fidei
1135 2420 1340 2463 articulus,
1373 2423 1418 2457 ut
1453 2420 1587 2457 eadem
1618 2420 1762 2457 divinis
1783 2420 1978 2457 continea-

239 2481 307 2515 tur
327 2479 483 2516 litteris.
504 2479 564 2515 Ita
587 2491 690 2516 conc.
714 2479 1007 2517 oecumenicum
1030 2478 1113 2517 VH.
1137 2478 1355 2528 imaginum
1391 2492 1505 2516 usum
1539 2479 1770 2527 cultumque
1792 2492 1837 2516 ex
1860 2479 1979 2516 tradi—

241 2538 347 2574 tione
370 2538 518 2586 repetit.
538 2541 610 2576 act.
637 2546 680 2578 7:
705 2538 759 2575 ita
782 2540 821 2575 et
843 2538 902 2577 Jo.
927 2538 1267 2575 Damascenus
1291 2538 1337 2575 de
1359 2538 1398 2578 F.
1423 2538 1464 2575 O.
1487 2538 1551 2582 IV,
1580 2545 1643 2578 163.

359 2628 506 2680 5.1psi
537 2633 822 2681 protestantes
863 2629 1050 2681 practice
1092 2629 1243 2670 saltem
1275 2630 1497 2670 veritatem
1529 2629 1778 2670 assertionis
1808 2633 1979 2669 nostrae

241 2703 489 2750 agnoscunt,
519 2711 619 2739 nam
642 2700 720 2751 ipsi
750 2700 872 2752 plura
892 2699 960 2740 vel
992 2699 1171 2740 credunt
1192 2700 1259 2740 vel
1280 2704 1451 2741 servant
1473 2704 1693 2753 tamquam
1711 2699 1818 2752 juris
1840 2699 1979 2748 divini,

243 2782 353 2821 quae
386 2781 436 2811 ex
468 2769 618 2810 divinis
649 2770 779 2810 literis
801 2770 868 2811 vel
889 2770 1217 2812 nullatenus'vel
1239 2770 1389 2812 saltem
1413 2783 1499 2811 non
1521 2770 1776 2811 sufficienter
1797 2769 1979 2822 probare

242 2844 442 2892 possunt,·
465 2840 702 2892 cujusmodi
723 2847 819 2881 sunt
842 2846 1012 2893 praeter
1034 2840 1373 2894 paedobaptismi
1396 2846 1438 2882 et
1450 2841 1650 2893 baptismi
1665 2841 1792 2882 etiam
1809 2840 1863 2881 ab
1876 2841 1978 2881 hae-

242 2911 384 2952 reticis
418 2910 560 2952 collati
586 2910 788 2959 valorem,
822 2911 1010 2952 illicitam
1046 2924 1139 2953 esse
1174 2911 1373 2964 baptismi
1406 2912 1687 2961 iterationem,
1713 2912 1979 2952 Dominicam

243 2983 338 3023 loco
362 2980 538 3022 Sabbati
567 2993 660 3022 esse
682 2981 1044 3031 sanctificandam.
1075 2982 1202 3023 licere
1224 2982 1476 3023 suffocatum
1499 2986 1540 3023 et
1561 2982 1812 3034 sangninem
1835 2992 1978 3022 come-
