2175 3382
239 76 273 115 2(
287 79 322 113 »(1
632 67 752 101 Tract.
773 66 814 100 11.
834 66 877 100 de
896 78 922 100 s.
943 66 1147 110 Scriptura.
1167 65 1292 107 Qualis
1311 66 1347 99 ct
1366 68 1506 109 quanm
1526 67 1574 99 sit

237 192 429 228 declarata
451 192 511 226 est
533 189 757 226 authentica
790 188 914 237 quoad
949 200 1081 225 omnes
1114 188 1234 225 libros
1266 200 1354 224 cum
1387 187 1570 225 omnibus
1601 188 1844 237 partibus
1875 190 1970 235 suis,

237 254 352 298 prout
377 249 415 285 111
438 248 609 285 Ecclesia
632 247 821 285 catholica
846 247 923 297 legi
947 248 1247 284 consueverunt.
1290 246 1412 294 Atqui
1438 248 1570 283 textus
1601 246 1694 285 adeo
1725 247 1972 299 dogmaticus

238 308 389 345 ambitu
423 319 516 344 sane
549 307 721 355 partium
755 306 980 344 continetur
1011 305 1075 350 (cf.
1101 305 1374 342 Franzelin
1407 305 1453 342 de
1484 305 1666 343 trinitate
1696 306 1751 343 th.
1775 304 1830 358 4).
1873 306 1974 344 Sunt

237 372 368 404 tamen
391 366 460 414 qui
482 369 629 416 negant
665 366 787 402 innixi
821 365 976 402 silentio
1011 364 1206 401 constanti
1241 366 1410 413 patrum,
1448 364 1480 400 si
1515 376 1657 412 paucos
1691 365 1868 414 excipias,
1903 365 1972 414 qui

235 428 388 463 textum
410 426 514 462 hunc
535 425 648 474 plane
671 425 868 474 ignorasse
892 423 1086 468 videntur,
1110 423 1307 460 codicibus
1329 436 1445 471 quam
1469 423 1661 471 plurimis,
1685 423 1725 460 in
1747 424 1891 472 quibus
1905 425 1972 462 ille

237 485 347 522 deest
371 487 441 522 etc.
485 484 576 522 Ideo
599 487 730 521 autem
753 486 913 520 censent
934 482 1150 519 insertione
1173 482 1290 531 liujus
1312 485 1443 519 textus
1465 494 1544 519 non
1565 483 1727 531 genuini
1762 495 1841 520 non
1873 483 1973 521 laedi

235 544 417 594 vulgatae
439 543 695 586 authentiam,
729 542 831 590 quod
855 541 1029 578 doctrina
1063 553 1106 579 eo
1129 541 1336 579 enunciata
1366 541 1658 590 aequivalenter
1689 542 1775 580 aliis
1806 542 1847 579 in
1878 542 1971 580 locis

235 603 501 640 contineatur:
526 602 615 639 hinc
638 602 695 638 nil
716 602 755 638 in
780 613 823 637 ea
845 600 1056 645 enunciari,
1081 600 1186 648 quod
1208 612 1286 637 non
1311 600 1362 637 sit
1384 601 1425 637 in
1440 600 1566 637 codice
1582 600 1782 650 originali;
1806 600 1973 650 ideoque

235 675 313 700 non
335 662 470 699 adesse
492 661 788 698 difformitatem
822 659 947 707 quoad
980 660 1195 696 doctrinam
1227 659 1337 696 fidei:
1370 671 1440 696 nec
1471 659 1605 697 obesse
1637 659 1838 698 decretum
1867 660 1972 706 trid„

235 721 341 769 quod
367 723 497 770 partes
521 719 732 757 declaravit
755 718 1001 756 authenticas
1039 745 1055 762 »
1067 722 1184 767 prout
1216 718 1258 755 in
1280 718 1452 755 Ecclesia
1483 719 1741 756 catholica
1771 718 1849 768 legi
1881 731 1972 756 con-

236 782 452 817 sueverunt
463 784 479 802 «
505 782 541 815 et
567 778 635 822 >>111
668 780 798 815 vetere
820 778 982 827 vulgata
1014 777 1248 815 habentu1·.«
1293 777 1416 825 Atqui
1447 777 1509 814 1110
1539 780 1670 815 1031113
1700 790 1778 815 11011
1809 789 1973 816 00113110-

236 842 345 876 verat
371 839 448 888 legi
471 838 511 874 in
533 838 705 875 Ecclesia
729 836 998 881 catholica,
1031 836 1138 873 deest
1170 849 1326 884 quoque
1358 836 1401 873 in
1422 837 1513 885 plus
1546 850 1664 885 quam
1698 844 1747 877 50
1773 837 1855 874 cod.
1886 838 1974 875 vul-

235 901 357 948 gatae.
382 898 498 934 etiam
524 896 821 944 antiquissimis.
866 894 993 939 Quare
1015 896 1079 932 vix
1102 895 1287 932 credibile
1310 898 1379 940 est,
1403 898 1534 944 patres
1557 896 1793 934 tridentinos
1816 908 1886 934 suo
1908 895 1976 933 de-

235 962 339 995 creto
362 956 533 993 voluisse
555 958 707 992 textum
731 955 864 992 critice
899 955 994 992 adeo
1027 955 1190 992 dubium
1224 955 1420 992 declarare
1452 955 1737 993 authenticum.
1781 955 1833 993 Cf.
1866 955 1974 992 Cor-

234 1017 354 1065 11011
376 1028 404 1053 c.
428 1028 465 1053 n.
495 1022 572 1054 17ss
599 1017 637 1051 et
660 1014 807 1052 Introd.
832 1026 930 1063 spec,
953 1014 995 1051 in
1016 1014 1063 1051 N.
1087 1014 1127 1051 T.
1150 1026 1188 1050 n.
1215 1019 1308 1057 231,
1346 1014 1415 1051 ubi
1448 1013 1608 1051 candide
1640 1014 1823 1063 expositis
1855 1027 1973 1064 argu-

234 1075 375 1112 mentis
396 1087 466 1123 pro
490 1076 657 1122 utraque
680 1074 890 1118 sententia,
924 1073 1228 1110 controversiam
1251 1085 1331 1110 non
1353 1073 1472 1110 audet
1493 1072 1686 1119 dirimere,
1719 1077 1758 1110 et
1788 1073 1975 1111 articulos

236 1135 276 1171 in
300 1135 430 1171 11031ιο
453 1133 520 1170 des
544 1133 714 1170 sciences
738 1132 1052 1180 ecclesiastiques
1083 1138 1188 1173 188‘1
1225 1136 1264 1169 et
1292 1138 1413 1177 1388,
1446 1132 1591 1180 quibus
1613 1132 1803 1170 Martin
1833 1144 1975 1182 magno

235 1193 472 1230 eruditionis
496 1195 685 1241 apparatu
701 1192 942 1229 authentiam
967 1191 1211 1241 impugnare,
1235 1191 1390 1236 nititur,
1413 1191 1767 1229 Rambouillet
1789 1203 1878 1229 vero
1892 1203 1975 1228 eam

234 1252 423 1301 sagaciter
454 1254 612 1296 t-uetur3
645 1251 701 1288 ita
732 1254 771 1288 et
804 1251 969 1288 Flunk
994 1250 1178 1288 Zeitschr.
1209 1250 1275 1287 fiir
1296 1250 1332 1288 k.
1355 1250 1484 1287 Theoi.
1507 1250 1610 1296 XIII,
1637 1256 1717 1290 212
1742 1262 1788 1288 33.
1830 1250 1976 1288 Verum

234 1314 406 1356 notetur,
430 1310 478 1348 ad
501 1311 770 1359 quaestionem
795 1310 1098 1359 Congregationi
1122 1321 1150 1346 s.
1175 1309 1302 1346 Officii
1323 1309 1581 1358 propositam:
1607 1310 1773 1353 ,Utrum
1796 1311 1885 1347 tuto
1906 1322 1975 1347 ne-

234 1371 316 1419 gari
339 1375 407 1407 aut·
433 1370 571 1407 saltem
594 1369 635 1406 in
658 1370 823 1407 dubium
846 1369 976 1406 vocari
999 1369 1135 1418 possit,
1172 1381 1252 1406 esse
1274 1369 1546 1406 authenticum
1576 1371 1731 1406 textum
1761 1381 1789 1406 3.
1811 1368 1976 1406 Joannis

240 1438 271 1469 1.
295 1442 351 1478 ep.
379 1436 413 1475 5,
442 1435 462 1468 7
477 1434 514 1465 «ε
540 1428 722 1466 011111111113
745 1427 1050 1477 diligentissime
1065 1428 1270 1476 perpensis
1286 1427 1594 1476 praehabitoque
1608 1428 1686 1468 DD.
1701 1428 1976 1466 Consultorum

234 1491 323 1526 voto
347 1488 562 1525 cardinales
578 1488 693 1525 emin.
709 1487 1023 1536 respondendum
1046 1488 1254 1524 mandasse
1281 1494 1316 1527 3.
1332 1487 1422 1524 Jan.
1442 1493 1547 1527 1897
1574 1486 1847 1536 Negative:
1871 1487 1976 1536 quod

233 1560 464 1597 responsum
487 1559 663 1584 summus
684 1546 860 1596 pontifex
888 1546 1130 1595 approbavit.

351 1629 391 1671 2.
416 1625 660 1668 Concedere
687 1626 794 1676 licet,
827 1625 974 1666 illaeso
998 1625 1172 1667 decreto
1196 1625 1440 1674 tridentino,
1471 1625 1620 1666 deesse
1652 1637 1778 1678 posse
1810 1625 1852 1666 in
1884 1626 1975 1667 vul-

234 1703 331 1749 gata
354 1702 515 1738 textum
538 1697 840 1749 dogmaticum.
865 1698 935 1749 qui
957 1696 1081 1737 fuerit
1103 1697 1145 1737 in
1168 1701 1286 1737 textu
1308 1697 1533 1749 primitivo.

353 1768 473 1812 3.1n
504 1768 618 1809 nullo
652 1772 769 1809 textu
803 1767 1043 1819 dogmatico
1077 1767 1274 1819 vulgatae
1307 1767 1420 1807 aliud
1449 1767 1604 1820 dogma
1637 1771 1701 1808 est
1731 1779 1980 1820 expressum

25 1749 395 1899 “Mffie
391 1840 434 1880 in
467 1844 582 1880 textu
606 1839 832 1891 primitivo
868 1839 1049 1891 ideoque
1072 1838 1185 1879 nulla
1210 1843 1350 1879 exstat
1373 1838 1595 1879 diversitas
1617 1839 1800 1891 positiva
1822 1839 1979 1881 discre-

233 1911 404 1963 pantiae
426 1922 482 1951 re
496 1910 568 1950 al
559 1923 613 1953 1s.

353 1985 412 2021 Ita
434 1985 561 2022 versio
583 1985 747 2033 vulgata
770 1984 862 2021 Gen.
889 1991 924 2030 3,
955 1991 1026 2024 15:
1052 1984 1144 2032 Ipsa
1168 1981 1343 2037 (mulier)
1366 1989 1527 2022 conteret
1549 1989 1663 2033 caput
1677 1989 1796 2034 tuum,
1821 1997 1900 2022 non
1914 1985 1980 2022 ad-

234 2045 414 2081 versatur
438 2044 611 2093 dogmati
647 2043 694 2080 de
718 2043 989 2091 redemptione
1013 2043 1170 2092 generis
1192 2043 1356 2080 humani
1388 2043 1429 2080 in
1451 2045 1566 2081 textu
1587 2043 1772 2093 originali
1802 2056 1981 2092 expresso

234 2103 390 2140 verbis:
414 2102 501 2152 Ipse
524 2103 674 2153 (semen
695 2101 889 2151 mulieris)
912 2107 1073 2140 conteret
1095 2107 1209 2151 caput
1232 2108 1351 2139 tuum.
1389 2102 1490 2140 Nam
1511 2102 1553 2139 in
1573 2104 1686 2139 textu
1708 2102 1890 2152 originali
1903 2103 1979 2140 cla-

234 2162 318 2199 rius
341 2162 575 2211 proponitur
597 2162 844 2210 Redemptor,
871 2162 1076 2198 obscurius
1097 2174 1198 2210 pars,
1237 2174 1355 2209 quarn
1377 2162 1462 2209 ejus
1485 2163 1610 2198 mater
1640 2162 1682 2198 in
1712 2161 1981 2211 redemptione

235 2224 335 2258 esset
358 2221 552 2267 habitura,
577 2234 676 2269 quae
698 2221 740 2258 in
762 2221 926 2270 vulgata
950 2221 1092 2258 clarius
1125 2220 1383 2270 significatur,
1417 2233 1495 2258 non
1527 2223 1659 2257 tamen
1689 2221 1838 2258 seclusa
1868 2233 1982 2259 causa

234 2280 419 2329 principe.
463 2280 643 2317 Ceterum
678 2281 770 2317 haec
804 2280 920 2317 lectio
954 2292 1034 2317 non
1070 2283 1129 2317 est
1165 2280 1408 2328 Hieronymi,
1445 2280 1511 2317 sed
1546 2282 1647 2317 teste
1668 2279 1979 2318 Vereellone

235 2340 390 2390 gl'ariae
412 2336 617 2391 lectiones)
643 2352 687 2376 03
711 2339 965 2376 librariorum
988 2339 1198 2376 oscitantia
1221 2339 1263 2376 in
1285 2339 1496 2388 Vulgatam
1520 2338 1690 2387 irrepsit.

0 1814 103 1897 m

353 2419 396 2461 4.
422 2417 607 2460 Concedi
629 2423 770 2471 potest
793 2419 1078 2471 discrepantia
1099 2432 1141 2459 m
1159 2431 1183 2460 0
1197 2419 1222 2459 d
1237 2419 1353 2468 alis,
1384 2423 1430 2459 ut
1451 2418 1537 2462 scil,
1561 2418 1715 2470 dogma
1736 2419 1778 2459 in
1809 2419 1980 2471 vulgata

235 2501 322 2529 non
345 2489 496 2530 eodem
518 2489 646 2530 modo
671 2491 723 2530 sit
747 2501 1008 2542 expressum,
1031 2502 1114 2542 quo
1137 2491 1180 2530 in
1203 2494 1320 2531 textu
1343 2489 1546 2542 originali.

353 2576 413 2611 lta
434 2576 476 2612 in
498 2576 661 2625 vulgata
683 2576 760 2613 Job
788 2582 850 2619 14,
878 2582 901 2615 4
925 2577 1067 2613 clarius
1090 2578 1148 2613 est
1170 2588 1396 2624 expressum
1429 2576 1569 2625 dogma
1591 2576 1638 2612 de
1670 2579 1826 2624 peccato
1858 2575 1978 2624 origi-

234 2633 336 2679 nali3
370 2640 427 2678 19,
456 2640 504 2673 25
532 2635 725 2684 S.·dogma
747 2635 793 2672 de
816 2635 1025 2672 identitate
1049 2635 1173 2672 carnis
1195 2634 1507 2679 resuscitandae;
1531 2637 1571 2672 et
1592 2635 1652 2672 Ps.
1672 2641 1765 2680 109,
1791 2641 1813 2674 3
1838 2634 1979 2684 dogma

235 2693 281 2730 de
303 2694 459 2730 aeterna
480 2693 570 2730 Filii
591 2694 854 2743 generatione,
879 2707 997 2742 quam
1019 2695 1060 2731 in
1081 2696 1195 2731 textu
1217 2693 1430 2743 primitivo,
1454 2694 1595 2731 saltem
1616 2694 1677 2731 uti
1699 2705 1804 2731 nunc
1818 2693 1977 2742 legitur,

235 2751 416 2800 quamvis
437 2752 529 2788 haec
553 2752 733 2802 dogmata
757 2753 854 2790 satis
877 2753 957 2790 sint
979 2753 1199 2803 significata
1230 2753 1347 2790 etiam
1379 2753 1419 2790 in
1442 2755 1555 2790 textu
1576 2752 1770 2802 originali.
1814 2752 1977 2790 Concedi

235 2823 394 2860 quoque
414 2812 555 2859 potest,
580 2811 834 2860 interpretem
857 2814 1011 2849 textum
1034 2824 1193 2849 sensu-m
1207 2812 1435 2861 ampliorem
1450 2812 1513 2848 vel
1526 2811 1659 2849 minus
1674 2811 1978 2849 determinatum

235 2882 327 2918 prae
349 2882 387 2907 se
410 2869 600 2907 ferentem
623 2870 800 2907 versione
822 2884 892 2908 sua
912 2871 1158 2908 restrinxisse
1188 2871 1250 2908 vel
1285 2870 1410 2920 magis
1441 2870 1722 2908 determinasse
1756 2870 1848 2921 (huc
1876 2869 1978 2907 forte

236 2929 410 2978 pertinet
430 2928 482 2966 Is.
510 2936 572 2974 11,
601 2936 650 2969 10
675 2931 708 2966 et
735 2929 832 2966 Hab.
861 2937 896 2974 3,
927 2927 1016 2983 18);
1039 2931 1102 2967 vel
1124 2943 1225 2978 quae
1247 2930 1290 2967 in
1312 2929 1554 2979 autographo
1577 2930 1722 2966 directe
1745 2929 1793 2966 de
1814 2929 1976 2967 Messiae

236 3000 356 3036 regno
381 2989 420 3024 et
442 2987 633 3025 indirecte
654 2989 812 3025 tantum
835 2988 882 3025 de
905 2989 989 3037 ejus
1011 3001 1174 3038 persona
1205 2988 1465 3038 intelligenda
1496 2990 1601 3034 sunt,
1633 2988 1675 3025 in
1705 2988 1885 3026 versione
1915 2987 1974 3024 di-

236 3048 338 3084 recte
360 3046 407 3083 ad
430 3047 516 3095 ejus
538 3058 744 3095 personam
766 3047 907 3084 referri
930 3050 968 3084 et
990 3048 1179 3085 indirecte
1203 3048 1248 3085 de
1271 3048 1355 3096 ejus
1377 3059 1497 3096 regno
1519 3047 1702 3097 intelligi.
