2175 3382
0 188 165 229 “Q
243 208 367 249 posse
391 195 592 241 disceiui;
625 195 658 235 si
691 206 792 235 vero
825 193 1081 247 quandoque
1105 193 1143 234 id
1167 193 1341 234 dubium
1366 192 1470 234 vide
1463 197 1568 239 itur,
1600 204 1689 233 rem
1713 204 1764 234 ex
1788 100 1971 234 so'riiibus

0 231 216 331 M,
244 267 499 319 tlitepgitls
528 278 577 307 ex
602 270 770 318 patrum
794 277 1018 313 consensu,
1050 276 1100 305 ex
1134 277 1239 304 son(
1244 264 1335 305 ordi
1359 263 1718 316 interpretationis
1740 263 1973 306 catholicae

0 342 195 392 »suff-Au
243 338 496 385 testimonio,
528 348 579 377 ex
611 337 910 384 declaratione
943 337 977 376 si
999 348 1083 389 qua
1107 340 1253 381 exstet,
1288 335 1501 376 Ecclesiae
1525 339 1601 376 etc.
1625 346 1718 376 esse
1741 335 1975 388 dijudican-

0 379 191 457 ἅμ
242 408 351 449 dam.
395 408 535 458 Quare
568 413 613 448 ut
644 408 754 448 hanc
788 407 1117 459 disputationem
1141 407 1287 458 paucis
1310 406 1596 453 absissvamus,
1629 406 1817 455 dicimus,
1848 406 1977 459 inspi-

242 480 450 519 rationem
466 483 660 531 spectare
684 479 737 519 ad
761 492 791 518 s.
808 477 1069 530 Scripturam
1093 477 1441 528 originalem,
1465 476 1518 517 ad
1541 477 1852 518 versionem
1875 488 1975 518 vero

242 550 336 602 vgul
315 555 449 599 atae,
473 554 682 602 quatenus
706 561 757 589 ea
780 554 843 589 est
865 548 1120 589 authentica.
1164 548 1419 589 Authentica
1443 553 1585 589 autem
1609 553 1673 589 est
1694 560 1745 589 ex
1769 548 1976 590 infalli-

242 622 338 662 bili
361 621 573 662 Ecclesiae
592 621 783 673 judicio
776 634 816 660 in
840 620 966 660 rebus
990 619 1085 660 fidei
1108 625 1148 660 et
1171 632 1337 660 morum
1361 625 1402 661 et
1433 620 1473 660 in
1506 621 1567 668 iis,
1600 619 1751 673 quibus
1773 619 1975 661 historiae

241 698 282 734 et
304 693 552 745 prophetiae
575 704 741 733 summa
765 692 1025 739 continetur·
1016 675 1097 731 *in
1121 666 1367 743 aliisffir
1379 703 1404 732 a
1416 703 1438 732 e
1451 704 1471 732 5
1484 704 1510 731 u
1524 704 1562 731 m
1576 704 1602 743 p
1614 695 1630 731 t
1641 691 1652 731 i
1665 703 1690 731 o
1703 703 1729 730 n
1741 702 1764 731 e
1786 691 1975 735 rationa-
1992 724 2018 756 l:

242 764 314 804 bili
339 764 404 818 (cf
430 777 466 804 n
491 763 547 813 6),
572 767 611 803 et
634 763 864 841 etiamwdd
786 762 854 802 via
871 774 920 801 5(
883 760 1126 836 ι5ι1ῖιῇ93ι
1147 761 1631 839 qufflcontrarium
1655 773 1742 802 non
1728 739 1976 814 probetur.

704 806 864 875 ἴωω
970 879 998 923 G
1012 891 1038 922 a
1051 891 1073 933 p
1087 879 1142 922 ut
1176 879 1236 923 lv.

241 965 309 1005 De
355 963 544 1004 habitu
588 963 733 1003 inter
775 973 986 1002 sacram
1030 960 1373 1014 Scripturam
1425 967 1474 1003 et
1515 962 1816 1003 Ecclesiam
1864 963 1977 1004 sive

718 1033 1006 1074 docentem
1039 1033 1154 1073 sive
1187 1032 1502 1074 discentem.

243 84 277 123 2(
292 83 327 122 >12
747 75 865 109 'l'i·act.
888 75 927 110 ll.
947 75 991 108 de
1009 86 1035 108 s.
1056 75 1255 118 Scriptura.
1276 75 1327 107 lie
1346 74 1474 108 habitu

363 1121 456 1162 183.
481 1116 599 1167 Quae
623 1117 679 1157 acl
705 1116 891 1157 habitum
917 1117 1022 1156 inter
1044 1129 1074 1158 8.
1100 1117 1363 1170 Scripturam
1388 1122 1423 1157 et
1444 1115 1671 1157 Ecclesiam
1692 1120 1891 1170 spectant,
1923 1116 1976 1157 ad

240 1189 451 1242 quaedam
474 1188 617 1240 capita
639 1186 948 1230 revocabimus.
992 1186 1237 1227 Cavendum
1261 1187 1385 1227 nobis
1408 1191 1472 1227 est

362 1260 400 1303 1.
425 1264 471 1300 ut
491 1258 722 1311 prudenter
744 1262 865 1298 notat
888 1256 1140 1310 Stapleto
1155 1270 1182 1297 n
1214 1257 1321 1301 dem.
1346 1258 1472 1299 meth.
1497 1258 1626 1310 princ,
1649 1256 1715 1301 fid.
1738 1257 1868 1302 doctr.
1890 1257 1974 1308 XII,

244 1335 307 1379 15,
331 1330 385 1371 ab
401 1330 744 1371 adversariorum
759 1328 917 1378 fraude,
940 1330 1010 1382 qui
1031 1333 1077 1370 ut
1100 1328 1261 1369 facilius
1279 1329 1518 1382 quaestioni
1533 1328 1754 1370 offundant
1766 1328 1978 1379 tenebras,

241 1400 503 1453 Scripturam
518 1400 790 1442 considerant
805 1400 1049 1452 simpliciter
1071 1405 1116 1441 ut
1138 1399 1313 1441 verbum
1328 1400 1415 1449 Dei,
1439 1404 1480 1449 et
1492 1399 1725 1441 Ecclesiam
1746 1405 1792 1441 ut
1814 1412 1977 1441 meram

240 1473 459 1514 hominum
484 1471 799 1519 collectionem3
832 1484 927 1512 cum
962 1476 1108 1512 tamen
1130 1470 1349 1523 Scriptura
1380 1472 1433 1511 sit
1465 1470 1641 1512 verbum
1663 1470 1739 1512 Dei
1761 1472 1975 1524 scriptum,

241 1543 354 1597 quod
376 1555 463 1584 non
485 1542 729 1583 immediate
752 1542 925 1594 singulis
949 1555 974 1582 a
996 1541 1084 1583 Deo
1107 1543 1369 1595 proponitur,
1396 1542 1469 1583 sed
1494 1542 1545 1583 de
1568 1554 1651 1595 quo
1676 1543 1904 1595 quaeritur,
1935 1542 1977 1583 in

241 1614 391 1667 quibus
414 1614 651 1666 reperiatur
677 1613 806 1663 libris,
837 1614 1034 1654 versione
1067 1618 1165 1661 etc,
1197 1613 1385 1655 Ecclesia
1419 1625 1520 1654 vero
1553 1613 1712 1655 docens
1744 1614 1798 1655 sit
1829 1619 1977 1655 aucto-

241 1686 344 1726 ritas
366 1685 566 1726 divinitus
591 1685 780 1725 instituta
802 1684 1106 1725 infallibilitatis
1130 1663 1428 1738 pmgativa
1450 1686 1667 1734 instructa,
1693 1697 1886 1737 quaeque
1908 1697 1977 1726 re-

240 1757 348 1808 gitui
371 1769 395 1797 a
419 1754 574 1808 Spiritu
599 1770 641 1805 5,
668 1757 738 1809 qui
761 1768 857 1797 eam
880 1757 923 1797 in
946 1768 1117 1797 omnem
1141 1757 1255 1797 ducit
1277 1757 1511 1797 veritatem.

358 1829 401 1870 2.
427 1825 469 1868 Si
492 1826 710 1879 Scriptura
742 1841 771 1870 s.
806 1832 846 1868 et
868 1827 1057 1868 Ecclesia
1088 1828 1131 1868 in
1163 1839 1208 1868 55
1240 1831 1497 1880 spectantur,
1529 1827 1694 1868 ratione
1717 1827 1802 1868 scil.
1827 1839 1975 1869 eorum

241 1911 348 1951 quae
372 1899 537 1947 docent,
571 1898 763 1950 ejusdem
786 1903 883 1939 sunt
906 1899 1182 1940 auctoritatis.
1225 1897 1333 1939 Nam
1367 1899 1436 1939 illa
1460 1903 1523 1939 est
1545 1897 1722 1939 verbum
1744 1897 1820 1938 Dei
1842 1898 1978 1950 scrip-

239 1976 339 2015 t,um
378 1969 567 2010 Ecclesia
599 1981 699 2010 vero
734 1969 893 2010 docens
927 1974 990 2010 est
1020 1982 1103 2010 vox
1134 1961 1345 2022 loquentis
1376 1969 1451 2010 Dei
1483 1969 1687 2025 (n.124),
1720 1980 1829 2022 quae
1861 1973 1975 2010 certe

240 2040 429 2091 ejusdem
452 2046 548 2081 sunt
572 2041 862 2089 auetoritati53
884 2041 983 2081 hinc
1006 2041 1104 2081 illud
1129 2040 1283 2081 Christi
1305 2039 1449 2081 Matth.
1477 2043 1541 2089 18,
1567 2043 1639 2083 la:
1667 2040 1714 2081 Sa·
1736 2043 1873 2081 autem
1897 2038 1976 2080 Ec-

240 2111 405 2152 alesiam
428 2124 509 2152 non
534 2112 729 2165 audierit,
752 2112 805 2151 sit
827 2111 901 2152 tibi·
922 2113 1027 2152 sieut
1049 2112 1233 2152 ethnicus
1256 2115 1292 2151 et
1308 2111 1571 2165 publicanus

360 2182 401 2225 3.
430 2181 580 2233 Quoad
612 2195 691 2223 nos
723 2182 838 2234 prior
870 2186 933 2223 est
963 2181 1177 2223 Ecclesiae
1211 2183 1454 2231 auctoritas,
1487 2194 1587 2222 nam
1610 2180 1823 2222 Ecclesiae
1855 2182 1975 2222 testi-

239 2254 383 2294 monio
407 2254 509 2294 certi
531 2253 748 2294 reddimur
770 2253 821 2294 de
844 2252 1088 2306 Scripturae
1110 2253 1288 2294 veritate
1312 2258 1352 2294 et
1374 2253 1650 2305 inspiratione
1673 2253 1729 2309 (n.
1748 2256 1841 2297 143.
1860 2253 1972 2310 ΠΟ).

246 2323 353 2375 „Ego
377 2324 603 2377 Evangelio
627 2337 714 2366 non
737 2324 968 2374 crederem,
999 2325 1133 2377 inquit
1163 2323 1505 2375 Augustinus
1530 2336 1562 2364 c.
1587 2335 1650 2376 ep.
1673 2323 1856 2365 fundam.
1881 2336 1914 2365 c.
1937 2326 1975 2374 5,

238 2394 318 2434 nisi
341 2406 408 2435 me
430 2395 666 2436 catholicae
688 2395 901 2436 Ecclesiae
925 2399 1216 2436 commoveret
1237 2396 1504 2435 auctoritas.“
1555 2394 1648 2445 Qua
1670 2395 1722 2436 de
1743 2407 1789 2435 re
1812 2395 1976 2448 egregie

240 2464 405 2505 disserit
436 2464 747 2518 Stapleton,
781 2467 850 2519 qui
881 2467 936 2508 ad
966 2467 1075 2508 haec
1105 2466 1354 2507 illustranda
1378 2466 1487 2518 aptis
1509 2480 1611 2507 usus
1635 2467 1974 2508 similitudinibus

239 2547 272 2575 c.
300 2538 350 2579 17
375 2536 607 2588 subjungit:
638 2537 730 2588 „Ea,
754 2549 864 2590 quae
885 2537 1073 2578 Ecclesia
1097 2538 1222 2578 docet
1244 2537 1405 2590 absque
1421 2536 1651 2590 Scriptura,
1673 2538 1856 2579 certiora
1877 2542 1977 2579 sunt

238 2606 299 2654 115,
324 2619 432 2658 quae
455 2606 672 2660 Scriptura
695 2607 820 2649 docet
842 2607 1003 2660 absque
1025 2607 1234 2656 Ecclesia;
1266 2608 1366 2660 quia
1398 2608 1465 2648 hic
1492 2608 1782 2649 testimonium
1805 2608 1973 2661 quidem

240 2677 419 2725 auditur,
442 2664 718 2720 sed'fortasse
742 2679 795 2720 ab
820 2679 1051 2731 impostore
1067 2678 1208 2731 aliquo
1224 2679 1436 2731 prolatum
1461 2683 1535 2720 aut
1556 2678 1611 2720 ab
1633 2679 1855 2731 ignorante
1877 2691 1975 2720 ver-

240 2748 392 2789 borum
415 2761 588 2790 sensum
612 2750 722 2791 male
745 2751 1022 2802 explicatum:
1055 2750 1113 2790 ibi
1135 2762 1236 2791 vero
1259 2751 1377 2791 testis
1400 2750 1490 2803 ipse
1512 2749 1706 2803 loquitur,
1738 2750 1809 2803 qui
1831 2762 1857 2790 a
1879 2748 1972 2803 Spi-

239 2819 321 2860 ritu
334 2820 523 2860 veritatis
545 2821 589 2860 in
613 2832 782 2862 omnem
798 2822 1022 2862 veritatem
1036 2821 1231 2862 inductus
1253 2832 1332 2861 nec
1355 2820 1440 2861 falli
1462 2824 1605 2873 potest
1625 2833 1704 2862 nec
1725 2820 1881 2871 fallere,
1904 2821 1974 2874 qui

240 2890 368 2930 etiam
390 2890 486 2931 viva
509 2902 613 2931 voce
636 2891 807 2940 docens,
830 2896 1016 2932 mentem
1039 2903 1161 2932 suam
1184 2891 1338 2932 clarius
1362 2891 1543 2944 explicat
1566 2896 1606 2932 et
1629 2891 1819 2935 certius.“

357 2961 400 3004 4.
424 2961 490 3002 Ad
510 2961 623 3001 hunc
647 2961 954 3014 dependentiae
977 2962 1183 3011 habitum,
1205 2962 1246 3003 vi
1268 2962 1388 3014 cujus
1412 2962 1643 3002 auctoritas
1666 2960 1908 3014 SCIipturae
1930 2962 1973 3003 in

241 3031 387 3072 ordine
411 3031 661 3083 cognitionis
686 3033 827 3084 quoad
849 3045 927 3074 nos
951 3036 1052 3086 (non
1076 3044 1178 3074 vero
1210 3033 1253 3073 in
1285 3033 1348 3089 se)
1380 3032 1537 3085 pendet
1559 3032 1613 3073 ab
1635 3032 1849 3074 Ecclesiae
1872 3045 1973 3074 auc-
