2175 3382
827 118 954 150 carent
971 116 1070 150 notis
1088 125 1195 150 verae
1216 115 1408 150 Ecclesiae.
1900 118 1986 161 339

249 235 315 277 vel
337 235 391 276 ad
406 234 474 275 illa
489 235 829 287 provocaverint,
848 234 1029 287 ideoque
1051 235 1179 275 tacite
1201 235 1352 275 saltem
1375 235 1453 275 illis
1476 237 1737 279 renunciant.
1780 234 1989 286 Quocirca

252 304 432 358 Spiritus
455 318 486 345 5.
509 305 752 356 praesentia
774 304 997 346 destitutos
1019 316 1064 345 se
1086 304 1336 357 profitentur
1359 306 1414 359 (n.
1443 308 1527 349 303
1542 307 1589 360 ⁴).

371 379 466 420 326.
492 375 779 416 Catlzolicitate
801 389 940 416 carere
962 379 1095 416 coetus
1111 377 1445 430 protestantium,
1480 380 1568 416 tum
1602 388 1652 417 ex
1676 377 1787 417 facto
1811 380 1990 424 constat,

249 451 339 488 tum
362 446 458 486 inde
481 446 681 499 sequitur,
705 445 817 499 quod
841 450 988 487 carent
1001 446 1162 487 unitate
1185 447 1241 501 (n.
1265 447 1380 502 324).
1405 444 1449 487 Si
1473 458 1576 487 vero
1600 447 1654 487 ad
1677 447 1869 499 rapidam
1887 458 1990 488 suae

253 517 473 558 doctrinae
511 516 862 569 propagationem
902 516 1124 568 appellent,
1158 521 1370 565 notamus,
1405 528 1492 557 non
1530 516 1764 569 quamlibet
1798 517 1990 569 rapidam

249 588 604 640 propagationem
636 591 932 639 argumentum
964 598 1057 627 esse
1089 587 1259 627 divinae
1298 587 1469 638 originis
1504 587 1734 633 doctrinae,
1769 593 1815 628 ut
1847 592 1989 628 osten-

251 659 389 699 dimus
410 671 449 698 n.
473 661 539 702 82.
583 656 781 698 Ceterum
804 669 952 698 eorum
975 658 1199 698 missiones
1232 662 1330 698 sunt
1362 669 1538 710 prorsus
1561 658 1737 706 steriles,
1769 659 1881 711 quod
1913 671 1988 710 pa-

250 729 352 770 riter
375 740 450 769 eos
472 728 559 768 vita
582 728 895 780 supernaturali
917 727 1140 769 destitutos
1163 740 1257 769 esse
1280 728 1419 780 arguit
1437 729 1480 784 1).

370 802 466 844 327.
498 798 688 850 Denique
729 802 869 838 carent
902 802 1034 839 coetus
1060 799 1380 852 protestantium
1416 798 1715 852 apostolicitate
1748 804 1789 840 et
1821 801 1990 853 quidem

255 871 296 913 1.
321 870 347 911 d
359 882 384 910 o
397 882 419 910 c
432 870 540 910 trin
552 881 577 909 a
589 880 622 910 e.
658 868 862 909 Fatentur
876 869 988 909 enim
1003 881 1125 909 suam
1141 869 1383 910 doctrinam
1407 869 1630 910 dissentire
1653 869 1708 910 ab
1731 870 1992 923 antiquitatis

254 941 459 988 doctrina,
482 939 634 980 saltem
658 939 711 979 ab
735 951 798 988 ea,
821 952 931 992 quae
945 940 1183 992 praevaluit
1204 945 1247 981 et
1270 940 1513 980 communis
1528 940 1604 981 fuit
1617 941 1724 981 inter
1739 941 1992 984 christianos

251 1010 339 1052 fere
361 1022 509 1051 omnes
532 1023 558 1051 a
580 1022 661 1053 sec,
678 1010 761 1050 XII.
784 1022 918 1063 usque
942 1010 994 1051 ad
1009 1010 1136 1059 XVI.;
1160 1015 1307 1051 carent
1328 1022 1427 1062 ergo
1444 1012 1723 1053 continuitate
1745 1017 1787 1053 et
1809 1025 1991 1054 consan-

252 1081 481 1133 guineitate
504 1081 726 1122 doctrinae
749 1094 846 1122 cum
868 1081 1055 1123 Ecclesia
1079 1082 1323 1123 seculorum
1346 1082 1701 1134 praecedentium,
1732 1096 1871 1136 neque
1893 1096 1992 1125 cen·

251 1153 335 1193 seri
366 1157 544 1204 possunt
575 1153 759 1203 genuina
790 1165 979 1205 propago
1011 1165 1140 1194 verae
1173 1152 1397 1194 Ecclesiae.
1444 1152 1675 1195 Praeterea
1705 1160 1991 1207 protestantes

252 1228 395 1264 tenent
419 1223 540 1276 plura
554 1222 774 1264 doctrinae
789 1224 941 1276 capita,
965 1236 1075 1276 quae
1090 1223 1404 1276 profitebantur
1419 1225 1579 1277 antiqui
1592 1225 1795 1267 haeretici
1808 1242 1817 1275 3
1839 1227 1991 1279 quibus

253 1294 474 1335 recensitis
495 1295 556 1335 sic
580 1294 792 1335 concludit
815 1294 1186 1335 Bellarminus
1210 1294 1261 1335 de
1285 1307 1403 1336 conc.
1419 1300 1459 1336 et
1473 1295 1580 1336 Eccl.
1594 1295 1722 1344 IV,9:
1752 1296 1991 1347 ,Habemus

252 1365 460 1406 hactenus
476 1369 532 1409 20
553 1365 953 1407 haeresiarcharum
975 1366 1188 1415 haereses,
1213 1377 1323 1419 quae
1345 1366 1577 1407 damnatae
1600 1371 1698 1407 sunt
1720 1367 1774 1408 ab
1790 1367 1989 1416 Ecclesia,

253 1448 362 1488 quae
377 1436 452 1478 fuit
465 1437 612 1489 primis
629 1440 713 1482 700
728 1438 870 1478 annis:
895 1449 1001 1490 quas
1015 1437 1217 1478 haereses
1232 1450 1329 1478 cum
1352 1450 1431 1478 nos
1452 1450 1529 1490 pro
1552 1438 1813 1487 haeresibus,
1836 1439 1988 1480 adver-

253 1507 353 1547 sarii
374 1509 509 1548 nostri
530 1519 607 1560 pro
632 1507 818 1548 articulis
841 1507 938 1548 fidei
960 1507 1159 1554 habeant,
1183 1508 1384 1560 sequitur,
1408 1512 1602 1549 nostram
1626 1508 1863 1549 doctrinam
1886 1521 1988 1550 con-

253 1579 415 1630 spirare
438 1590 535 1619 cum
551 1578 744 1619 doctrina
761 1579 961 1631 antiquae
976 1578 1210 1621 Ecclesiae:
1234 1578 1578 1619 adversariorum
1601 1584 1744 1620 autem
1767 1591 1862 1620 cum
1885 1580 1989 1621 hae-

252 1649 418 1690 resibus
441 1650 625 1702 antiquis
642 1650 687 1700 2).

372 1722 413 1764 2.
436 1719 593 1761 Carent
605 1720 912 1761 reformatores
927 1720 1240 1772 apostolicitate
1262 1721 1584 1769 ministerii,
1606 1722 1705 1774 quia
1727 1727 1874 1763 carent
1895 1735 1990 1763 au-

255 1791 469 1831 thentic
482 1803 507 1831 a
528 1792 751 1832 missione:
775 1792 845 1844 qui
867 1791 1055 1833 defectus
1070 1792 1302 1833 admodum
1317 1791 1465 1833 efficax
1479 1793 1656 1845 praebet
1677 1793 1881 1836 adversus
1904 1807 1989 1845 eos,

255 1862 341 1902 imo
365 1861 569 1903 adversus
583 1863 824 1904 haereticos
842 1874 1002 1912 omnes,
1026 1868 1345 1916 argumentum,
1371 1875 1503 1916 quare
1524 1864 1625 1905 illud
1647 1865 1838 1906 nonnihil
1859 1866 1990 1908 fusius

255 1932 536 1974 evolvendum
559 1945 652 1974 esse
676 1945 910 1974 censemus.
954 1933 1060 1974 Cum
1090 1947 1120 1976 s.
1143 1934 1300 1975 Paulus
1331 1939 1420 1975 tam
1452 1935 1562 1975 serio
1594 1936 1860 1988 graviterque
1891 1950 1990 1989 pro-

256 2005 429 2045 nunciet
451 2001 541 2046 Gal.
569 2009 603 2052 1,
626 2008 673 2048 8:
709 2003 823 2046 Licet
844 2019 918 2045 vos
941 2009 1015 2045 aut
1036 2005 1207 2059 anqelus
1229 2005 1277 2045 cle
1300 2006 1405 2046 coelo
1427 2006 1673 2060 etssatzqelieet
1694 2006 1806 2047 vobis
1822 2013 1991 2061 praeter

256 2087 381 2128 quam
396 2076 505 2130 quod
519 2076 891 2127 evanqelizavimus
906 2075 1030 2129 vobis,
1053 2075 1275 2117 anathema
1291 2077 1353 2117 sit.
1377 2077 1493 2118 Sicut
1510 2078 1804 2131 praediximus
1825 2084 1861 2119 et
1885 2093 1992 2120 mmc

260 2145 403 2186 iterum
427 2146 539 2186 dico:
565 2146 610 2187 Si
632 2147 724 2201 quis
745 2146 855 2187 vobis
869 2146 1211 2200 ecanqelieaverit
1228 2151 1401 2201 praeter
1423 2148 1478 2200 id,
1503 2148 1611 2202 quod
1633 2150 1861 2203 accepistis,
1883 2164 1990 2191 ana-

255 2215 390 2256 thema
421 2218 497 2267 sat,-
529 2218 613 2258 imo
649 2230 746 2258 cum
770 2216 961 2259 Christus
991 2220 1081 2270 ipse
1108 2218 1353 2259 solemniter
1376 2218 1555 2259 affirmet
1577 2218 1722 2262 Matth.
1749 2222 1813 2268 18,
1841 2225 1912 2265 17:
1948 2222 1993 2262 Sz·

256 2285 466 2328 Eccesiam
488 2301 570 2328 non
592 2288 786 2342 audierit,
809 2290 861 2329 sit
884 2290 957 2329 tibi
979 2290 1085 2329 sicut
1107 2289 1288 2330 ethnicas
1312 2294 1347 2329 et
1365 2289 1640 2343 publicanus:
1663 2291 1814 2332 merito
1837 2291 1992 2342 fideles,

257 2357 592 2411 quotiescunque
615 2359 707 2411 quis
730 2359 871 2408 aliam,
893 2371 1022 2412 quam
1045 2359 1099 2400 ab
1114 2359 1329 2400 Ecclesiae
1351 2359 1594 2412 pastoribus
1617 2362 1868 2414 acceperint,
1891 2363 1991 2404 doc-

256 2428 412 2469 trinam
435 2429 678 2477 annunciat,
712 2431 878 2470 etiamsi
900 2430 989 2482 ipse
1021 2442 1066 2470 se
1098 2430 1298 2471 divinitus
1321 2431 1509 2479 missum,
1540 2430 1877 2483 reformatorem,
1899 2436 1992 2487 puri

258 2499 464 2551 evangelii
486 2511 744 2552 praeconem
762 2500 907 2552 Jactet,
929 2500 1146 2552 postulare
1169 2506 1357 2553 possunt,
1389 2506 1435 2541 ut
1457 2502 1697 2543 authentice
1718 2504 1871 2555 probet
1892 2506 1992 2546 mis-

260 2570 423 2612 sionem
437 2583 572 2612 suam.
601 2570 748 2624 Neque
771 2572 883 2612 enim
904 2572 1013 2613 ullus
1035 2584 1110 2613 rex
1133 2573 1306 2614 alterius
1328 2574 1437 2626 regis
1450 2573 1634 2626 legatum
1648 2575 1833 2626 recipiet,
1855 2564 1936 2616 nisi
1957 2576 1991 2616 is

258 2640 457 2694 legationi
479 2654 583 2683 suae
605 2642 778 2683 redditis
800 2642 931 2683 literis
952 2642 1078 2684 fidem
1099 2643 1229 2684 faciat
1251 2644 1306 2699 (n.
1330 2647 1417 2689 314
1433 2645 1479 2700 2),
1502 2656 1640 2698 neque
1661 2645 1770 2686 ullus
1791 2646 1834 2686 in
1856 2647 1990 2688 socie-

258 2715 347 2752 tate
369 2712 479 2752 civili
502 2717 642 2764 potest
663 2712 895 2754 reformare
929 2725 1006 2765 pro
1032 2713 1166 2754 lubitu
1189 2714 1414 2764 civitatem,
1445 2715 1526 2756 nisi
1557 2728 1582 2756 a
1614 2728 1712 2768 rege
1744 2717 1797 2757 sit
1827 2717 1990 2758 missus.

266 2781 346 2832 Qui
360 2782 473 2823 enim
488 2796 569 2823 non
583 2785 716 2824 intrat
726 2798 804 2838 per
820 2788 967 2826 ostiam
992 2785 1033 2824 in
1057 2786 1157 2825 ovile
1171 2787 1320 2837 ovium,
1342 2786 1411 2826 secl
1428 2787 1611 2828 ascendit
1627 2787 1809 2841 aliunde,
1833 2787 1897 2828 ille
1917 2789 1992 2842 fur

260 2856 318 2892 est
339 2857 376 2892 et
396 2853 516 2896 latro.
539 2855 674 2907 inquit
697 2853 887 2896 Christus
909 2854 971 2899 JO.
999 2860 1062 2904 10,
1090 2861 1108 2899 1
1135 2856 1201 2911 (cf.
1224 2856 1588 2898 Innocentius
1610 2858 1669 2901 tit.
1696 2861 1747 2902 13
1770 2857 1879 2909 Mig.
1895 2860 1991 2907 216,

406 2973 430 3010 ¹)
449 2969 527 3011 Qua
545 2971 590 3005 de
607 2980 645 3005 re
663 2972 755 3005 bene
775 2972 921 3006 disserit
939 2972 1150 3007 Perrone
1169 2974 1195 3007 t.
1220 2978 1230 3007 l
1255 2986 1290 3018 p.
1309 2977 1330 3008 2
1348 2985 1451 3018 prop.
1475 2977 1516 3008 ]Ο
1534 2986 1568 3008 n.
1588 2977 1649 3009 812
1669 2985 1699 3010 a.

407 3024 432 3067 2)
451 3024 503 3058 Cf.
522 3035 672 3059 aureum
689 3026 712 3060 l.
734 3026 837 3061 Edm.
856 3025 961 3060 Cam
973 3039 996 3071 p
1008 3026 1019 3059 i
1032 3027 1130 3061 ani:
1156 3026 1293 3061 Decem
1318 3028 1488 3069 rationes,
1513 3028 1646 3072 quibus
1674 3028 1788 3061 fretus
1807 3030 1991 3061 certamen

261 3077 479 3121 anglicanae
496 3077 669 3112 ecclesiae
687 3079 865 3113 ministris
883 3079 1021 3113 obtulit
1038 3080 1077 3113 in
1095 3091 1202 3114 causa
1219 3081 1314 3116 fidei,
1332 3081 1469 3116 Romae
1490 3084 1589 3117 1582.

1711 3142 1769 3172 22·
