2175 3382
551 120 678 154 'l'hesis
695 120 802 155 XLV.
822 120 978 162 Quinam
998 122 1071 155 sint
1089 121 1271 156 Ecclesiae
1291 124 1465 158 membra.
1785 131 1868 173 261

255 241 352 283 233.
374 239 544 282 Thesis
568 238 711 283 XLV.
746 254 1043 288 Praestitntis
1069 256 1410 290 conditionibus
1428 259 1478 289 ut
1497 258 1599 298 quis
1616 267 1709 293 esse
1723 261 1868 302 possit

134 313 394 347 membrum
425 312 665 354 Ecclesiae,
699 315 858 354 sponte
892 322 982 347 sua
1017 316 1325 357 consequetur,
1360 315 1583 357 infideles,
1616 317 1869 353 haereticos

134 375 175 406 et
201 373 515 407 schismaticos
534 374 765 414 formales
791 373 1069 414 simpliciter
1094 382 1186 408 esse
1212 376 1350 408 eaetra
1375 374 1644 410 Ecclesiam.

254 441 546 484 Declaratio.
583 443 751 481 Nomine
773 442 1012 481 infidelis
1033 454 1112 481 non
1127 445 1254 481 solum
1269 444 1530 493 intelligimus
1546 459 1646 492 eum,
1671 449 1739 496 qui
1753 449 1868 486 fidem

136 503 212 540 sibi
235 502 476 540 sufficienter
497 502 740 551 propositam
760 502 929 552 positive
951 502 1114 551 respuit,
1139 504 1286 551 quique
1308 503 1394 540 ideo
1417 503 1585 542 infidelis
1606 507 1868 554 positivus

135 561 290 606 dicitur,
315 561 382 599 sed
405 562 524 599 etiam
546 574 647 603 eum,
685 561 753 609 qui
774 561 850 598 fide
872 561 957 598 ideo
980 564 1095 607 caret,
1119 562 1224 610 quod
1245 574 1358 599 nemo
1380 562 1459 610 ipsi
1489 575 1573 600 eam
1604 566 1867 612 annunciavit,

135 620 204 669 qm‘
226 619 398 658 infidelis
420 620 704 669 negativus
726 622 897 657 vocatur.
921 643 978 647 —
1001 620 1309 658 Haereticus
1330 621 1364 657 is
1386 623 1457 666 est,
1481 622 1550 669 qui
1571 622 1761 661 haeresim
1777 638 1866 673 pro-

134 679 290 716 fitetur:
315 679 484 716 haeresis
505 680 640 716 autem
662 678 819 716 nomine
841 679 1083 728 intelligitur
1103 679 1283 728 pertinax
1307 692 1415 717 error
1436 680 1477 716 in
1500 680 1584 726 fide,
1616 693 1684 719 seu
1706 685 1752 720 ut
1773 696 1868 731 pau-

134 739 217 776 lum
248 738 410 775 uberius
442 750 526 775 eam
558 738 744 775 describit
764 738 1010 775 Polmann
1040 738 1081 775 in
1115 751 1184 776 suo
1207 738 1408 776 Breviario
1438 739 1656 789 theologico
1678 740 1866 793 (Viennae

139 795 266 847 1752)
288 810 375 846 pag.
400 803 504 837 204:
537 797 746 841 „Hominis
778 797 1112 834 christianismum
1145 797 1367 846 profitentis
1398 810 1559 835 erronea
1590 800 1751 837 assertio
1782 813 1869 849 per-

134 856 242 893 tinax
265 859 400 893 contra
420 855 582 908 aliquod
606 856 746 905 dogma
767 855 867 893 fidei.
911 856 1366 894 Christianismum
1397 856 1630 905 profitentis,
1662 862 1709 895 ut
1739 860 1868 897 exclu-

136 915 252 952 datur
265 927 373 952 error
386 915 507 958 illius,
531 914 599 963 qui
615 927 684 963 per
698 915 931 963 apostasiam
945 915 1089 952 deserit
1104 915 1446 961 christianismum,
1471 919 1510 952 et
1521 916 1751 955 includatur
1763 930 1871 955 error

134 984 214 1011 non
235 974 347 1011 modo
379 973 580 1021 baptizati,
615 974 680 1011 sed
712 974 832 1011 etiam
862 974 1132 1012 catechumeni
1163 976 1202 1012 et
1232 974 1341 1011 illius
1373 974 1440 1023 qui
1470 987 1515 1011 ex
1545 975 1771 1025 paganismo
1802 979 1870 1014 aut

130 1032 329 1081 judaismo
363 1032 589 1070 immediate
623 1032 768 1070 transit
799 1033 846 1069 ad
878 1033 1093 1070 haereticos
1116 1062 1124 1069 .
1149 1062 1155 1069 .
1180 1064 1186 1070 .
1209 1033 1444 1079 Erronea,
1485 1034 1577 1081 quia
1611 1035 1779 1073 haeresis
1810 1038 1869 1073 est

134 1102 242 1129 error
262 1091 306 1128 in
327 1092 422 1137 fide;
444 1104 494 1129 as
508 1104 525 1128 s
540 1092 688 1138 ertio,
725 1092 817 1140 quia
837 1092 1002 1138 furtum,
1025 1092 1231 1130 fornicatio
1255 1092 1433 1129 simileve
1456 1092 1603 1130 factum
1625 1096 1759 1131 contra
1780 1094 1869 1132 fidei

132 1150 341 1188 veritatem
361 1163 441 1187 non
462 1153 522 1188 est
544 1151 725 1197 haeresis,
748 1151 826 1188 nisi
848 1150 938 1199 quis
960 1154 1109 1189 asserat
1130 1152 1198 1188 illa
1218 1164 1297 1189 non
1319 1163 1402 1188 esse
1423 1154 1601 1199 peccata3
1626 1165 1649 1201 p
1663 1153 1869 1190 ertinax

133 1213 172 1246 et
194 1209 402 1255 obstinata,
434 1223 526 1246 nam
547 1210 579 1247 si
602 1210 653 1247 sit
674 1210 921 1259 praeparatio
943 1210 1062 1247 animi
1093 1211 1140 1247 ad
1172 1210 1401 1247 mutandam
1436 1211 1675 1248 sententiam
1708 1224 1869 1260 eamque

134 1268 417 1317 subjiciendam
424 1268 573 1317 judicio
589 1269 792 1315 Ecclesiae,
808 1281 887 1306 non
908 1269 984 1306 erit
1005 1269 1196 1314 haeresis3
1220 1271 1355 1307 contra
1376 1268 1536 1317 aliquod
1559 1269 1735 1320 dogma
1756 1271 1867 1308 fidei:

132 1340 221 1364 nam
244 1338 352 1364 error
373 1327 415 1364 in
435 1328 511 1364 alia
532 1328 696 1365 materia
718 1340 836 1375 quam
858 1328 946 1365 fidei
968 1341 1048 1366 non
1069 1330 1131 1366 est
1152 1328 1343 1366 haeresis:
1367 1330 1407 1365 et-
1429 1329 1462 1365 si
1476 1328 1576 1366 foret
1591 1332 1727 1366 contra
1741 1330 1869 1367 omnia

133 1386 326 1436 dogmata,
360 1389 465 1424 esset
496 1387 730 1435 apostasia«
753 1409 811 1414 ω-
834 1387 1167 1425 Schismatici
1198 1387 1413 1425 secundum
1445 1399 1474 1424 s.
1506 1387 1736 1425 Thomam
1771 1395 1807 1428 2.
1833 1395 1868 1428 2.

133 1458 169 1494 q.
196 1452 247 1486 39
272 1458 304 1482 a.
326 1446 351 1490 l,
376 1446 559 1494 „proprie
582 1445 781 1491 dicuntur,
821 1446 891 1494 qui
912 1446 1070 1495 propria
1092 1449 1231 1495 sponte
1253 1450 1293 1484 et
1312 1446 1532 1484 intentione
1563 1459 1604 1484 se
1635 1447 1683 1484 ab
1713 1448 1868 1485 unitate

132 1504 326 1542 Ecclesiae
349 1507 541 1554 separant,
574 1517 674 1553 quae
696 1507 755 1542 est
776 1505 908 1542 unitas
930 1505 1169 1554 principalis.
1193 1537 1200 1544 .
1226 1534 1232 1541 .
1257 1534 1263 1541 .
1286 1505 1482 1543 Ecclesiae
1503 1508 1634 1543 autem
1665 1507 1796 1543 unitas
1828 1506 1869 1543 in

133 1563 287 1601 duobus
309 1563 543 1608 attenditur,
566 1564 647 1601 scil.
670 1564 711 1600 in
734 1565 969 1601 connexione
1001 1565 1265 1601 membrorum
1296 1564 1490 1601 Ecclesiae
1521 1564 1570 1601 ad
1600 1564 1769 1602 invicem
1801 1577 1869 1602 seu

133 1622 484 1660 communicatione
506 1625 547 1660 et
568 1623 714 1660 iterum
735 1623 777 1659 in
799 1623 934 1660 ordine
965 1623 1138 1660 omnium
1162 1623 1426 1661 membrorum
1450 1623 1643 1660 Ecclesiae
1676 1624 1722 1661 ad
1745 1637 1868 1661 unum

133 1683 250 1730 caput
271 1711 278 1718 .
303 1711 310 1718 .
337 1681 448 1720 ,Hoc
469 1683 601 1719 autem
634 1684 751 1730 caput
785 1684 846 1719 est
877 1682 962 1730 ipse
985 1682 1173 1729 Christus,
1206 1682 1318 1730 cujus
1350 1681 1473 1719 vicem
1505 1682 1547 1718 in
1568 1682 1738 1720 Ecclesia
1767 1683 1869 1732 gerit

135 1752 311 1778 summus
332 1740 520 1790 pontifex.
562 1741 612 1778 Et
633 1741 719 1778 ideo
743 1740 982 1778 schismatici
1005 1741 1204 1786 dicuntur,
1229 1741 1298 1789 qui
1320 1741 1479 1778 subesse
1509 1743 1686 1778 renuunt
1716 1753 1869 1779 summo

132 1799 319 1847 pontifici,
346 1801 387 1836 et
406 1800 476 1848 qui
498 1800 684 1837 membris
698 1800 889 1837 Ecclesiae
907 1800 942 1837 ei
956 1800 1141 1849 subjectis
1155 1800 1438 1837 communicare
1452 1802 1645 1840 recusant.
1658 1805 1676 1824 ¹
1709 1801 1868 1838 Utrum-

134 1870 210 1906 que
232 1858 450 1896 schismatis
471 1870 604 1896 casum
628 1859 846 1896 accuratius
873 1858 1110 1896 determinat
1133 1859 1190 1897 Ca
1195 1859 1210 1907 j
1225 1861 1411 1896 etanus
1432 1858 1474 1895 in
1497 1860 1773 1897 commentario
1802 1860 1868 1896 ad-

129 1918 243 1966 jecto.
288 1917 375 1954 Scil.
398 1930 477 1955 non
499 1918 699 1965 quaelibet
719 1917 984 1955 inobedientia
1007 1918 1214 1955 constituit
1236 1918 1412 1963 schisma,
1437 1917 1543 1962 „nisi
1565 1918 1619 1955 sit
1639 1918 1800 1956 rebellio
1822 1919 1870 1955 ad

133 1975 304 2014 officium
325 1989 448 2025 papae
470 1976 533 2013 vel
547 1976 740 2014 Ecclesiae
762 1977 830 2021 ita,
853 1979 900 2014 ut
922 1979 1092 2014 renuant
1113 1977 1176 2013 illi
1200 1977 1370 2022 subesse,
1392 1976 1508 2013 illum
1529 1989 1803 2027 recognoscere
1824 1979 1870 2014 ut

133 2035 412 2084 superiorem<
456 2035 567 2080 Quod
588 2048 678 2073 vero
700 2036 867 2073 alterum
892 2048 1022 2073 casum
1057 2036 1214 2085 attinet,
1248 2035 1409 2073 statuit:
1444 2035 1529 2080 »EX
1561 2048 1605 2073 eo
1636 2036 1779 2084 aliquis
1811 2039 1871 2073 est

134 2094 415 2139 schismaticus,
451 2094 557 2142 quod
589 2095 723 2132 renuit
753 2097 799 2131 ut
829 2107 918 2143 pars
941 2095 1135 2132 Ecclesiae
1169 2095 1331 2144 operari,
1345 2100 1361 2118 «
1397 2094 1558 2143 proinde
1592 2095 1748 2143 quando
1782 2095 1870 2132 vult

131 2165 291 2201 prorsus
312 2153 374 2191 sui
389 2153 493 2202 juris
514 2165 598 2191 esse
622 2156 661 2191 et
683 2154 731 2190 ab
754 2154 841 2191 aliis
864 2154 1021 2192 omnino
1044 2153 1325 2202 independens.
1366 2153 1507 2190 Prouti
1528 2157 1660 2191 autem
1682 2154 1771 2202 quis
1798 2153 1869 2191 sci·

133 2213 244 2249 enter
265 2212 380 2249 fidem
402 2212 561 2260 iespuit‚
585 2212 776 2250 haeresim
799 2213 1018 2261 profitetur,
1053 2213 1222 2250 schisma
1252 2213 1358 2250 fovet
1390 2214 1459 2249 aut
1480 2224 1525 2249 ex
1557 2212 1780 2262 ignorantia
1809 2212 1870 2250 in-

133 2270 313 2308 vincibili
333 2271 397 2309 vel
419 2271 559 2308 saltem
581 2271 807 2317 excusabili,
831 2272 977 2309 dicitur
999 2272 1279 2317 schismaticus,
1314 2271 1543 2317 haereticus,
1575 2271 1744 2309 infidelis
1773 2271 1793 2308 f
1800 2284 1821 2309 o
1832 2284 1870 2308 r-

133 2330 281 2366 malis
303 2331 373 2367 aut
393 2330 659 2368 materiali
675 2342 703 2367 s.
728 2331 909 2368 Ceterum
930 2330 1087 2369 nomine
1109 2330 1294 2368 haeretici
1316 2333 1387 2368 etc.
1410 2330 1668 2368 communiter
1690 2331 1791 2368 solet
1811 2331 1871 2367 in-

132 2388 260 2438 telligi
281 2388 466 2426 sol-malis.
509 2389 610 2426 Nam
642 2391 689 2426 ut
721 2389 831 2427 docet
851 2391 1065 2438 praeeunte
1086 2389 1388 2439 Augustino
1408 2386 1438 2441 1)
1462 2389 1485 2425 S
1498 2401 1524 2426 u
1537 2402 1648 2427 arez
1670 2390 1716 2427 de
1737 2389 1813 2427 fide
1835 2390 1870 2430 d.

138 2453 247 2487 lav.
272 2453 294 2487 3
317 2460 356 2484 n.
384 2455 428 2487 l:
462 2447 650 2492 „Certum
681 2450 740 2485 est
770 2448 816 2486 de
849 2449 1000 2486 ratione
1032 2449 1200 2486 haeresis
1235 2460 1330 2494 esse,
1363 2449 1410 2485 ut
1439 2447 1661 2486 voluntarie
1691 2448 1770 2486 fiat.
1811 2449 1872 2486 Ita

137 2506 278 2543 docent
300 2518 433 2544 omnes
455 2507 639 2556 theologi,
664 2506 700 2543 d.
723 2506 889 2544 Thomas
915 2513 950 2547 2.
977 2514 1011 2547 2.
1035 2520 1069 2555 q.
1098 2515 1143 2547 11
1171 2521 1202 2547 a.
1229 2513 1274 2552 23
1306 2515 1335 2546 l.
1357 2520 1394 2555 p.
1417 2519 1452 2555 q.
1478 2512 1529 2546 32
1554 2520 1585 2545 a.
1611 2514 1634 2547 4
1659 2509 1699 2545 et
1727 2508 1870 2556 reliqui

134 2565 354 2603 scholastici
375 2568 414 2602 et
435 2568 565 2614 patres
587 2565 752 2614 aliqui.«

254 2634 353 2677 234.
374 2633 736 2677 Demonstratio
766 2646 811 2688 p.
843 2633 884 2675 I.
917 2632 1029 2673 Inter
1058 2633 1252 2675 membra
1283 2634 1474 2686 corporis
1508 2633 1733 2683 Ecclesiae,
1766 2645 1870 2686 qua-

132 2707 256 2743 tenus
279 2707 343 2744 est
363 2707 511 2744 coetus
533 2702 719 2744 fidelium
741 2702 927 2752 visibilis,
949 2702 1095 2744 referri
1118 2703 1276 2746 debent

282 2822 304 2859 ¹)
322 2818 390 2863 Ep.
407 2822 452 2854 43
471 2819 517 2854 al.
539 2822 606 2854 162
619 2832 654 2856 n.
676 2823 692 2853 1
707 2834 713 2854 z
735 2818 829 2861 „Qui
848 2820 1069 2855 sententiam
1087 2831 1191 2854 suam
1209 2821 1376 2864 quamvis
1391 2820 1524 2854 falsam
1539 2821 1650 2864 atque
1664 2829 1871 2864 perversam

133 2868 240 2904 nulla
255 2872 436 2915 pertinaci
455 2872 690 2907 animositate
709 2872 924 2912 defendunt,
942 2874 1160 2918 praesertim
1179 2885 1290 2917 quam
1308 2884 1383 2908 non
1400 2874 1552 2908 audacia
1566 2872 1869 2918 praesumptionis

133 2934 219 2958 suae
236 2926 489 2969 perpererunt,
509 2925 574 2959 sed
593 2937 614 2960 a
631 2926 790 2960 seductis
807 2925 847 2959 in
865 2935 1024 2960 errorem
1048 2926 1162 2971 lapsis
1189 2928 1404 2971 parentibus
1431 2929 1661 2972 acceperunt,
1689 2927 1869 2970 quaerunt

133 2976 258 3010 autem
275 2978 385 3010 cauta
404 2977 656 3011 sollicitudine
674 2979 882 3019 veritatem,
914 2978 1050 3023 corrigi
1075 2979 1198 3023 parati
1223 2991 1307 3014 cum
1331 2979 1552 3022 invenerint,
1580 2992 1603 3014 n
1615 2980 1661 3013 ul
1674 2978 1743 3012 lat
1755 2989 1773 3012 e
1785 2990 1842 3012 nu
1854 2990 1868 3011 s

135 3033 224 3064 sunt
240 3030 340 3064 inter
357 3030 562 3065 haereticos
580 3031 815 3076 deputandi.‘
855 3030 908 3065 Cf.
940 3031 984 3065 de
1001 3032 1146 3066 unitate
1163 3033 1258 3068 Eccl.
1278 3044 1306 3068 c.
1326 3036 1370 3069 25
1389 3046 1424 3067 n.
1444 3035 1508 3068 73:
1541 3033 1584 3067 de
1602 3032 1786 3077 baptismo
1806 3030 1829 3063 l.
1851 3033 1865 3062 1

133 3094 171 3119 n.
189 3087 227 3116 5:
248 3083 269 3118 l.
289 3087 357 3117 40.
380 3085 422 3118 16
438 3095 474 3118 n.
495 3086 550 3118 23.
