2175 3382
715 93 890 137 Exceptio
909 94 1081 129 adversus
1099 93 1277 129 miracula
1295 96 1439 132 Christi.
1883 105 1938 146 69

205 229 297 254 vum
321 215 464 253 Christi
487 227 603 263 supra
638 227 678 252 se
709 215 908 252 ambulare
939 216 1172 264 cupientem,
1206 220 1252 254 ut
1282 218 1566 256 demonstraret
1597 223 1787 268 quantum
1817 222 1937 260 inter-

205 277 306 312 esset
334 274 438 312 inter
458 276 676 311 creaturam
697 277 737 311 et
759 274 988 319 Creatorem,
1020 275 1129 311 labili
1159 276 1264 312 unda
1285 277 1443 314 Petrum
1467 278 1738 322 absorbuisset,
1762 280 1840 317 nisi
1863 281 1936 318 Do-

204 333 336 370 minus
358 346 489 370 rerum
524 333 718 382 mergenti
742 333 855 370 Petro
888 346 1046 370 manum
1076 334 1322 382 porrexisset.
1363 336 1501 373 Nonne
1534 339 1638 374 terra
1669 338 1934 376 testimouium

206 392 319 438 dixit,
343 392 499 440 quando
522 392 606 440 ejus
627 403 833 440 conspersa
855 392 977 428 saliva
1009 404 1054 428 ex
1085 405 1130 429 ea
1160 393 1260 430 coeci
1290 394 1374 430 nati
1405 395 1535 432 oculos
1566 395 1771 445 inungens,
1803 398 1937 436 lumen

205 462 283 488 non
304 450 457 488 videnti
479 450 669 496 restituit,
692 453 732 487 et
752 449 897 487 fabrica
917 451 1021 499 quod
1043 451 1172 488 miuus
1196 451 1344 497 habuit,
1380 465 1423 489 cx
1446 453 1538 490 limo
1560 456 1687 490 terrae
1709 456 1845 492 artifex
1875 469 1935 494 re-

167 544 171 547 .
204 510 365 558 paravit,
401 510 470 558 qui
491 511 620 546 totum
642 509 837 546 hominem
870 509 916 546 de
947 512 1055 547 terra
1086 512 1175 547 ante
1206 511 1416 548 formavit?
1448 512 1585 549 Nonne
1616 513 1765 550 inferna
1786 515 1935 553 Christo

203 568 472 606 testimonium
493 567 792 617 perhibuerunt,
826 568 980 616 quando
999 569 1088 616 jure
1121 581 1190 606 suo
1225 570 1378 618 perdito
1412 570 1611 616 Lazarum,
1647 584 1762 619 quem
1797 573 1935 610 dissol-

204 627 375 665 vendum
396 628 635 675 acceperant,
659 626 862 676 integrum
883 639 954 675 per
975 628 1234 675 quatriduum
1255 633 1516 674 reservarunt,
1540 632 1587 666 ut
1609 630 1839 668 incolumem
1854 633 1936 669 red-

205 687 350 731 derent,
374 698 461 723 cum
484 698 615 723 vocem
638 685 793 723 Domini
817 686 878 723 sui
894 686 1072 734 jubentis
1095 687 1304 724 audirent?
1337 687 1438 731 Quid
1460 688 1502 724 in
1523 688 1608 737 ipsa
1629 689 1713 737 ejus
1735 690 1908 737 passione
1920 694 1936 727 ‘x’

205 756 333 782 nonne
356 746 491 782 contra
511 746 683 782 vestram
706 744 990 793 impudentiam
1013 745 1258 794 ferocemque
1280 746 1490 783 amentiam
1504 747 1627 795 ipsam
1643 748 1810 795 quodam
1825 749 1936 786 modo

204 804 402 852 publicam
424 804 550 840 lucem
573 805 716 840 testem
738 803 894 841 citabo?
928 804 1036 841 Sicut
1056 805 1267 853 putabatis,
1299 805 1412 842 homo
1434 807 1591 843 tantum
1622 820 1643 842 a
1674 807 1784 843 vobis
1815 808 1935 844 inter-

203 862 407 900 ficiebatur
430 863 628 900 Christus:
651 862 757 910 quod
779 864 819 899 et
840 863 871 899 si
894 865 1049 900 tantum
1072 867 1186 908 esset,
1210 864 1319 901 vobis
1339 877 1496 913 parcere
1519 864 1718 909 debuistis,
1743 868 1788 902 ut
1801 879 1937 904 manus

203 924 354 959 vestras
377 922 524 958 alienas
546 921 761 958 redderetis
784 935 805 958 a
827 922 1016 971 sanguine
1038 922 1267 959 innocentis.
1310 922 1414 967 Quae
1436 923 1602 960 coecitas
1624 923 1755 961 infusa
1776 928 1832 961 est
1854 937 1935 962 cor—

203 981 320 1018 dibus
341 981 497 1026 vestris,
530 982 576 1017 ut
597 992 668 1018 nec
690 980 759 1017 illa
781 993 849 1017 vos
871 982 982 1018 tanta
1017 981 1232 1018 deterreret
1263 981 1389 1018 medio
1422 982 1482 1019 die
1514 982 1606 1019 solis
1638 983 1866 1029 obscuritas,
1899 987 1937 1021 et

202 1040 305 1077 inter
326 1040 411 1088 ejus
433 1039 560 1077 radios
582 1040 708 1076 claros
732 1041 935 1088 amputata
956 1040 1048 1077 lux?
1085 1040 1167 1077 Nox
1190 1041 1390 1078 recondita
1411 1041 1453 1077 in
1475 1041 1586 1084 diem,
1611 1041 1688 1078 imo
1719 1054 1793 1079 nox
1824 1055 1936 1079 usur-

201 1099 310 1147 pavit
333 1099 447 1143 diem,
470 1110 541 1135 nec
563 1110 724 1135 cursum
746 1099 808 1135 sui
831 1098 979 1136 ordinis
1001 1101 1142 1136 natura
1165 1099 1355 1136 servavit:
1381 1100 1447 1137 sed
1470 1100 1752 1137 obtenebratur
1773 1101 1934 1146 coelum,

200 1159 312 1207 luget
333 1160 448 1203 terra,
472 1158 605 1195 velum
626 1157 765 1206 templi
786 1158 1065 1202 conscinditur,
1097 1160 1229 1206 petrae
1252 1158 1500 1204 scinduntur,
1532 1159 1683 1196 inferna
1703 1162 1935 1206 reserantur,

201 1217 325 1254 omnis
358 1229 480 1265 paene
515 1218 692 1253 creatura
735 1217 955 1265 expavescit
985 1219 1150 1254 mortem
1184 1217 1337 1254 Christi.
1379 1218 1459 1254 Nec
1488 1219 1620 1254 tamen
1650 1218 1691 1254 in
1722 1218 1784 1255 his
1815 1219 1936 1256 tantis

200 1275 325 1325 apert-i
347 1278 441 1313 sunt
463 1275 565 1312 oculi
588 1275 720 1312 cordis
743 1277 892 1312 vestri?
927 1275 956 1313 O
974 1276 1120 1324 judaei,
1155 1276 1370 1321 daemones,
1404 1277 1472 1324 qui
1503 1277 1616 1313 corda
1647 1279 1777 1314 vestra
1806 1290 1935 1325 posse-

201 1335 356 1381 derunt,
380 1334 583 1371 dixerunt:
608 1334 757 1371 Scimus
771 1336 837 1383 qui
850 1336 914 1383 sis,
939 1336 1029 1384 quia
1051 1333 1184 1372 venisti
1206 1340 1292 1372 ante
1313 1340 1458 1383 tempus
1477 1336 1634 1383 perdere
1656 1348 1723 1373 7203
1745 1334 1873 1388 (Marc.
1902 1344 1934 1381 l,

203 1391 273 1446 24)
287 1395 304 1430 ἱ)
327 1396 366 1430 et
387 1405 476 1431 vos:
505 1394 561 1430 Teo
583 1394 627 1430 de
648 1398 680 1430 te
701 1395 805 1441 ipsso
820 1395 1074 1430 testimonium
1088 1395 1194 1442 dicis,
1220 1396 1474 1431 testimonium
1490 1399 1597 1431 tuum
1612 1408 1683 1431 non
1700 1400 1934 1433 est¹15e=7·e(nz.«

201 1452 251 1490 Cf.
275 1452 392 1490 etiam
414 1452 521 1489 Petri
547 1452 783 1489 Damiani
807 1465 918 1489 serm.
951 1460 962 1491 l
992 1453 1039 1490 de
1060 1453 1197 1501 Epiph.

320 1541 385 1574 62.
429 1531 674 1575 Scholion.
718 1535 898 1584 Exceptio
930 1548 975 1572 ex
1002 1536 1272 1584 plzaenomenis
1302 1537 1515 1583 spiritismi.
1546 1558 1601 1562 -
1633 1536 1739 1573 Neve
1772 1537 1819 1573 ad
1854 1537 1932 1574 vim

199 1594 317 1642 hujus
340 1594 562 1643 argumenti
583 1594 874 1643 infringendam
895 1596 1129 1642 provocetur
1161 1595 1208 1631 ad
1240 1594 1357 1631 miros
1378 1595 1627 1644 magnetismi
1659 1597 1697 1631 et
1728 1595 1934 1643 spiritismi

199 1653 381 1697 effectus3
405 1653 607 1701 supposita
629 1653 746 1690 etiam
769 1653 908 1691 horum
929 1653 1094 1690 veritate
1116 1653 1310 1695 historica,
1334 1655 1490 1690 tantum
1511 1655 1641 1690 tamen
1662 1653 1765 1690 inter
1785 1654 1874 1691 illos
1896 1657 1935 1690 et

199 1711 343 1749 Christi
364 1724 480 1760 opera
502 1714 561 1749 est
583 1712 804 1757 discrimen,
827 1713 874 1749 ut
895 1725 938 1749 eo
961 1712 1094 1760 potius
1111 1714 1304 1761 augeatur
1316 1712 1375 1749 vis
1391 1712 1624 1761 argumenti.
1660 1712 1816 1749 Distant
1829 1713 1934 1750 enim

201 1782 243 1811 a.
265 1771 526 1808 varietate
547 1772 588 1807 et
609 1771 904 1819 magnitudine;
929 1783 1017 1808 cum
1040 1771 1218 1808 Christus
1241 1783 1284 1807 ea
1306 1770 1443 1820 egerit,
1467 1783 1566 1819 quae
1580 1774 1690 1808 erant
1711 1774 1934 1819 praeter,

202 1842 368 1878 supra,
393 1842 410 1867 c
425 1832 575 1867 ontra
597 1832 791 1874 naturam,
826 1830 949 1867 omnis
980 1830 1133 1879 generis
1156 1830 1275 1878 inque
1297 1830 1404 1866 omni
1425 1829 1558 1866 ordine
1579 1830 1787 1867 miracula:
1821 1830 1934 1879 spiri-

201 1887 309 1926 tismi
330 1901 421 1926 vero
442 1889 709 1937 phaenomena
731 1891 963 1926 revocentur
995 1888 1042 1925 ad
1064 1901 1196 1937 pauca,
1231 1901 1329 1936 quae
1360 1901 1439 1926 non
1470 1889 1632 1937 imperio
1662 1889 1702 1925 in
1732 1889 1836 1938 leges
1868 1902 1935 1926 na-

200 1953 323 1992 turae,
360 1947 427 1984 sed
449 1947 709 1996 applicatione
731 1960 865 1984 earum
896 1948 1048 1985 occulta
1078 1947 1190 1984 fiunt.
1232 1947 1430 1984 Differunt
1460 1945 1505 1987 b.
1528 1947 1807 1993 facilitate,
1839 1948 1937 1984 dixit

200 2006 303 2043 enim
327 2006 505 2044 Christus
527 2008 567 2043 et
588 2006 689 2043 facta
711 2009 816 2051 sunt,
841 2007 923 2044 solo
944 2008 1059 2052 nutu,
1084 2007 1166 2044 solo
1188 2004 1307 2044 verbo
1336 2006 1397 2043 vel
1419 2007 1556 2043 absens
1578 2006 1747 2043 maxima
1766 2007 1936 2055 patravit

200 2065 397 2102 miracula.
439 2065 628 2114 Repetere
661 2065 724 2102 hic
745 2076 962 2114 possumus,
997 2078 1096 2113 quae
1127 2065 1336 2113 respondet
1359 2065 1616 2102 Arnobius
1649 2065 1834 2114 gentibus
1864 2065 1935 2102 tri-

199 2124 414 2161 buentibus
449 2125 638 2162 miracula
673 2124 819 2162 Christi
853 2124 1015 2174 magicis
1051 2125 1202 2161 artibus
1235 2124 1276 2175 (l.
1305 2132 1321 2164 1
1349 2136 1378 2161 0.
1403 2121 1494 2176 43):
1533 2124 1730 2168 »Potestis
1765 2124 1936 2172 aliquem

200 2182 312 2220 nobis
335 2183 551 2233 designare,
584 2185 801 2221 monstrare
824 2196 869 2220 ex
892 2183 1075 2221 omnibus
1098 2183 1180 2220 illis
1203 2183 1338 2232 magis,
1371 2183 1439 2231 qui
1461 2196 1635 2231 unquam
1657 2182 1764 2220 Fuere
1786 2195 1855 2231 per
1877 2195 1935 2220 se-

200 2242 301 2288 cula,
324 2242 528 2279 consimile
551 2242 700 2290 aliquid
725 2243 876 2280 Christo
900 2243 1097 2279 millesima
1134 2254 1178 2279 ea:
1201 2246 1317 2290 parte
1347 2241 1417 2289 qui
1445 2241 1609 2279 fecerit?
1641 2242 1709 2290 qui
1741 2241 1824 2278 siue
1855 2242 1937 2278 ulla

199 2301 238 2338 vi
260 2301 488 2346 carminum,
511 2301 595 2338 sine
617 2301 827 2338 herbarum
849 2303 889 2338 et
909 2301 1134 2350 graminum
1157 2301 1293 2346 succis,
1317 2300 1398 2337 sine
1419 2301 1503 2337 ulla
1524 2300 1655 2348 aliqua
1669 2300 1937 2337 observatione

199 2359 366 2397 sollicita
387 2372 597 2406 sacrorum,
620 2359 865 2405 libaminum,
888 2362 1166 2409 tempoi·um?‘
1211 2360 1262 2397 Cf.
1285 2359 1412 2407 capita
1444 2371 1534 2407 seq.,
1566 2359 1635 2396 ubi
1664 2359 1858 2407 praeclare
1889 2359 1936 2396 de

201 2417 347 2456 Christi
369 2419 552 2467 operibus
574 2418 742 2458 disserit.
786 2428 827 2459 (3.
852 2419 1049 2456 Differunt
1070 2418 1408 2461 certitudine,
1433 2430 1583 2466 semper
1606 2418 1710 2455 enim
1725 2418 1809 2466 ejus
1823 2430 1935 2466 prae-

202 2479 311 2527 septo
332 2477 536 2526 respondit
556 2479 738 2523 effectu&
773 2478 815 2515 in
849 2478 1110 2526 magnetismo
1141 2488 1233 2515 vero
1264 2479 1304 2514 et
1336 2477 1550 2524 spiritismo
1585 2489 1670 2525 spes
1707 2488 1819 2525 saepe
1852 2476 1934 2513 fru-

200 2537 359 2582 stratur,
382 2536 596 2574 intentioni
618 2549 695 2574 non
719 2548 871 2585 semper
892 2536 1102 2585 respondet
1123 2538 1312 2580 eventus3
1335 2534 1378 2575 d.
1401 2535 1720 2580 stabilitate,
1744 2548 1834 2572 nam
1848 2535 1935 2571 miri

199 2595 448 2644 magnetismi
469 2595 630 2633 effectus
652 2598 826 2632 cessante
863 2594 1162 2644 magnetizantis
1184 2595 1338 2631 influxu
1368 2607 1456 2632 mox
1488 2596 1657 2632 cessant:
1690 2593 1759 2642 qui
1793 2606 1884 2630 vero
1915 2606 1936 2629 a

200 2653 349 2691 Christo
371 2654 499 2691 sanati
520 2656 625 2700 sunt,
648 2654 718 2691 diu
731 2654 966 2692 fruebantur
979 2654 1164 2698 sanitate3
1189 2653 1379 2690 differunt
1401 2663 1443 2693 e.
1466 2653 1650 2698 fructu,
1674 2652 1817 2690 Christi
1832 2652 1934 2689 enim

199 2712 389 2750 miracula
409 2712 450 2749 in
473 2713 645 2762 corporis
667 2713 868 2762 animique
891 2713 1081 2750 cedebant
1103 2713 1291 2750 salutem:
1314 2711 1565 2761 magnetismi
1591 2713 1707 2759 atque
1730 2710 1934 2759 spiritismi

199 2771 466 2819 phaenomena
489 2771 757 2809 curiositatem
792 2773 962 2819 pascunt
980 2769 1023 2824 1),
1058 2772 1287 2819 nullamque
1319 2770 1481 2808 solidam
1513 2770 1663 2818 corpori
1694 2769 1755 2806 vel
1786 2768 1934 2805 animae

344 2896 465 2937 1)Ι-100
495 2897 684 2930 criterium
712 2897 758 2929 ad
785 2896 1021 2930 discernenda
1045 2907 1129 2930 vera
1155 2895 1334 2929 miracula
1360 2906 1382 2928 a
1409 2894 1617 2939 praestigiis
1644 2894 1752 2937 urget
1778 2893 1934 2925 maxime

202 2949 443 2994 Origenes
462 2960 490 2983 0.
510 2949 656 2984 Celsum
674 2950 698 2983 1.
721 2954 737 2984 1
758 2952 873 2988 11.68;
893 2949 916 2983 l.
933 2953 1003 2983 211.
1020 2952 1174 2987 51—53;
1193 2949 1217 2984 1.
1235 2951 1304 2985 3n.
1321 2949 1366 2982 27
1381 2960 1427 2986 s.;
1446 2950 1501 2988 33,
1517 2945 1932 2990 etpseudo-Clemens

201 3001 300 3035 hom.
319 3003 340 3035 2
358 3013 394 3035 n.
412 3004 458 3035 33
476 3012 515 3043 s.‚
536 3001 600 3035 ubi
618 3002 748 3036 Petrus
766 3001 956 3035 inducitur
973 3001 1028 3035 ita
1046 3002 1248 3035 disserens:
1281 3000 1427 3040 ,Simon
1455 3000 1611 3043 (magus)
1642 2998 1752 3036 ,mira
1778 2996 1933 3030 iat-itud

204 3055 391 3098 stuporem
408 3064 449 3087 ac
467 3054 734 3098 deceptionem,
753 3065 827 3088 non
844 3055 969 3087 tamen
997 3054 1102 3098 signa
1131 3052 1307 3086 salutaria
1333 3052 1379 3085 ad
1407 3049 1677 3084 conversionem
1707 3059 1747 3081 ac
1766 3047 1932 3081 salutem.
