2175 3382
256 98 334 136 1204
528 90 646 121 'frat-t.
667 88 707 121 Il.
729 89 773 121 de
792 100 817 121 s.
838 87 1042 130 Scriptura.
1063 87 1113 120 De
1132 97 1186 130 ep.
1207 85 1252 120 ad
1272 86 1381 120 Hebr.
1401 87 1439 119 et
1457 86 1690 130 Apocalypsi.

371 213 515 250 Verum
538 214 693 259 praeter
715 210 830 253 dicta,
866 210 1009 258 quibus
1041 209 1156 246 etiam
1191 208 1280 245 hae:
1312 208 1522 245 difficultas
1554 208 1648 245 satis
1679 209 1808 246 soluta
1838 209 1986 246 censeri

250 273 388 321 possit.
413 274 609 314 notamus,
635 270 733 306 hanc
757 270 970 306 latinorum
994 267 1319 306 consuetudinem
1354 267 1453 304 circa
1484 266 1687 315 epistolam
1724 267 1770 304 ad
1794 267 1988 305 Hebraeos

250 332 370 369 fuisse
394 340 670 379 paucorum
694 332 731 365 et
755 341 941 366 novam.
979 340 1066 364 cum
1095 326 1131 367 l.
1164 340 1192 364 s.
1225 327 1359 364 doctor
1390 326 1472 374 ipse
1504 325 1649 362 ibidem
1679 330 1856 370 testetur,
1891 327 1987 364 banc

251 390 458 439 epistolam
485 388 688 437 „quotidie
712 388 962 425 ecclesiarum
986 386 1152 424 lectione
1176 385 1403 429 celebrari‚‘
1430 398 1547 433 seque
1563 387 1737 422 veterum
1753 384 1986 434 scriptorum

250 450 359 498 sequi
382 450 422 486 in
446 460 490 485 ea
513 447 756 496 suscipienda
780 446 1076 486 auctoritatem:
1101 448 1139 482 et
1162 445 1201 481 in
1226 444 1336 493 epist.
1362 444 1409 481 ad
1434 444 1509 481 Tit.
1537 450 1571 487 2,
1599 450 1619 482 2
1646 441 1693 495 (a.
1712 441 1814 496 387)
1829 444 1985 482 scribit:

250 509 419 558 ‚Relegc
442 507 490 544 ad
514 507 706 544 Hebraeos
730 506 932 554 epistolam
956 504 1071 541 Pauli
1095 517 1152 553 ap,
1185 504 1266 540 sive
1289 505 1559 552 cujuscunque
1594 503 1755 540 alterius
1786 515 1870 540 eam
1902 515 1987 541 esse

250 571 377 616 putas,
402 567 591 615 quiajam
615 566 719 602 inter
741 564 1022 602 ecclesiasticas
1045 566 1101 600 est
1125 567 1329 611 receptaz‘
1355 564 1457 600 Max
1472 563 1598 599 imus
1621 562 1669 599 M.
1693 562 1806 599 etiam
1831 562 1872 599 in
1897 561 1989 599 dial.

249 627 295 664 de
319 627 420 664 Trin.
445 627 468 663 1.
494 632 517 665 4
541 638 578 662 n.
604 632 624 663 ἶ)
651 624 840 661 affirmat:
877 623 958 666 „Ex
991 634 1068 670 quo
1101 622 1384 659 annunciatum
1406 627 1463 659 est
1494 621 1697 670 Evangelii
1719 621 1872 666 Christi,
1904 632 1987 658 cre—

250 686 379 723 ditum
401 688 457 722 est
480 685 578 721 hanc
601 683 804 731 epistolam
828 681 942 719 Pauli
965 693 1059 726 esse,
1084 683 1124 718 et
1145 693 1187 717 ea
1211 684 1491 718 connumerata
1513 692 1646 718 omnes
1669 680 1857 729 epistolae
1873 680 1990 717 Pauli

252 748 345 783 sunt
368 756 531 782 numero
555 741 893 790 quatuordecim«
938 740 997 780 Ad
1029 740 1121 777 haec
1143 737 1186 779 2.
1211 752 1238 777 s.
1260 739 1527 789 Hieronymus
1560 740 1692 787 potius
1722 738 1988 788 permittendo

251 814 288 842 et
311 802 613 842 transmittendo
650 800 751 838 illud
774 800 911 838 asserit
941 812 1058 847 quam
1090 801 1136 836 ut
1166 802 1316 836 certum
1350 802 1565 841 asseverat;
1598 812 1687 836 nam
1719 797 1762 838 3.
1795 797 1990 847 ejusmodi

251 864 470 912 scriptores,
496 861 632 898 saltem
656 860 779 905 latini,
804 871 881 896 non
904 858 1176 906 1·eperiuntur;
1200 858 1279 895 imo
1301 858 1394 895 baec
1416 858 1579 906 epistola
1602 862 1691 894 ante
1707 857 1988 905 Hieronymum

251 922 290 975 (†
313 936 342 959 a.
368 918 468 973 420)
491 922 530 957 et
553 920 635 969 ejus
675 921 801 956 aetate
835 918 897 955 vel
931 918 1076 954 citatur
1109 918 1155 954 ut
1178 917 1377 965 Scriptura
1411 929 1515 954 sacra
1549 917 1611 953 vel
1644 917 1749 954 inter
1771 916 1990 965 Scripturas

251 994 377 1019 sacras
391 983 629 1025 recensetur,
645 991 676 1016 e.
692 991 728 1028 g.
743 977 950 1015 aconciliis
973 976 1286 1025 hipponensi
1311 973 1359 1027 (a.
1378 973 1478 1027 293)
1502 978 1551 1013 et
1572 975 1990 1024 carthaginiensi

249 1041 317 1079 111.
340 1054 372 1077 a.
398 1046 476 1080 397
503 1041 543 1076 et
564 1039 686 1075 altero
719 1051 750 1078 a.
776 1043 880 1081 419;
917 1049 938 1072 a
966 1035 1122 1072 Mario
1146 1035 1346 1073 Victorino
1379 1032 1418 1087 (†
1449 1037 1546 1083 post.
1579 1048 1601 1071 a
1634 1032 1749 1087 361),
1782 1034 1989 1072 Hilario

187 1113 190 1116 ⁴
250 1098 480 1149 pictaviensi
502 1095 541 1143 (†
563 1110 594 1137 a.
621 1104 701 1137 367
726 1096 788 1133 vel
815 1092 926 1147 368),
960 1094 1205 1132 Lucifero
1235 1094 1444 1132 calaritano
1477 1091 1516 1146 (†
1537 1107 1569 1130 a.
1595 1094 1706 1143 371),
1738 1093 1990 1131 Faustino

252 1157 305 1211 (fi.
329 1172 357 1196 c.
381 1172 413 1195 a.
439 1154 552 1209 384),
585 1155 875 1193 Philastrio
907 1151 946 1207 (†
977 1167 1007 1192 c.
1039 1166 1070 1195 a,
1097 1150 1218 1205 387),
1252 1153 1469 1190 Paciano
1502 1151 1539 1202 (†
1574 1150 1688 1205 392),
1720 1152 1988 1190 Ambrosio

252 1217 290 1271 (†
308 1214 421 1268 397),
445 1216 646 1261 Rufino,
671 1212 826 1267 (†410)
851 1213 1140 1251 Gaudentio
1165 1210 1205 1265 (†
1220 1225 1296 1252 c.a,
1314 1209 1429 1265 410),
1452 1212 1759 1249 Innocentio
1775 1208 1860 1264 1.(†
1877 1209 1989 1264 417),

250 1276 549 1326 Augustino
573 1272 613 1327 (†
636 1271 737 1326 430)
761 1275 832 1311 etc.
875 1273 985 1317 Quod
1008 1273 1039 1309 si
1060 1275 1191 1310 tamen
1213 1269 1255 1312 4.
1278 1272 1397 1309 dubia
1421 1272 1466 1308 de
1489 1284 1533 1309 ea
1555 1273 1661 1308 mota
1681 1270 1803 1316 fuere,
1839 1283 1882 1308 ea
1903 1283 1990 1308 ver-

252 1337 440 1374 sabantur
463 1347 542 1372 non
563 1336 644 1371 tam
667 1334 768 1371 circa
790 1333 875 1381 ejus
898 1332 1172 1369 auctoritatem
1195 1344 1312 1379 quam
1334 1331 1466 1379 potius
1498 1330 1599 1368 circa
1621 1330 1793 1379 ejusdem
1826 1329 1990 1379 scripto-

250 1409 343 1441 rem,
367 1398 503 1432 utrum
526 1406 665 1442 nempe
687 1393 720 1430 is
743 1392 864 1429 fuerit
887 1392 1043 1436 Paulus,
1069 1404 1118 1428 an
1140 1391 1283 1439 aliquis
1307 1391 1417 1434 alius,
1441 1390 1488 1427 de
1510 1390 1654 1438 quibus
1676 1390 1731 1426 ita
1752 1389 1888 1426 scribit
1908 1389 1991 1437 ipse

251 1455 402 1492 Hiero
416 1467 478 1503 ny
491 1467 527 1490 m
540 1466 595 1490 us
617 1452 664 1489 de
687 1452 780 1489 viris
802 1451 946 1488 illustr.
962 1464 992 1488 c.
1011 1458 1055 1491 5:
1081 1449 1286 1499 „Epistola
1307 1453 1438 1487 autem
1460 1462 1559 1497 quae
1581 1449 1708 1486 fertur
1721 1448 1769 1485 ad
1783 1448 1993 1491 Hebraeos,

250 1527 329 1552 non
351 1514 436 1562 ejus
459 1512 634 1550 creditur
656 1513 817 1561 propter
838 1509 922 1547 stili
945 1509 1211 1557 sermonisque
1234 1508 1529 1553 dissonantiam,
1555 1508 1622 1545 sed
1644 1508 1707 1545 vel
1729 1507 1992 1545 Barnabae

246 1575 362 1623 juxta
385 1571 675 1610 Tertullianum
698 1570 761 1616 (de
783 1569 910 1618 pudic.
934 1581 963 1607 e.
990 1566 1074 1621 20),
1104 1569 1167 1605 vel
1189 1568 1350 1605 Lucae
1381 1568 1645 1617 evangelistae
1661 1567 1777 1615 juxta
1806 1566 1993 1615 quosdam

250 1632 312 1682 (cf.
335 1631 617 1669 Eusebium
640 1630 686 1667 Η.
710 1630 750 1668 Ε.
775 1630 798 1666 l.
825 1636 846 1669 3
871 1640 902 1665 e.
928 1626 1020 1680 38);
1051 1628 1116 1665 vel
1137 1627 1421 1664 Clementis
1453 1638 1635 1663 romanae
1655 1627 1790 1675 postea
1810 1625 1993 1663 ecclesiae

251 1691 423 1741 episcopi
445 1688 519 1742 (ita
541 1690 716 1728 Clemens
739 1688 1016 1725 alexandrinus
1039 1686 1144 1736 apud
1164 1686 1380 1724 Eusebium
1402 1686 1448 1726 H.
1471 1686 1512 1723 E.
1527 1685 1591 1726 VI,
1617 1692 1653 1731 4,
1677 1685 1722 1722 cf.
1744 1685 1860 1722 etiam
1884 1685 1992 1721 Phi-

251 1750 497 1788 lastrium
519 1750 666 1786 haeres.
692 1749 774 1797 88),
798 1760 915 1796 quem
938 1747 1049 1796 ajunt
1084 1746 1162 1795 ipsi
1194 1745 1423 1794 adjunctum
1457 1745 1672 1782 sententias
1694 1743 1806 1781 Pauli
1837 1743 1994 1798 proprio

251 1810 452 1847 ordinasse
475 1811 514 1846 et
537 1820 693 1846 ornasse
716 1819 911 1844 sermone:
935 1807 997 1843 vel
1020 1808 1123 1843 certe
1146 1805 1238 1853 quia
1260 1805 1405 1842 Paulus
1428 1804 1625 1841 scribebat
1646 1803 1694 1840 ad
1716 1803 1925 1848 Hebraeos,
1954 1805 1995 1840 et

251 1871 411 1918 propter
432 1867 621 1905 invidiam
644 1866 707 1904 sui
732 1865 838 1914 apud
860 1878 923 1903 eos
946 1865 1126 1908 nominis,
1163 1864 1328 1901 titulum
1351 1864 1391 1900 in
1414 1863 1607 1912 principio
1630 1862 1880 1899 salutationis
1911 1875 1994 1899 am-

251 1927 494 1977 putaverit«
540 1926 593 1966 Cf.
616 1927 709 1963 Per
721 1937 844 1963 rone
869 1937 898 1961 c.
928 1933 942 1964 1
970 1937 1081 1973 prop.
1109 1932 1141 1964 1.

377 2017 468 2050 175.
504 2010 562 2046 De
583 2010 828 2058 Apocalypsi.
857 2031 902 2035 —
930 2007 1133 2056 Restringi
1156 2007 1272 2043 etiam
1297 2006 1424 2049 debet,
1460 2005 1563 2053 quod
1599 2017 1628 2041 s.
1651 2005 1995 2052 Hieronymus

249 2070 298 2107 de
321 2069 572 2107 ecclesiarum
593 2080 818 2118 graecarum
841 2066 1127 2104 consuetudine
1146 2065 1266 2102 relate
1281 2065 1327 2102 ad
1348 2064 1613 2113 apocalypsim
1628 2063 1797 2101 affirmat
1811 2059 1864 2115 (n.
1887 2062 1993 2114 174).

252 2130 336 2167 Etsi
359 2129 464 2166 enim
499 2128 650 2177 aliquot
680 2130 810 2176 patres
841 2128 929 2175 post
950 2124 1231 2162 Eusebium
1263 2122 1303 2176 (†
1326 2136 1356 2160 c.
1379 2137 1410 2160 a.
1436 2120 1537 2175 338)
1569 2123 1832 2172 apocalypsim
1863 2134 1994 2159 recen-

255 2190 424 2226 suerunt
458 2188 562 2225 inter
598 2185 938 2240 ἀντιλεγομένοι)ς,
973 2186 1013 2222 et
1035 2197 1078 2221 ex
1101 2183 1320 2220 rationibus
1351 2182 1553 2232 polemicis
1584 2182 1632 2219 ab
1665 2183 1750 2230 ejus
1773 2193 1851 2218 usu
1872 2180 1994 2218 absti-

253 2250 448 2285 nuerunt:
482 2250 613 2296 patres
635 2250 766 2283 tamen
789 2243 1055 2282 vetustissimi
1077 2256 1098 2280 a
1119 2245 1295 2291 tempore
1326 2254 1403 2290 quo
1435 2241 1655 2289 conscripta
1683 2240 1763 2277 fuit
1792 2253 1917 2288 usque
1947 2240 1996 2277 ad

254 2319 326 2344 sec.
340 2307 412 2343 ΙΙΙ.
427 2306 562 2343 labens
576 2306 687 2342 illam
700 2307 909 2342 numerant
930 2303 1035 2340 inter
1057 2314 1102 2339 ss.
1128 2302 1362 2350 Scripturas,
1387 2300 1621 2348 nullumque
1644 2299 1810 2337 dubium
1844 2301 1995 2337 motum

256 2368 458 2414 estusque
494 2365 541 2402 ad
577 2364 756 2413 Origenis
789 2366 977 2410 tempora,
1013 2362 1092 2399 imo
1125 2361 1309 2398 nonnulli
1342 2365 1388 2397 ut
1421 2360 1600 2396 Melito
1634 2356 1687 2411 (fl.
1720 2371 1749 2396 c.
1773 2372 1804 2395 a.
1834 2356 1994 2408 170)ε>1;Ι

254 2424 389 2473 Hipp
404 2425 580 2473 olytus
605 2422 643 2475 (†
666 2424 767 2460 circa
787 2422 960 2460 medium
983 2433 1057 2460 sec.
1079 2417 1165 2469 ΙΙΙ.)
1200 2418 1490 2457 commentariis
1521 2419 1630 2455 illam
1660 2418 1922 2463 illustrarunt,
1955 2421 1996 2454 et

256 2484 510 2533 Origenes
543 2483 645 2531 apud
677 2481 955 2519 Eusebium
988 2480 1034 2516 H.
1055 2480 1098 2516 E.
1128 2479 1197 2523 III,
1234 2485 1283 2519 25
1319 2492 1401 2516 eam
1433 2480 1610 2515 recenset
1640 2477 1745 2514 inter
1775 2476 1995 2525 Scripturas

257 2539 600 2597 ὁμολογουμένας.
645 2541 739 2578 Orto
762 2544 894 2578 tamen
917 2539 1036 2576 dubio
1058 2539 1099 2575 in
1123 2538 1294 2583 Oriente,
1318 2550 1396 2575 non
1419 2537 1544 2574 solum
1567 2549 1646 2574 non
1667 2536 1892 2584 praevaluit
1906 2547 1993 2572 sen-

255 2602 381 2639 tentia
403 2601 592 2650 opposita,
628 2600 694 2638 sed
716 2602 849 2649 patres
873 2611 917 2636 ex
940 2598 1105 2635 diversis
1129 2597 1300 2635 ecclesiis
1323 2596 1542 2647 gravissimi
1565 2595 1606 2632 in
1629 2596 1762 2632 eadem
1792 2606 1880 2631 cum
1912 2594 1994 2632 suis

257 2660 575 2697 antecessoribus
598 2659 797 2697 sententia
815 2658 1089 2707 perstiterunt.

380 2749 474 2782 176·
500 2738 732 2782 Scholion
755 2738 824 2781 II.
862 2741 984 2778 Jahni
1006 2741 1146 2788 opinio.
1171 2761 1227 2765 -—
1251 2738 1371 2775 Nulla
1392 2737 1475 2775 veri
1506 2737 1630 2785 specie
1663 2749 1751 2774 cum
1772 2736 1901 2773 Jahn
1933 2736 1994 2772 in-

255 2802 355 2840 trod.
379 2802 420 2838 in
442 2801 486 2838 V.
509 2801 549 2837 Τ.
572 2801 598 2838 l.
626 2809 638 2840 ]
672 2799 691 2842 ἓ
718 2808 768 2841 30
793 2800 961 2848 aliisque
983 2797 1210 2836 auctoribus
1230 2794 1259 2850 1)
1283 2797 1487 2834 defendere
1509 2796 1614 2841 licet,
1647 2795 1856 2832 discrimen
1891 2794 1996 2831 inter

406 2958 430 3002 ¹)
451 2958 508 2991 Ita
525 2956 556 2990 D
570 2968 589 2991 0
601 2956 625 2990 b
636 2967 672 2989 in
686 2967 706 2990 a
717 2968 740 2999 y
753 2967 770 2990 e
781 2967 798 2988 r
817 2958 904 2999 syst.
920 2955 1033 2988 theol.
1049 2955 1145 2988 cath.
1163 2953 1210 2986 lv
1226 2953 1382 2997 append.
1402 2953 1421 2997 ξ
1437 2954 1482 2986 ’24
1496 2950 1676 2984 affirmat:
1698 2950 1813 2989 ,Sunt
1829 2948 1997 2993 theologi

258 3011 372 3055 probe
392 3009 580 3050 catholici,
599 3009 662 3052 qui
681 3008 876 3042 discrimen
897 3008 994 3041 inter
1010 3007 1123 3041 libros
1141 3008 1264 3050 proto·
1285 3007 1322 3040 et
1345 3004 1694 3039 deuter-ocanonicos
1717 3002 1918 3037 hodiedum
1935 3013 1995 3035 va-

259 3064 333 3098 lere
350 3063 540 3097 teneant‘.
577 3061 628 3095 Cf.
648 3061 774 3095 Welt
788 3072 805 3095 e
824 3061 914 3095 Tnb.
933 3059 1089 3101 Qtlschr.
1112 3060 1200 3094 1839
1219 3072 1252 3104 p.
1274 3061 1340 3094 205
1359 3069 1405 3092 SS.
