2175 3382
845 91 1009 125 Danielis
1028 92 1329 128 hebdomadibus.
1897 103 1952 144 55

221 215 312 250 ante
334 213 484 260 elapsas
509 218 560 252 70
585 212 847 250 hebdomadas
869 225 1060 250 annorum
1083 226 1194 251 nemo
1228 226 1267 251 se
1290 216 1471 253 Messi-am
1488 217 1673 265 jactavit3
1705 218 1843 256 iisdem
1864 232 1954 258 vero

221 271 269 309 ad
289 271 408 309 finem
428 271 684 320 vergentibus
713 272 792 320 jam
825 271 1122 319 exspectabatur
1144 273 1312 318 Messias,
1344 275 1475 322 plures
1507 275 1622 312 etiam
1654 289 1693 314 se
1723 289 1792 326 pro
1814 279 1955 316 Messia

219 330 486 368 venditarunt.
520 329 650 377 Hujus
674 330 974 378 exspectationis
998 343 1041 368 eo
1062 334 1235 379 tempore
1258 332 1351 369 adeo
1375 333 1538 371 diffusae
1552 336 1670 372 testes
1684 338 1777 373 sunt
1791 337 1953 386 scripto-

219 401 282 427 res
303 390 367 427 vel
388 387 546 434 ethnici,
570 390 616 426 ut
638 388 849 426 Tacitus
873 391 912 426 et
935 389 957 426 S
972 390 1150 426 uetoni
1164 402 1221 428 us
1242 388 1284 442 ¹),
1309 391 1377 439 qui
1400 391 1454 428 ita
1469 393 1622 430 scribit:
1648 394 1954 437 „Percrebuerat

220 447 383 485 Oriente
404 449 514 485 toto
537 450 651 485 vetus
687 450 726 484 et
748 450 930 485 constans
954 448 1097 496 opinio,
1131 461 1210 486 esse
1242 449 1282 486 in
1314 450 1416 494 fatis,
1449 454 1491 487 ut
1525 463 1568 487 oo
1598 454 1771 500 tempore
1802 453 1953 491 Judaea

218 506 384 556 profecti
405 519 535 544 rerum
559 507 792 554 potirentur.
835 506 880 543 Id
913 507 958 544 de
981 507 1213 556 imperatore
1235 521 1404 553 romano,
1439 512 1631 557 quantum
1655 514 1797 548 eventu
1818 516 1953 561 postea

217 565 360 615 patuit,
384 565 642 614 praedictum,
660 565 795 614 judaei
818 565 866 602 ad
889 578 929 602 se
950 566 1161 612 trahentes,
1186 567 1466 604 rebellarunt«
1503 568 1744 606 Vaticinium
1769 583 1859 620 ergo
1887 573 1955 609 1100

218 624 417 663 communi
436 635 632 662 consensu
654 624 836 661 habitum
858 624 935 661 fuit
956 626 1203 662 messianum.

335 681 378 724 2.
412 683 640 720 Tenendum
674 686 735 720 est
765 683 836 721 1100
857 683 1043 721 vaticinio
1077 685 1328 721 determinari
1362 686 1538 733 epocham
1570 687 1750 724 ada-entus
1783 689 1953 725 Messiae.

220 742 329 787 Quod
351 744 462 790 patet
483 752 525 782 a.
550 754 594 779 ex
616 742 752 790 primis
776 742 953 779 vaticinii
973 743 1122 780 verbis:
1156 743 1414 793 Septuaginta
1445 744 1710 783 hebdomadae
1742 746 1954 791 decisae,

219 802 461 846 decretae
493 802 606 846 sunt-3
642 799 689 841 b.
713 813 758 838 ex
788 803 969 849 respectu
1002 802 1049 838 ad
1080 802 1329 852 septuaginta
1362 815 1482 840 annos
1518 805 1760 852 captivitatis
1795 806 1954 854 babylo-

217 860 340 906 nicae,
364 860 434 909 qui
455 862 568 897 erant
589 860 843 897 determinati
865 862 983 909 atque
1004 861 1090 905 fixi3
1114 874 1158 898 ex
1181 874 1224 899 eo
1248 871 1286 903 (⁴,
1310 862 1414 910 quod
1437 863 1573 899 Daniel
1595 863 1711 900 etiam
1735 864 1831 900 alias
1856 864 1953 901 solet

219 922 383 957 eventus
406 919 573 968 alicujus
596 920 781 967 epocham
804 919 1084 964 determinare;
1117 920 1162 957 ef.
1185 932 1267 969 cap.
1293 926 1314 961 S
1341 923 1379 957 et
1408 927 1477 960 12:
1510 920 1553 961 (1.
1576 934 1620 959 ex
1644 923 1726 970 ipso
1760 922 1953 960 vaticinio.

219 979 261 1016 in
283 989 360 1027 quo
384 978 634 1027 septuaginta
669 978 932 1015 hebdomadae
962 979 1004 1015 in
1035 979 1186 1016 minora
1216 982 1415 1029 segmenta
1446 980 1678 1017 dividuntur
1709 983 1748 1018 et
1779 981 1954 1018 subdivi—

218 1038 389 1081 duntur;
422 1037 526 1085 quod
548 1038 740 1075 absonum
762 1040 877 1080 esset,
903 1038 936 1074 si
958 1050 1147 1075 numerus
1170 1038 1355 1075 definitus
1378 1039 1628 1088 septuaginta
1649 1043 1861 1088 poneretur
1882 1053 1952 1088 pro

219 1092 435 1136 indefinite.
477 1096 657 1144 Denique
680 1106 721 1136 ο.
746 1097 779 1134 31
802 1097 1053 1146 septuaginta
1076 1097 1335 1134 hebdomades
1356 1098 1560 1146 periodum
1575 1098 1828 1147 designarent
1840 1099 1954 1147 plane

188 1157 191 1158 ⁷
217 1155 473 1201 indefinitam,
497 1155 588 1192 novi
609 1155 689 1192 fere
711 1156 811 1192 nihil
832 1156 905 1192 hoc
925 1156 1109 1194 vaticinio
1133 1156 1396 1205 significatum
1419 1156 1571 1195 fuisset.
1596 1158 1749 1194 nullum
1768 1157 1954 1194 solatium

217 1215 417 1252 attulisset
438 1214 600 1263 angelus
623 1214 787 1259 Danieli,
812 1215 881 1263 qui
898 1215 978 1263 jam
1003 1228 1024 1252 a
1044 1216 1170 1264 prima
1186 1216 1399 1263 juventute
1414 1219 1584 1261 noverat,
1607 1216 1786 1253 Messiam
1808 1229 1952 1264 quon—

217 1273 323 1311 dam
345 1286 426 1311 esse
447 1276 672 1310 venturum.
714 1274 796 1311 Hoc
817 1274 881 1311 vel
901 1273 977 1322 ipsi
1000 1276 1152 1311 veteres
1175 1274 1329 1311 rabbini
1353 1275 1590 1319 concedunt;
1613 1287 1740 1323 neque
1763 1275 1866 1312 enim
1880 1275 1954 1311 alia

217 1333 264 1370 de
286 1345 398 1370 causa
424 1333 538 1381 juxta
569 1345 632 1370 ecs
663 1332 890 1381 prohibitus
922 1333 998 1370 fuit
1020 1333 1212 1370 Jonathas
1235 1334 1317 1370 Ben
1338 1333 1482 1371 Uziel
1513 1334 1673 1383 vulgare
1705 1346 1813 1371 suam
1843 1346 1954 1382 para—

217 1392 375 1440 phrasin
397 1391 440 1428 in
461 1392 677 1429 Kethubim
700 1392 783 1429 sive
805 1392 1081 1441 hagiographa,
1106 1392 1211 1429 inter
1234 1405 1333 1440 quae
1355 1394 1578 1430 recensetur
1601 1396 1639 1429 et
1661 1393 1810 1437 Daniel,
1838 1406 1953 1440 quam

216 1452 376 1500 propter
408 1451 657 1499 perspicuam
689 1452 1055 1488 determinationem
1089 1452 1255 1500 epochae
1288 1452 1459 1489 Messiae.
1501 1452 1700 1501 Legantur
1733 1451 1952 1500 speciminis·

215 1510 344 1559 gratia
365 1510 556 1547 horrenda
577 1510 797 1555 maledicta,
830 1522 929 1559 quae
950 1511 1213 1559 pronunciant
1236 1510 1278 1547 in
1301 1523 1374 1556 eos,
1409 1511 1477 1559 qui
1509 1513 1738 1559 computant
1770 1510 1951 1559 epocham

216 1569 406 1606 advent-us
441 1569 664 1608 Messiae.
701 1570 805 1618 apud
839 1569 1162 1606 Granderath
1196 1570 1218 1607 l.
1252 1582 1280 1606 0.
1313 1582 1348 1617 p.
1375 1576 1438 1609 37.
1483 1570 1534 1608 Cf.
1559 1569 1871 1618 Schoettgen
1907 1569 1951 1605 de

215 1628 355 1665 Messia
375 1641 411 1676 p.
437 1634 518 1669 489
544 1640 614 1672 ss.;
640 1629 767 1677 Sepp
790 1628 920 1666 Leben
945 1628 1087 1665 Christi
1110 1628 1173 1673 IV,
1200 1634 1277 1668 ’281
1306 1640 1355 1668 ss,

333 1685 376 1727 3.
401 1687 627 1724 Tenendum
650 1689 708 1724 est
729 1688 799 1724 has
811 1687 1067 1724 hebdomadas
1083 1700 1197 1724 unam
1211 1689 1432 1724 constituere
1452 1688 1652 1735 periodum
1672 1687 1949 1723 coalescentem

216 1759 260 1783 ex
281 1746 409 1783 tribus
433 1746 588 1795 epochis
608 1746 843 1794 partialibus
865 1758 944 1783 non
965 1746 1169 1783 indefinito
1183 1746 1392 1783 intervallo
1415 1746 1462 1783 ab
1476 1746 1643 1782 invicem
1658 1745 1858 1792 sejunctis,
1883 1745 1949 1782 sed

214 1805 438 1842 immediate
459 1817 539 1842 sese
562 1805 856 1853 excipientibus,
889 1807 934 1841 ut
964 1808 1072 1854 patet
1105 1818 1149 1842 ex
1179 1805 1315 1842 iisdem
1346 1805 1424 1842 fere
1456 1805 1683 1844 rationibus.
1726 1804 1949 1842 Ridiculum

213 1875 329 1913 porro
352 1867 410 1901 est
431 1864 479 1901 ad
502 1864 572 1901 hoc
593 1865 816 1913 negandum
839 1877 979 1913 urgere
1001 1866 1204 1901 accentum
1228 1864 1392 1901 athnach
1428 1864 1469 1900 in
1491 1866 1603 1900 textu
1624 1863 1805 1900 hebraico
1828 1863 1949 1900 inter-

213 1923 387 1972 positum
409 1923 514 1960 inter
535 1926 684 1972 septem
708 1923 855 1972 priores
879 1923 1138 1960 hebdomadas
1163 1924 1201 1959 et
1223 1923 1317 1960 alias
1340 1923 1539 1972 sexaginta
1562 1922 1670 1967 duas,
1695 1934 1784 1959 cum
1798 1924 1947 1959 constet

215 1984 397 2020 accentus
430 1982 557 2019 textui
591 1983 788 2030 appositos
822 1982 943 2019 fuisse
977 1982 1160 2031 pluribus
1195 1984 1349 2019 tantum
1392 1981 1533 2018 seculis
1575 1983 1665 2029 post
1699 1980 1896 2018 Christum
1931 1994 1950 2016 a

209 2041 363 2090 judaeis
383 2041 567 2090 religioni
591 2041 827 2078 christianae
859 2040 1035 2085 infensis,
1071 2053 1237 2088 quorum
1260 2041 1350 2077 inde
1374 2041 1585 2077 auctoritas
1607 2041 1675 2077 hac
1706 2040 1746 2076 111
1777 2052 1817 2076 re
1848 2039 1951 2076 tanti

214 2100 391 2138 facienda
410 2113 490 2137 non
512 2103 582 2137 est.

331 2157 375 2199 4.
398 2159 624 2196 Tenendum
658 2162 715 2196 est
748 2160 819 2196 has
839 2159 1093 2196 hebdomadas
1124 2161 1296 2206 componi
1327 2160 1451 2195 annia
1495 2158 1594 2202 Quill
1629 2158 1817 2194 suadetur
1840 2167 1880 2196 a.
1907 2169 1949 2194 ex

215 2218 391 2266 subjecta
411 2218 595 2263 materia3
617 2230 745 2266 neque
767 2218 873 2255 enim
894 2221 975 2255 tam
998 2218 1107 2255 brevi
1128 2217 1316 2266 temporis
1340 2218 1464 2265 spatio
1482 2224 1563 2256 490
1588 2216 1739 2253 dierum
1754 2215 1950 2253 commode

215 2278 299 2314 fieri
319 2278 541 2326 potuissent
563 2277 700 2321 omnia,
733 2290 830 2325 quae
862 2277 933 2314 hoc
954 2276 1141 2314 vaticinio
1163 2277 1266 2313 inter
1298 2277 1394 2313 hanc
1425 2276 1608 2324 epocham
1639 2274 1811 2312 facienda
1840 2287 1949 2323 prae-

215 2336 422 2381 dicuntur3
458 2348 585 2385 neque
608 2336 711 2373 enim
735 2336 837 2374 Deus
861 2336 961 2373 solet
982 2338 1062 2373 tam
1085 2335 1263 2384 ingentia
1284 2338 1439 2384 patrare
1462 2334 1651 2371 miracula
1684 2336 1722 2371 et
1746 2333 1950 2382 praecipiti

215 2395 330 2433 modo
351 2407 512 2445 magnas
534 2407 596 2432 res
619 2394 761 2432 moliri.
803 2394 963 2432 Accedit
985 2393 1032 2434 l).
1057 2394 1161 2443 apud
1178 2394 1342 2442 judaeos
1376 2393 1479 2430 haud
1511 2393 1800 2441 infrequentem
1832 2392 1950 2429 fuisse

215 2467 330 2492 usum
352 2454 692 2498 hebdomadarum,
726 2466 825 2501 quae
854 2466 898 2490 ex
920 2454 1030 2490 annis
1063 2453 1323 2490 coalescerent
1340 2451 1395 2503 2ζ);
1428 2464 1515 2489 011111
1548 2464 1639 2501 ergo
1672 2454 1826 2500 praeter
1857 2451 1949 2487 heb-

217 2513 399 2551 domadas
422 2513 576 2550 dierum
598 2514 636 2550 et
660 2525 853 2550 annorum
874 2513 1009 2549 nullae
1031 2512 1127 2549 aliae
1148 2512 1191 2548 in
1213 2511 1356 2549 divinis
1387 2514 1593 2549 occurrant
1624 2510 1762 2555 literis,
1794 2510 1950 2546 seclusis

217 2585 337 2622 supra
358 2572 609 2610 hebdomadis
631 2571 798 2617 dierum,
822 2571 951 2609 omnia
973 2571 1146 2620 exigunt,
1171 2572 1217 2608 ut
1231 2571 1297 2608 has
1311 2570 1578 2619 intelligamus
1593 2569 1639 2606 de
1652 2569 1710 2613 iis,
1735 2581 1832 2616 quae
1847 2580 1948 2605 00111-

214 2635 419 2680 ponuntur
441 2631 572 2675 annis3
607 2643 729 2678 eoque
750 2631 876 2680 magis
899 2640 940 2670 (³.
967 2630 1071 2678 quod
1103 2642 1234 2666 rerum
1265 2633 1427 2667 eventus
1459 2629 1555 2665 hanc
1586 2627 1948 2676 interpretationem

215 2690 427 2730 confirmat.
469 2689 614 2726 Iisdem
636 2689 877 2738 argumentis
912 2688 1176 2726 excluduntur
1207 2688 1324 2726 etiam
1351 2688 1584 2737 judaeorum
1615 2686 1768 2735 effugia,
1802 2686 1869 2733 qui
1903 2685 1947 2721 ad

216 2749 451 2786 eludendam
472 2748 816 2785 demonstrationis
837 2748 919 2785 vim
941 2748 1098 2797 fingunt
1119 2748 1248 2784 nescio
1281 2760 1375 2795 quas
1406 2745 1665 2783 hebdomadas
1682 2744 1948 2793 jubilaeorum

215 2808 280 2845 vel
300 2808 553 2845 seculorum:'
571 2820 660 2844 nam
683 2819 770 2844 cum
794 2807 986 2844 excidium
1008 2806 1116 2843 urbis
1140 2808 1258 2854 atque
1280 2806 1416 2854 templi
1446 2808 1535 2853 post
1559 2804 1755 2841 absolutas
1782 2809 1830 2841 To
1855 2802 1945 2837 hel·-

217 2866 400 2904 domadas
431 2865 734 2904 subsecuturum
760 2867 842 2913 jam
875 2865 1092 2914 contigerit,
1128 2865 1265 2912 liquet,
1301 2865 1389 2901 illas
1421 2863 1679 2900 hebdomadas
1713 2862 1825 2909 longe
1860 2860 1945 2895 lm·-

364 3004 387 3045 ¹)
405 3002 473 3037 Ille
492 3002 630 3040 Histor.
648 3003 673 3036 1.
692 3008 712 3038 5
732 3014 761 3037 0.
786 3005 846 3040 13;
866 3003 924 3036 hic
943 3003 983 3035 in
1001 3002 1227 3046 Vespasiano
1246 3012 1273 3035 0.
1294 3003 1325 3037 3,

362 3056 388 3100 2)
407 3054 459 3091 Cf.
479 3055 562 3089 Lev.
582 3058 636 3090 25.
657 3059 675 3088 2
696 3066 761 3092 ss:
782 3058 836 3091 26.
856 3057 902 3088 34
919 3066 984 3092 ss:
1004 3054 1111 3088 Num.
1133 3057 1185 3094 14,
1206 3055 1268 3087 34:
1287 3056 1306 3086 2
1327 3052 1442 3087 Paral.
1463 3054 1516 3085 36.
1540 3054 1602 3085 21:
1624 3049 1678 3082 Εἰ.
1698 3054 1729 3081 4.
1749 3051 1780 3083 6.
