2175 3382
187 130 270 171 260
517 123 636 157 'ri-act.
658 122 716 156 lll.
736 121 787 156 De
809 121 978 156 Ecclesia.
995 121 1122 155 'rhesis
1142 120 1280 154 XLVII.
1304 120 1583 166 {exceptionibus

186 242 283 284 Sem
307 248 348 283 et
368 242 521 294 ,Iaphet
553 245 644 282 erat
668 240 822 288 Cham;
854 245 1023 293 praeter
1055 239 1258 280 animalia
1281 239 1439 281 munda
1461 240 1588 281 etiam
1611 241 1830 284 immunda
1852 242 1919 299 (cf.

186 326 327 366 opusc.
343 312 404 357 Ill.
428 312 543 367 229).
566 311 685 362 Quae
708 311 940 364 parabolae
963 315 1004 351 et
1027 310 1233 362 imagines
1255 321 1405 351 omnes
1427 310 1469 350 in
1491 310 1574 351 hoc
1596 312 1853 364 conspirant,
1875 318 1921 355 ut

184 383 417 436 significent
440 383 650 423 bonorum
676 387 717 423 et
738 382 947 422 malorum
980 381 1330 422 commixtionem
1353 381 1394 421 in
1418 392 1504 422 una
1525 381 1761 435 eademque
1783 385 1918 426 socie-

185 460 292 500 tate3
324 466 407 506 qua
439 452 744 505 significatione
777 451 945 493 sublata
963 452 1052 504 jam
1076 463 1205 492 sensu
1229 456 1388 501 carent,
1420 463 1558 504 neque
1590 457 1706 505 patet
1736 454 1791 495 ad
1822 455 1921 508 quid

184 525 504 577 significandum
528 523 820 565 adhibeantur.
844 522 987 575 quue
1008 522 1137 575 pluris
1152 527 1448 574 argumentum
1464 522 1575 564 istud
1590 528 1654 564 est
1669 523 1920 575 faciendum,

185 596 298 650 quod
328 595 397 636 illo
429 595 590 647 passim
622 595 686 635 usi
717 598 815 634 sunt
847 593 1046 633 catholici
1078 593 1119 634 in
1154 594 1449 635 controversia
1471 605 1567 635 cum
1592 594 1816 637 donatistis
1838 607 1920 638 sec.

184 666 250 710 lV.
273 672 314 708 et
334 665 383 715 V,
406 678 456 707 ex
479 678 562 718 qua
585 665 742 717 pariter
765 664 970 717 probatur
991 664 1134 709 thesis,
1157 676 1256 705 nam
1280 669 1507 717 propterea
1530 665 1658 706 etiam
1681 665 1922 708 donatistae

186 737 375 779 damnati
397 741 504 779 sunt.
528 735 641 788 quod
664 735 981 782 contenderent,
1004 739 1253 787 peccatores
1276 747 1362 776 non
1384 740 1580 788 spectare
1602 736 1656 777 ad
1678 736 1922 781 Ecclesiam.

303 809 344 851 2.
366 807 585 848 Accedunt
606 806 959 858 reprehensiones
982 810 1047 846 sat
1070 817 1220 858 graves
1235 805 1354 847 Pauli
1370 806 1424 861 (1.
1441 805 1534 848 Cor.
1562 809 1598 855 1,
1623 811 1697 856 113
1720 811 1759 857 5,
1785 811 1830 856 1;
1857 811 1920 858 11,

186 884 241 924 20
256 880 339 935 ss),
355 878 506 931 quibus
530 877 726 930 objurgat
749 876 891 918 fideles
913 878 1105 928 gravium
1128 881 1402 929 peccatorum
1425 889 1545 928 reos;
1564 877 1769 930 judicium
1792 878 1847 920 ab
1870 890 1922 920 eo

184 950 315 991 latum
345 950 387 989 in
418 960 539 989 reum
571 948 805 1000 gravissimi
839 948 1025 988 criminis
1047 948 1100 991 ib.
1124 951 1162 997 ξ),
1187 951 1233 996 ὃς
1265 949 1474 990 monitum
1501 948 1554 990 ib.
1582 953 1646 999 11,
1668 951 1724 994 28
1748 949 1801 991 de
1822 962 1923 1002 pro-

184 1021 356 1061 batione
387 1019 697 1072 praemittenda
730 1019 961 1071 sumptioni
984 1019 1287 1069 eucharistiae3
1320 1020 1526 1062 institutio
1549 1020 1778 1061 sacerdotii
1798 1019 1922 1064 Hebr.

185 1096 223 1140 5,
250 1096 267 1136 1
289 1108 297 1141 ;
328 1095 601 1143 praeceptum
625 1090 906 1143 correptionis
930 1089 1143 1132 fraternae
1165 1089 1310 1132 Matth.
1338 1093 1404 1140 18,
1431 1093 1504 1139 153
1537 1091 1674 1132 oratio
1697 1091 1924 1141 dominica,

185 1174 211 1203 a
240 1161 431 1203 fidelibus
463 1162 505 1202 in
537 1162 684 1214 primis
715 1161 959 1209 recitanda;
991 1162 1177 1203 maxime
1209 1161 1378 1202 collatio
1406 1162 1629 1214 potestatis
1651 1162 1833 1203 clavium
1857 1174 1924 1204 re-

184 1232 405 1286 mittendiq
440 1244 462 1273 e
494 1237 646 1285 peccat
695 1231 950 1311 ,1020331
983 1244 1092 1286 quae
1125 1232 1268 1274 omnia
1292 1232 1511 1274 exidenter
1532 1246 1610 1286 sup
1642 1224 1786 1282 onunt,
1819 1245 1926 1274 nun·
1979 1257 1996 1314 ι
2057 1250 2072 1311 a
2167 1264 2169 1270 ,

185 1316 312 1357 quam
369 1316 415 1344 cc
433 1304 549 1345 esiae
602 1315 624 1345 e
643 1315 717 1344 ore
740 1308 1000 1356 peccatores
1214 1340 1218 1386 Ι

304 1387 345 1429 3.
371 1385 635 1439 Suss'ragatur
666 1386 866 1427 solemnis
900 1386 1084 1436 traditio,
1117 1398 1227 1439 quae
1251 1386 1387 1428 elucet
1410 1398 1462 1428 ex
1485 1386 1683 1428 omnibus
1705 1387 1791 1428 fere
1815 1397 1923 1440 quae

185 1462 411 1510 supersunt
434 1462 601 1510 patrum
625 1457 808 1499 homiliis
832 1462 874 1499 et
895 1457 1178 1507 sermonibus,
1201 1457 1353 1510 quibus
1376 1456 1520 1499 fideles
1542 1458 1585 1498 in
1607 1457 1796 1499 Ecclesia
1821 1469 1925 1498 con-

184 1528 352 1569 stitutos
374 1528 448 1569 sed
470 1534 722 1580 peccatores
755 1529 809 1569 ad
831 1529 1138 1581 poenitentiam
1161 1529 1358 1582 vitaeque
1381 1528 1726 1570 emendationem
1747 1529 1924 1570 hortan—

184 1605 271 1649 tur3
297 1612 348 1641 ex
370 1600 739 1642 administratione
763 1602 1022 1642 sacramenti
1044 1602 1343 1654 poenitentiae,
1380 1601 1494 1654 quod
1515 1601 1752 1642 institutum
1775 1611 1925 1642 cense-

183 1670 307 1712 batur
338 1684 414 1724 pro
446 1671 542 1714 filiis
564 1672 790 1722 Ecclesiae,
823 1673 893 1726 qui
924 1673 967 1713 in
998 1674 1142 1725 gravia
1177 1673 1284 1726 lapsi
1308 1673 1391 1714 sint
1412 1677 1609 1726 peccata3
1643 1685 1694 1714 ex
1716 1671 1922 1714 sacrificio

182 1742 463 1784 eucharistico
492 1744 681 1796 quotidie
705 1743 848 1785 oblato
872 1757 949 1797 pro
972 1744 1157 1785 fidelium
1180 1745 1378 1797 peccatis.

300 1824 342 1868 4.
365 1824 527 1877 Negata
560 1826 641 1867 hac
665 1827 843 1868 veritate
875 1827 984 1879 perit
1005 1826 1220 1868 Ecclesiae
1252 1826 1491 1874 visibilitas3
1523 1838 1620 1867 cum
1652 1827 1766 1867 enim
1796 1837 1922 1867 nemo

184 1895 290 1935 sciat
323 1896 494 1947 quinam
535 1896 588 1936 sit
614 1897 765 1949 Justus,
807 1909 946 1950 neque
978 1902 1137 1948 coetus,
1175 1899 1245 1951 qui
1277 1901 1442 1938 constet
1476 1897 1577 1938 solis
1603 1897 1739 1950 justis,
1769 1896 1926 1950 poterit

184 1966 368 2015 agnosci.
392 1970 534 2016 Quare
556 1966 795 2008 firmissime
819 1968 1048 2009 tenendum
1071 1980 1151 2009 nec
1173 1968 1383 2009 ullatenus
1399 1967 1679 2009 dubitandum
1693 1972 1768 2017 est,
1789 1967 1922 2021 inquit

184 2035 508 2088 Fulgentius
540 2037 591 2077 de
624 2036 703 2079 fide
736 2038 790 2078 ad
812 2038 919 2081 Petr.
943 2052 981 2079 n.
1006 2042 1062 2083 84
1100 2051 1270 2090 „aream
1292 2038 1366 2079 Dei
1389 2050 1482 2080 esse
1506 2039 1760 2080 catholicam
1783 2037 1925 2079 Eccle-

184 2106 304 2155 siam,
337 2111 378 2147 et
408 2108 519 2148 intra
552 2120 646 2149 eam
678 2121 812 2162 usque
841 2110 883 2150 in
905 2109 1032 2150 finem
1055 2110 1186 2151 seculi
1207 2109 1419 2151 frumento
1442 2111 1595 2150 mixtas
1618 2109 1765 2162 paleas
1788 2110 1925 2150 conti-

183 2178 274 2218 neri
296 2178 333 2218 h.
358 2189 391 2221 e.
414 2178 536 2219 bonis
563 2179 699 2221 malos
722 2185 1090 2221 sacramentorum
1114 2181 1415 2222 communione
1438 2181 1642 2221 misceri.“
1671 2180 1780 2233 Lege
1802 2192 1841 2220 n.
1857 2183 1925 2224 81.

302 2276 397 2316 3241·
421 2274 588 2317 TllssSiS
613 2274 810 2318 XLVII·
859 2289 1135 2332 Sententiae,
1173 2300 1316 2334 quam
1355 2290 1614 2333 rejecimus,
1657 2289 1926 2324 nullatenus

183 2345 508 2387 suffrayantur
526 2345 566 2379 1.
581 2349 931 2390 praeroqativa,
957 2358 1051 2391 qua
1067 2350 1274 2384 Ecclesia
1291 2352 1456 2384 sancta
1475 2349 1684 2383 creditur
1696 2359 1712 2390 ;
1737 2348 1780 2382 2.
1806 2357 1924 2391 quae

184 2406 343 2439 scribit
364 2407 543 2440 Paulus
562 2407 677 2449 Eph.
697 2407 742 2448 5,
759 2405 847 2449 27,·
873 2408 917 2441 3.
944 2410 1143 2451 repetita
1160 2409 1428 2458 Λῑιςιηειξίηἱν
1443 2408 1602 2450 effata,
1620 2408 1762 2449 iustos
1788 2409 1924 2442 dum-

183 2467 318 2498 taxat
343 2468 384 2499 et
411 2466 550 2499 bonos
576 2475 670 2500 esse
697 2468 751 2501 de
777 2467 1114 2509 Ecclesia,esse
1143 2469 1412 2511 Ecclesiam,
1435 2469 1672 2510 pertinere
1691 2469 1754 2503 ad
1770 2467 1924 2502 Eccle-

182 2526 299 2559 siam
328 2527 435 2567 etc.,·
457 2529 716 2567 peccatores
746 2537 851 2561 vero
877 2536 971 2561 esse
998 2529 1186 2571 quidem
1210 2529 1262 2562 in
1288 2528 1508 2569 Ecclesia,
1533 2528 1614 2562 sed
1640 2535 1733 2561 non
1759 2527 1815 2561 de
1837 2527 1922 2560 Ec-

183 2584 335 2626 clesia,
360 2593 505 2627 neque
527 2586 766 2626 pertinere
792 2587 854 2620 ad
880 2586 1147 2629 Ecclesiam,
1172 2588 1266 2621 imo
1293 2596 1386 2621 esse
1412 2589 1549 2621 extra
1576 2585 1842 2620 Ecclesiam.

299 2663 660 2708 Demonstratio
686 2679 730 2719 p.
754 2666 794 2709 I.
837 2669 1023 2707 Libenter
1057 2670 1304 2708 concedimus
1338 2682 1487 2718 suoque
1521 2670 1640 2707 etiam
1670 2670 1752 2707 loco
1784 2670 1923 2718 proba-

181 2725 322 2771 bimus,
358 2726 566 2764 Ecclesiam
601 2739 681 2764 esse
712 2733 894 2773 sanctam,
932 2729 1000 2766 sed
1033 2742 1239 2777 nunquam
1272 2729 1515 2778 probabitur,
1551 2741 1638 2766 eam
1671 2728 1815 2767 idcirco
1849 2728 1924 2767 dici

183 2788 369 2830 sanctam,
393 2785 499 2834 quod
521 2786 664 2823 sanctis
688 2788 845 2824 tantum
866 2788 1052 2825 membris
1075 2790 1241 2826 constet.
1284 2788 1324 2826 Si
1354 2799 1446 2825 vero
1469 2788 1615 2825 Paulus
1636 2787 1770 2826 fideles
1792 2800 1924 2826 omnes

181 2843 526 2881 indiscriminatim
547 2857 663 2882 sanc
676 2848 726 2882 to
740 2858 756 2883 s
778 2849 900 2892 vocat,
923 2847 1099 2884 nondum
1123 2850 1304 2896 sequitur
1324 2847 1537 2884 Ecclesiam
1559 2859 1604 2883 ex
1626 2847 1813 2884 membris
1834 2848 1922 2884 tan·

181 2905 266 2940 tum
284 2902 404 2950 justis
426 2903 650 2941 coalescere.
695 2904 796 2941 Nam
827 2905 1043 2943 secundum
1074 2906 1260 2955 loquendi
1291 2918 1407 2944 usum
1439 2905 1714 2954 quotidianum
1736 2905 1783 2944 de
1804 2908 1922 2956 gente

183 2961 315 3010 aliqua
336 2961 681 3000 indiscriminatim
704 2963 896 3001 affirmare
927 2965 1126 3012 quandam
1157 2965 1469 3014 praerogativam
1500 2965 1680 3010 solemus,
1718 2967 1758 3002 et-
1790 2967 1922 3002 tamen

181 3021 272 3058 inde
294 3033 373 3059 non
395 3021 586 3070 sequitur,
610 3034 694 3059 eam
717 3023 883 3072 singulis
906 3024 1035 3072 gentis
1056 3024 1163 3062 illius
1187 3023 1405 3062 individuis
1427 3025 1664 3072 competere3
1686 3024 1743 3061 ita
1757 3023 1923 3061 dicimus

182 3092 362 3117 romanos
384 3080 505 3118 fuisse
527 3080 656 3119 fortes.
692 3081 743 3119 Ut
765 3082 956 3130 ejusmodi
978 3083 1195 3132 propositio
1218 3083 1270 3120 sit
1290 3095 1393 3128 vera,
1418 3082 1565 3120 suffieit
1587 3085 1633 3120 ut
1653 3083 1722 3120 illa
1742 3082 1922 3132 proprie-
