2175 3382
197 136 281 175 244
480 129 600 164 Tract.
620 127 681 163 Ill.
700 127 753 161 De
771 127 945 161 Ecclesia.
965 126 1126 161 Habitus
1144 127 1240 160 iuter
1258 126 1351 162 Eccl.
1372 127 1408 160 et
1428 125 1658 162 societatem.

5 270 22 313 3
117 281 134 314 ι
196 253 286 290 vino
302 251 533 299 mancipans
553 252 716 300 propter
738 250 855 298 hujus
880 249 1167 286 sublimitatem
1189 247 1334 296 spiritu
1357 248 1514 296 vitaque
1537 248 1701 286 donavit
1721 246 1764 301 ¹),
1800 250 1939 289 variis-

196 323 271 360 que
294 310 341 347 di
358 322 374 347 s
387 310 465 358 cip
478 310 491 347 l
504 309 578 346 ini
591 321 607 346 s
621 338 629 353 ‚
653 321 752 358 quas
775 308 981 358 promovit.
1006 307 1244 345 Nobilitavit
1258 311 1298 344 et
1320 307 1402 344 lab
1415 319 1436 344 o
1447 320 1467 344 r
1479 319 1498 344 e
1510 320 1548 344 m
1570 307 1807 353 manualem,
1822 321 1940 358 quem

7 332 299 432 mand
321 369 434 417 pauci
457 371 633 406 veterum
657 368 807 405 homini
838 367 960 404 libero
983 366 1191 416 indignum
1214 369 1462 403 censuerunt.
1495 365 1682 403 Ostendit
1703 367 1805 404 enim
1826 367 1941 405 nobis

0 437 133 476 mg}
197 441 225 467 s.
258 428 417 477 Joseph,
459 428 537 465 imo
571 427 768 465 Christum
803 427 859 471 D„
907 426 1150 463 laborantem
1192 425 1233 462 in
1274 424 1427 462 officina
1458 425 1582 474 patris
1624 425 1686 462 sui
1720 426 1882 464 nutritii
1893 424 1940 477 2).

0 483 114 524 nabla-L.
196 487 337 525 Merito
369 499 461 536 ergo
493 486 694 524 damnavit
727 485 846 523 Pius
870 485 933 521 IX.
957 484 1045 533 syll.
1066 498 1125 534 pr.
1150 491 1226 523 40:
1262 484 1508 528 „Catholicae
1539 484 1732 522 Ecclesiae
1763 484 1943 523 doctrina

0 532 161 564 Q
197 547 389 589 humanae
413 546 611 584 societatis
633 545 734 582 bono
757 547 795 581 et
818 543 1029 582 commodis
1052 543 1281 581 adversatur
1299 540 1373 594 ³).<'·

0 592 252 662 ‹msto-bal*
311 603 357 645 2.
380 605 557 642 Vicissim
587 617 633 641 ea:
665 604 757 641 bono
789 608 891 640 statu
919 604 1109 640 societatis
1140 603 1260 639 civilis
1293 603 1410 639 multa
1444 602 1662 640 redundant
1683 603 1877 640 commoda
1899 604 1941 640 in

0 657 27 695 i.
47 657 323 733 Ἢεαηι
347 665 563 706 Ecclesiam,
600 663 704 700 sicut
735 675 812 711 quo
846 662 988 699 melius
1011 674 1050 699 se
1073 661 1191 699 habet
1212 673 1366 710 corpus,
1400 674 1445 699 eo
1467 660 1688 709 expeditius
1711 661 1840 699 anima
1861 661 1943 699 suis

0 706 492 780 &thoperationibus
524 735 658 760 vacare
698 724 840 770 potest.
884 721 1069 766 „Etenim
1111 721 1215 758 sicut
1254 720 1458 758 hominum
1490 720 1771 769 intelligentia.
1805 720 1942 758 scribit

0 803 28 827 ρ
44 797 71 835 χ
87 790 131 818 111
197 783 290 820 Leo
314 782 417 820 XIII.
440 782 481 819 in
504 782 564 818 lit.
586 781 705 830 prior.
729 780 807 820 cit..
842 780 875 817 si
898 793 986 818 cum
1022 779 1096 816 fide
1119 779 1332 817 christiana
1354 779 1570 823 conveniat,
1602 779 1778 817 multum
1799 779 1942 817 nobili-

197 843 307 879 tatur
328 842 533 889 multoque
557 840 687 877 evadit
710 841 755 877 ad
771 839 951 877 vitandos
971 851 1015 876 ac
1037 838 1281 887 repellendos
1304 850 1453 876 errores
1474 838 1676 881 munitior,
1693 838 1945 888 vicissimque

197 901 291 938 fides
313 913 393 938 non
414 913 553 949 parum
575 899 764 948 praesidii
787 899 836 943 ab
858 898 1126 948 intelligentia
1147 899 1379 937 mutuatur:
1404 898 1458 935 sic
1480 898 1642 946 pariter,
1670 897 1704 934 si
1726 909 1815 935 cum
1837 909 1943 935 sacra

198 960 392 997 Ecclesiae
424 962 621 1008 potestate
652 958 779 996 civilis
810 957 1025 995 auctoritas
1057 957 1179 994 amice
1202 960 1403 1006 congruat,
1435 969 1577 1006 magna
1603 956 1766 1005 utrique
1787 968 1945 996 necesse

198 1021 259 1056 est
291 1018 359 1055 fiat
389 1018 577 1055 utilitatis
610 1017 786 1055 accessio.
829 1017 1006 1054 Alterius
1039 1016 1142 1054 enim
1166 1015 1430 1064 amplificatur
1451 1015 1639 1065 dignitas,
1672 1017 1723 1060 et,
1750 1016 1943 1065 religione

199 1079 421 1126 praeeunte,
446 1090 648 1125 nunquam
671 1089 750 1114 non
772 1076 850 1114 erit
866 1076 1024 1125 justum
1046 1075 1278 1124 imperium;
1301 1075 1416 1112 alteri
1430 1087 1522 1112 vero
1544 1075 1771 1123 adjumenta
1792 1075 1942 1113 tutelae

198 1139 237 1174 et
259 1136 497 1174 defensionis
519 1136 562 1173 in
584 1136 789 1185 publicum
811 1134 987 1172 fidelium
1013 1135 1156 1172 bonum
1181 1133 1528 1183 suppeditantur.«
1571 1134 1623 1171 Et
1642 1133 1685 1171 in
1707 1134 1796 1172 aliis
1817 1133 1944 1172 literis

197 1196 342 1245 encycl.
365 1196 560 1244 approbat
582 1196 675 1232 haec
696 1194 874 1232 lvonis
897 1196 1043 1232 carnot.
1066 1193 1113 1231 ad
1136 1193 1363 1230 Paschalem
1376 1193 1424 1230 Π.
1439 1190 1657 1245 verba(ep.
1676 1190 1776 1244 238)
1790 1193 1939 1237 :',Cum

198 1267 365 1304 regnum
395 1257 435 1292 et
467 1255 730 1292 sacerdotium
760 1254 866 1292 inter
897 1266 935 1291 se
968 1253 1220 1298 conveniunt,
1251 1253 1351 1290 bene
1378 1252 1534 1301 regitur
1556 1251 1738 1297 mundus,
1769 1252 1883 1290 floret
1904 1254 1943 1289 et

198 1314 408 1351 fructificat
428 1313 613 1351 Ecclesia.
658 1314 754 1351 Cum
775 1325 866 1351 vero
888 1313 993 1350 inter
1015 1325 1054 1350 se
1077 1312 1315 1351 discordant.
1337 1324 1417 1349 non
1438 1313 1596 1349 tantum
1617 1323 1759 1360 parvae
1780 1323 1843 1349 res
1866 1323 1945 1348 non

198 1376 392 1416 crescunt,
418 1373 485 1410 sed
508 1374 628 1410 etiam
648 1384 812 1422 magnae
836 1384 899 1409 res
927 1371 1207 1409 miserabiliter
1229 1371 1473 1408 dilabuntur.
1484 1376 1501 1394 «
1546 1370 1648 1408 Hinc
1669 1370 1820 1408 instans
1841 1369 1944 1408 illud

197 1432 311 1470 Pauli
334 1434 602 1481 praeceptum,
625 1434 673 1469 ut
694 1435 829 1469 oretm·
850 1443 921 1480 pro
943 1431 1103 1480 regibus
1125 1433 1165 1467 et
1187 1431 1383 1475 omnibus,
1412 1430 1481 1478 qui
1502 1430 1543 1467 in
1566 1429 1815 1467 sublimitate
1837 1431 1944 1475 sunt,

201 1497 239 1535 ια
261 1493 425 1541 quietam
449 1496 481 1528 et
502 1492 753 1541 tranquillam
777 1492 889 1528 vitam
912 1503 1072 1540 ayamus
1096 1486 1150 1541 (1.
1174 1489 1272 1526 Tim.
1299 1495 1335 1534 2,
1363 1486 1418 1542 2).

0 1540 99 1577 ¹⁵1⁴*
119 1543 286 1583 ψ
319 1548 361 1590 3.
385 1551 440 1588 Eo
462 1551 548 1599 ipso
571 1554 716 1595 autem,
740 1550 846 1599 quod
869 1549 1040 1587 Ecclesia
1064 1549 1238 1586 intendit
1259 1548 1375 1586 finem
1399 1548 1575 1585 altiorem
1601 1548 1649 1585 ab
1675 1547 1859 1586 omnibus
1873 1548 1942 1585 ho-

0 1589 234 1668 ‘M3
135 1610 374 1665 ,minibus
397 1622 442 1647 ex
458 1610 528 1647 Dei
550 1610 755 1647 voluntate
778 1609 1047 1651 obtinendum,
1070 1610 1190 1658 patet,
1214 1608 1270 1645 ita
1293 1608 1432 1645 saltem
1446 1607 1706 1645 ordinandam
1727 1619 1805 1644 esse
1825 1608 1942 1644 socie-

199 1674 310 1706 tatem
333 1670 496 1718 civilem,
523 1674 563 1706 zet
586 1669 776 1707 Ecclesiae
795 1669 866 1715 fini
887 1680 959 1705 non
985 1669 1219 1715 adversetur,
1241 1667 1346 1704 hunc
1361 1678 1453 1716 ergo
1466 1666 1694 1715 praelucere
1709 1666 1851 1703 debere
1863 1665 1943 1703 rei-

0 1768 3 1778 ,
115 1756 146 1797 r
197 1729 379 1777 publicae
400 1728 738 1773 moderatoribus;
770 1740 847 1776 quo
871 1739 991 1764 sensu
1012 1726 1216 1764 verissime
1248 1725 1404 1775 scripsit
1425 1738 1453 1763 s.
1476 1725 1570 1763 Leo
1593 1726 1642 1762 M.
1665 1725 1714 1762 ad
1742 1724 1943 1775 cognomi-

140 1809 178 1853 e·
197 1799 290 1825 nem
310 1788 609 1837 imperatorem:
629 1787 782 1832 ,Debes
804 1787 1081 1824 incunctanter
1104 1786 1320 1830 advertere,
1342 1785 1491 1835 regiam
1503 1786 1747 1834 potestatem
1767 1783 1843 1821 tibi
1864 1795 1946 1821 non

0 1806 130 1908 U>
199 1847 326 1884 solum
358 1847 405 1884 ad
435 1847 574 1884 mundi
595 1846 782 1897 regimen,
818 1846 885 1883 sed
907 1846 1073 1883 maxime
1104 1845 1154 1882 ad
1175 1844 1370 1882 Ecclesiae
1390 1843 1634 1893 praesidium
1657 1855 1738 1881 esse
1761 1843 1944 1881 collatam

0 1923 163 1951 ...no-
201 1904 277 1958 (ep.
304 1905 415 1958 75).«
458 1906 509 1943 Et
529 1906 606 1943 Leo
628 1906 732 1943 Xffl.
754 1906 797 1942 in
825 1905 885 1942 lit..
909 1917 991 1943 eno.
1018 1913 1051 1945 1.
1075 1905 1172 1942 Nov.
1202 1910 1308 1944 1887,
1341 1903 1473 1941 docet:
1507 1902 1697 1947 »Civilem
1728 1897 1854 1952 igitur
1880 1913 1944 1939 so-

0 1953 184 1991 Μ
109 1974 150 2020 2·
200 1965 383 2002 cietatem
416 1965 614 2003 communi
646 1965 816 2002 utilitati
847 1967 982 2001 natam
1012 1964 1055 2001 in
1076 1963 1224 2001 tuenda-
1245 1963 1507 2012 prosperitate
1530 1962 1768 2011 reipublicae
1789 1972 1944 1998 necesse

0 2016 163 2074 M
199 2026 260 2061 est-
291 2025 345 2061 sic
378 2025 578 2062 consulere
610 2024 772 2069 civibus,
807 2026 854 2061 ut
888 2023 1100 2061 obtinendo
1132 2022 1462 2071 adipiscendoque
1484 2032 1636 2059 summo
1658 2021 1720 2058 illi
1741 2022 1859 2069 atque
1881 2021 1943 2057 in-

6 2078 172 2113 u-J*
199 2083 469 2121 commutabili
500 2083 612 2128 bono,
646 2083 751 2132 quod
782 2085 921 2132 sponte
952 2084 1155 2130 appetunt,
1190 2093 1270 2118 non
1300 2081 1414 2118 modo
1436 2081 1537 2118 nihil
1559 2081 1748 2128 importet
1768 2092 1944 2128 unquam

0 2125 178 2199 *εἴ
200 2142 444 2188 incommodi,
469 2142 536 2179 sed
558 2154 692 2180 omnes
715 2154 969 2191 quascunque
989 2141 1117 2190 possit
1130 2140 1450 2190 opportunitates
1465 2140 1611 2177 afferat.
1636 2139 1809 2183 Quarum
1829 2150 1943 2187 prae-

0 2213 163 2267 ”anu-
200 2201 313 2250 cipua
335 2203 406 2247 est,
430 2204 475 2239 ut
498 2202 616 2239 detur
637 2202 753 2250 opera
773 2201 958 2250 religioni
979 2202 1110 2237 sancte
1132 2200 1399 2248 inviolateque
1422 2198 1646 2244 servandae,
1679 2199 1794 2246 cujus
1817 2196 1946 2235 officia

0 2251 159 2294 ...t-..0²⁶
199 2260 397 2298 hominem
420 2261 499 2299 Deo
522 2261 798 2310 conjungunt<<
822 2262 894 2298 etc.
917 2259 970 2297 Cf.
994 2259 1276 2309 Gregorius
1299 2259 1348 2295 M.
1371 2258 1420 2295 ad
1441 2257 1670 2313 Mauritium
1696 2257 1787 2305 imp.
1810 2269 1870 2306 ep.
1891 2256 1942 2302 ΙΙ,

203 2326 268 2360 65.
311 2320 436 2364 Quare
462 2321 552 2369 jure
583 2320 785 2357 damnavit
806 2318 1025 2371 Pius-J}-
1049 2318 1195 2368 syllabi
1226 2330 1335 2367 prop.
1365 2323 1439 2357 42:
1487 2317 1560 2361 „In
1592 2316 1777 2354 conflictu
1805 2316 1942 2365 legum

199 2379 409 2427 utriusque
438 2379 643 2428 potestatis
669 2379 735 2428 jus
769 2378 887 2416 civile
907 2363 1143 2427 praevalet?
1162 2384 1236 2418 54:
1270 2377 1394 2426 Reges
1426 2378 1466 2414 et
1494 2375 1693 2425 principes
1713 2387 1794 2412 non
1815 2374 1941 2412 solum

201 2438 249 2474 ab
271 2438 463 2484 Ecclesiae
481 2438 762 2487 jurisdictione
779 2438 1019 2482 eximuntur,
1045 2437 1112 2474 sed
1134 2437 1255 2474 etiam
1275 2436 1317 2472 in
1338 2435 1636 2484 quaestionibus
1653 2433 1947 2483 jurisdictionis

201 2495 430 2535 dirimendis
463 2497 682 2546 superiores
715 2499 811 2535 sunt
832 2496 1024 2539 Ecclesia;
1061 2503 1134 2536 57:
1169 2494 1534 2544 Philoeophicarum
1556 2506 1688 2531 rerum
1709 2504 1944 2541 morumque

202 2555 376 2602 scientia,
399 2557 573 2605 itemque
596 2557 730 2594 civiles
762 2557 867 2605 leges
897 2557 1063 2604 possunt
1084 2557 1125 2591 et
1146 2555 1290 2592 debent
1313 2567 1335 2591 a
1357 2554 1490 2591 divina
1510 2556 1550 2591 et
1571 2552 1831 2590 ecclesiastica.
1852 2563 1944 2588 aue-

203 2615 364 2652 toritate
396 2616 628 2653 declinare«
672 2615 724 2654 Cf.
747 2615 994 2652 Mazzella
1025 2614 1124 2662 disp.
1151 2620 1173 2654 3
1197 2627 1229 2651 a.
1255 2620 1290 2653 9.
1320 2621 1381 2654 10.
1404 2612 1643 2650 Mendive
1674 2610 1802 2648 instit.
1824 2610 1944 2648 theol.

350 2730 373 2770 ¹)
393 2728 443 2762 Cf.
463 2729 491 2762 Β
504 2740 523 2763 o
536 2728 614 2763 hle
632 2729 812 2763 Katholik
837 2730 923 2763 1889
943 2727 987 2769 ΙΙ,
1007 2730 1074 2763 561
1094 2738 1141 2761 ss.

348 2782 374 2826 2)
392 2780 443 2815 Cf.
463 2781 484 2815 S
497 2793 517 2815 a
528 2781 552 2815 b
566 2793 585 2815 a
596 2783 613 2815 t
623 2782 635 2816 i
647 2792 666 2815 e
676 2793 694 2815 r
707 2781 745 2815 L*
760 2780 882 2826 Eglise
901 2784 938 2815 et
956 2781 990 2814 le
1008 2780 1143 2815 travail
1159 2780 1318 2820 manuel,
1338 2778 1488 2814 Parisiis
1509 2780 1610 2813 1895.

347 2835 375 2878 3)
393 2833 446 2868 Of.
467 2834 511 2867 de
529 2835 599 2868 hoc
616 2835 781 2869 themate
798 2833 827 2867 B
839 2834 930 2867 alm
943 2844 962 2868 e
974 2845 1002 2875 S,
1030 2833 1094 2867 der
1111 2832 1438 2867 Protestantismus
1455 2831 1667 2877 verglichen
1685 2831 1755 2864 mit-
1773 2830 1856 2864 dem
1874 2829 1945 2863 Ka-

206 2885 456 2924 ffiolicismus:
484 2886 518 2919 H
530 2896 547 2919 e
559 2888 574 2920 t
586 2888 600 2920 t
611 2887 624 2920 i
635 2898 659 2919 n
671 2899 695 2931 g
707 2896 725 2920 e
737 2898 754 2919 r
780 2886 886 2930 Apol.
917 2886 980 2920 des
1009 2885 1231 2922 cmistenth.
1250 2887 1275 2922 t.
1296 2889 1315 2919 2
1345 2896 1383 2930 p.
1402 2889 1423 2920 2
1443 2885 1536 2929 disp.
1555 2887 1597 2918 21
1618 2895 1666 2922 S.;
1695 2883 1768 2918 Wi
1781 2894 1796 2917 s
1809 2894 1828 2917 e
1838 2893 1872 2916 m
1886 2892 1909 2916 a
1919 2894 1944 2915 n

205 2938 344 2972 christl.
356 2938 475 2971 Kunst
487 2937 526 2971 in
541 2948 599 2983 op.
614 2938 802 2972 Abhandl.
821 2938 912 2972 iiber
935 2937 1190 2972 verschiedene
1205 2936 1463 2982 Gegenstande
1477 2939 1510 2977 3,
1524 2937 1733 2974 303-337;
1753 2934 1781 2967 Β
1792 2934 1871 2969 alu
1881 2932 1925 2967 ff
1931 2934 1944 2967 i

203 2993 256 3027 La
273 2992 400 3026 chiesa
415 3002 568 3026 romana
584 2991 832 3026 riconosciuta
849 2991 924 3026 alla
942 3002 1010 3025 sua
1026 2991 1143 3025 carita
1161 3002 1262 3025 verso
1277 2991 1304 3025 il
1319 3002 1383 3025 suo
1397 2991 1575 3035 prossimo
1589 3001 1656 3034 per
1667 2988 1706 3024 la
1719 2999 1806 3024 vera
1818 2988 1945 3022 chiesa

203 3046 240 3080 di
257 3047 352 3081 Gesu
367 3045 524 3085 Christo,
541 3045 680 3089 imolae
703 3048 810 3082 1854:
830 3045 857 3078 1.
868 3045 954 3079 ach
965 3055 1021 3079 au
1032 3045 1055 3079 d
1073 3045 1123 3078 La
1139 3044 1361 3079 civilisation
1379 3054 1427 3078 ou
1442 3044 1496 3078 les
1513 3043 1690 3077 bienfaits
1707 3043 1754 3077 de
1770 3041 1944 3087 l’Eglise:

203 3099 385 3134 Schanz
404 3097 587 3143 Apologie
604 3097 1473 3139 mg152Palm1erith,21;Mendive1‚
1493 3101 1559 3131 245
1579 3108 1624 3130 ss.
