2175 3382
581 114 709 148 Thesis
728 114 920 152 LXXXIII.
941 114 1087 150 Gratiae
1105 117 1304 150 necessitas
1323 116 1367 149 ad
1386 117 1618 153 credendum.
1881 123 1967 166 495

230 237 361 275 tivum
384 236 562 283 dubium,
586 237 707 274 donec
729 236 1102 274 demonstrationem
1127 238 1342 275 secundum
1373 251 1528 276 normas
1561 240 1743 278 scientiae
1775 242 1967 281 humanae

231 296 308 345 ipsi
330 296 578 334 absolverint.
623 295 674 333 Cf.
698 296 861 332 Briick
885 295 1019 332 Gesch.
1044 295 1111 333 der
1133 296 1168 332 k.
1192 297 1332 334 Kirche
1354 298 1395 334 in
1418 299 1615 336 Deutschl.
1644 307 1706 344 11,
1733 307 1814 342 488
1840 314 1867 339 s.

357 386 452 419 476.
495 379 644 427 Dispar
665 379 826 416 conditio
847 379 1018 416 catholici
1049 385 1081 415 et
1110 379 1287 416 haeretici
1318 385 1399 417 orto
1431 381 1553 418 dubio.
1577 404 1632 408 -
1657 382 1740 426 Qua
1770 386 1968 424 occasione

234 438 376 475 merito
400 438 615 486 quaeritur,
639 449 716 486 quo
733 438 823 486 jure
846 441 1074 483 statuamus,
1098 438 1215 474 aliam
1239 451 1323 476 esse
1346 440 1612 477 conditionem
1635 442 1825 488 catholici,
1853 445 1969 482 aliam

232 497 419 534 haeretici
441 499 607 546 urgente
630 496 748 533 dubio
771 497 833 533 vel
855 497 1074 534 tentatione
1096 500 1231 534 contra
1254 498 1380 542 fidem,
1405 498 1543 546 illique
1566 512 1642 536 non
1666 500 1782 538 licere
1805 515 1967 551 suspen-

231 556 325 593 dere
347 568 546 593 assensum
570 556 671 601 fidei,
694 555 785 592 huic
806 568 897 593 vero
918 555 1096 603 permitti
1119 555 1295 602 dubium,
1318 557 1625 605 inquisitionem,
1647 559 1725 596 imo
1748 573 1836 597 eum
1852 563 1969 599 etiam

230 615 400 665 obligari
422 615 470 652 ad
492 615 581 652 fidei
615 614 886 651 mutationem.
928 614 1133 651 Rationem
1170 615 1289 664 hujus
1321 616 1538 664 inaequalis
1569 618 1807 656 conditionis
1838 620 1969 658 innuit

235 686 354 723 supra
377 686 480 711 conc.
504 673 802 711 coloniense
825 676 865 710 et
888 673 1075 710 innititur
1096 673 1203 712 hisce
1225 675 1448 723 principiis:
1479 672 1519 715 1.
1543 676 1647 713 Fieri
1668 679 1818 726 nequit,
1842 685 1888 716 ut
1908 693 1968 717 re-

233 733 378 770 velatio
399 733 441 770 in
463 733 667 770 hominum
689 732 906 769 utilitatem
928 745 1107 770 concessa
1138 736 1177 770 et
1208 734 1254 770 ad
1278 735 1444 772 salutem
1475 736 1701 780 necessaria,
1735 750 1811 784 quo
1842 740 1968 788 magis

230 796 274 829 et
295 792 483 830 sincerius
505 791 778 840 investigetur,
816 804 859 829 eo
883 792 1086 829 obscurior
1108 795 1145 829 et
1168 793 1354 831 incertior
1375 794 1580 839 reddatur3
1617 798 1751 832 contra
1772 800 1818 833 ut
1850 799 1969 835 saluti

232 851 371 888 noxius
394 863 523 895 error,
558 863 636 898 quo
670 851 794 900 magis
827 854 866 888 et
897 851 1094 888 sinceriori
1129 852 1334 901 diligentia
1367 853 1602 901 inquiratur,
1638 867 1681 892 eo
1715 856 1969 904 probabilior,

228 910 382 955 certior,
405 909 628 947 credibilior
649 910 975 958 apprehendatur.
1013 911 1278 959 Supponimus
1299 909 1340 952 2.
1357 912 1439 960 jam
1463 912 1786 959 demonstratum,
1809 916 1968 965 religio-

231 982 321 1006 nem
344 969 574 1006 catholicam
596 980 680 1006 esse
703 969 892 1006 divinitus
914 970 1138 1015 revelatam,
1161 970 1326 1019 ideoque
1349 984 1489 1016 veram,
1514 984 1747 1021 omnemque
1762 978 1967 1023 propterea

228 1028 448 1065 doctrinam
470 1028 517 1065 ab
540 1040 582 1065 eo
606 1028 800 1065 dissonam
822 1040 904 1065 esse
925 1028 1072 1065 falsam.
1115 1029 1217 1066 Fieri
1240 1042 1332 1079 ergo
1356 1027 1398 1070 3.
1421 1031 1572 1079 nequit,
1604 1034 1651 1069 ut
1672 1033 1810 1082 religio
1833 1035 1967 1071 catho-

230 1087 315 1132 lica,
339 1088 451 1135 cujus
472 1087 722 1124 revelationis
746 1088 865 1124 semel
886 1088 1145 1136 respectivam
1167 1089 1444 1126 certitudinem
1466 1090 1597 1139 adepti
1620 1103 1755 1129 sumus
1778 1091 1831 1144 (n.
1850 1094 1963 1145 469),

230 1157 309 1194 quo
343 1147 468 1196 magis
502 1146 766 1194 sinceriusque
798 1147 1082 1195 investigatur,
1115 1159 1158 1184 eo
1191 1148 1499 1196 improbabilior,
1532 1149 1729 1196 incertior,
1762 1152 1968 1201 magisque

231 1205 351 1242 dubia
371 1208 617 1254 agnoscatur,
641 1208 687 1242 ut
709 1205 848 1243 merito
871 1206 1164 1254 prudenterque
1187 1207 1394 1255 abjiciatur
1416 1220 1597 1245 assensus
1629 1209 1670 1246 in
1693 1223 1775 1247 eam
1799 1211 1967 1252 elicitus.

231 1264 356 1308 Quare
378 1261 420 1304 4.
447 1265 480 1302 si
502 1265 543 1301 in
566 1264 695 1302 animo
718 1264 897 1302 catholici
920 1265 1105 1302 oriuntur
1127 1266 1245 1303 dubia
1268 1267 1367 1303 circa
1400 1280 1492 1304 suae
1523 1268 1727 1318 religionis
1760 1270 1966 1308 veritatem

230 1321 352 1375 (quod
374 1323 457 1361 fieri
477 1336 589 1372 posse
610 1335 689 1360 non
711 1321 929 1376 negamus),
962 1337 1041 1362 non
1065 1325 1200 1362 statim
1232 1326 1324 1363 licet
1355 1338 1555 1364 assensum
1589 1329 1708 1365 semel
1740 1333 1968 1378 susceptum

226 1383 272 1419 in
293 1395 334 1419 re
356 1385 437 1420 tam
459 1383 569 1432 gravi
590 1383 814 1431 repudiare:
838 1383 941 1420 sicut
961 1387 1120 1432 propter
1141 1385 1377 1422 tentationes
1400 1386 1557 1423 obortas
1580 1388 1763 1426 nonlicet
1778 1389 1967 1426 virtutem

228 1442 449 1491 oppositam
472 1442 660 1487 deserere,
690 1455 817 1490 neque
848 1443 1007 1492 conjugi
1038 1446 1198 1492 propter
1230 1444 1395 1481 dubium
1427 1445 1472 1482 de
1503 1446 1727 1484 sinceritate
1758 1460 1967 1486 consensus

183 1527 187 1530 -
230 1501 394 1538 alterius
416 1501 542 1550 partis
567 1501 606 1538 in
628 1501 935 1543 matrimonium,
960 1502 1030 1540 hoc
1052 1502 1283 1551 abrumpere
1307 1508 1345 1540 et
1368 1504 1416 1541 ad
1438 1504 1532 1541 alias
1555 1506 1758 1543 convolare
1780 1507 1962 1556 nuptias:

232 1561 296 1597 sed
321 1572 513 1597 consensu
534 1563 688 1597 retento
722 1560 857 1597 licebit
887 1562 921 1598 ei
954 1562 1208 1599 Fundamenta
1239 1563 1440 1612 religionis
1473 1564 1684 1601 catholicae
1714 1565 1963 1616 investigare,

228 1619 440 1656 dubiorum
464 1620 700 1657 solutionem
723 1632 928 1668 quaerere:
954 1633 1114 1658 securus
1139 1621 1242 1658 enim
1264 1634 1346 1658 esse
1369 1624 1509 1670 potest,
1534 1635 1610 1671 quo
1634 1624 1822 1662 sincerius
1845 1638 1967 1674 quae-

227 1679 292 1721 rit,
317 1691 394 1727 quo
416 1679 632 1726 impensius
654 1679 788 1715 lumen
810 1693 831 1716 a
854 1680 931 1716 Deo
953 1680 1064 1728 petit,
1089 1691 1165 1728 quo
1189 1681 1312 1730 magis
1334 1681 1475 1718 bonam
1499 1683 1743 1720 voluntatem
1765 1684 1803 1721 in
1821 1685 1889 1722 hac
1903 1685 1964 1722 in-

225 1737 441 1786 quisitione
464 1751 555 1786 prae
579 1750 617 1775 se
637 1737 724 1782 fert,
748 1750 792 1775 eo
815 1739 1019 1775 certiorem
1041 1742 1080 1776 et
1103 1740 1389 1777 credibiliorem
1411 1740 1445 1777 ei
1466 1741 1576 1778 reddi
1602 1742 1718 1779 fidem
1733 1744 1961 1781 catholicam

228 1799 347 1844 atque
369 1797 410 1833 in
433 1810 476 1834 ea
497 1797 620 1846 magis
653 1809 804 1845 semper
835 1798 1063 1835 confirmari.
1107 1798 1247 1836 Contra
1271 1797 1314 1840 5.
1346 1800 1550 1845 haeretico,
1584 1801 1652 1848 qui
1684 1802 1822 1839 oborto
1853 1804 1962 1853 gravi

229 1855 348 1892 dubio
371 1855 512 1904 incipit
534 1856 731 1904 inquirere
753 1857 853 1893 bona
875 1858 1078 1895 voluntate
1102 1861 1140 1894 et
1163 1858 1310 1896 sincero
1333 1859 1464 1896 studio
1498 1859 1725 1897 inveniendi
1757 1863 1963 1900 veritatem

228 1915 453 1959 revelatam,
487 1928 564 1963 quo
589 1915 779 1952 sincerius
801 1916 978 1964 inquiret
1000 1917 1041 1953 in
1062 1916 1317 1954 fundamenta
1340 1930 1429 1955 suae
1454 1922 1591 1963 sectae,
1626 1932 1669 1957 eo
1702 1921 1843 1958 clarius
1875 1935 1963 1971 gra-

226 1973 353 2010 datim
376 1974 497 2011 discet
521 1975 605 2023 ejus
628 1974 853 2019 falsitatem,
877 1975 972 2012 adeo
996 1981 1041 2012 ut
1061 1977 1217 2013 tandem
1242 1977 1342 2014 clare
1364 1977 1569 2025 perspiciat
1592 1991 1630 2015 se
1654 1981 1800 2017 versari
1830 1980 1871 2017 in
1904 1994 1961 2017 er-

228 2045 325 2078 rore,
350 2033 516 2082 ideoque
538 2045 617 2070 non
640 2034 766 2071 solum
789 2046 828 2071 se
851 2046 973 2082 posse,
1011 2035 1077 2072 sed
1110 2038 1149 2072 et-
1169 2037 1295 2072 teneri
1326 2036 1515 2083 pristinae
1546 2039 1773 2076 renunciare
1804 2052 1963 2088 persua—

230 2092 332 2129 sioni
355 2099 393 2129 et
415 2093 509 2129 alibi
541 2105 724 2141 quaerere
756 2093 973 2130 veritatem.
1016 2094 1128 2138 Quod
1159 2095 1191 2131 si
1223 2092 1267 2134 6.
1291 2107 1369 2132 non
1401 2095 1582 2132 obstante
1615 2096 1800 2147 diligenti
1830 2098 1962 2147 inqui-

227 2151 368 2189 sitione
391 2151 626 2200 assiduaque
649 2152 822 2189 oratione
848 2156 972 2190 sectae
995 2166 1084 2191 suae
1107 2153 1257 2191 falsitas
1278 2167 1358 2191 non
1379 2155 1570 2200 illuceret,
1603 2157 1709 2204 quod
1741 2158 1806 2194 vix
1838 2158 1962 2195 credi-

226 2210 318 2257 bile,
343 2212 445 2248 certe
468 2223 595 2248 coram
617 2211 697 2248 Deo
720 2211 974 2249 excusabitur
995 2225 1155 2249 manens
1178 2213 1279 2250 bona
1301 2213 1373 2250 fide
1396 2214 1437 2250 in
1459 2226 1600 2251 errore.
1624 2215 1676 2252 Cf.
1698 2229 1736 2253 n.
1754 2222 1848 2256 219.
1868 2223 1965 2257 232.

346 2306 443 2346 480.
467 2302 635 2346 TheSiS
660 2302 939 2347 LXXXIII.
980 2319 1033 2352 Ut
1052 2321 1205 2352 autem
1233 2319 1368 2352 homo
1393 2321 1578 2354 credere
1592 2322 1739 2362 possit
1758 2324 1809 2355 ut
1827 2331 1963 2364 opor-

229 2377 303 2417 tet,
323 2375 417 2416 fide
452 2375 548 2409 scil.
583 2375 790 2409 salutari
824 2379 962 2419 atque
997 2378 1271 2419 christiana,
1297 2388 1414 2421 quae
1449 2381 1641 2414 initium
1667 2382 1725 2415 sit
1751 2384 1792 2415 et
1819 2383 1963 2417 radix

218 2435 583 2478 justificationis,
610 2444 786 2469 necesse
812 2439 890 2477 est,
915 2439 965 2470 ut
991 2438 1146 2479 qratia
1181 2438 1513 2473 illustrationis
1548 2441 1962 2484 inspirationisque

222 2495 561 2536 praeveniatur
586 2497 723 2537 atque
749 2494 946 2535 juvetur.

345 2574 723 2619 Demonstratio.
766 2575 913 2616 Thesis
945 2576 1202 2617 catholicum
1234 2578 1528 2630 complectitur
1559 2579 1715 2633 dogma
1746 2592 1874 2633 saepe
1907 2581 1960 2622 ab

229 2643 417 2686 Ecclesia
448 2646 670 2695 sancitum,
702 2647 938 2700 iterumque
971 2648 1260 2689 recentissime
1288 2653 1436 2690 contra
1459 2650 1753 2692 hermesianos
1785 2664 1810 2692 a
1842 2664 1960 2693 conc.

232 2715 444 2764 vaticano,
477 2716 590 2769 quod
620 2729 722 2758 sess.
746 2721 772 2761 3
796 2729 885 2770 cap.
910 2720 935 2761 3
958 2717 1009 2758 de
1033 2718 1112 2759 fide
1136 2719 1276 2760 docet:
1319 2720 1456 2770 „Licet
1477 2725 1620 2762 autem
1641 2721 1738 2763 fidei
1760 2734 1960 2763 assensus

227 2797 499 2839 nequaquam
530 2788 583 2828 sit
613 2793 754 2829 motus
778 2788 907 2828 animi
930 2800 1096 2833 coecus.
1127 2801 1254 2831 nemo
1278 2795 1422 2832 tamen
1445 2792 1715 2844 evangelicae
1737 2792 1958 2845 praedica-

227 2856 332 2897 tioni
354 2859 561 2899 assentire
583 2864 734 2911 potest,
769 2859 878 2900 sicut
913 2864 1079 2912 oportet
1112 2860 1166 2901 ad
1197 2861 1377 2902 salutem
1409 2863 1765 2916 consequendam,
1798 2863 1958 2915 absque

228 2927 534 2970 illuminatione
557 2934 599 2970 et
619 2930 897 2983 inspiratione
920 2929 1099 2983 Spiritus
1121 2933 1269 2980 sancti,
1298 2933 1368 2986 qui
1391 2933 1463 2974 dat
1485 2934 1681 2974 omnibus
1705 2934 1958 2975 suavitatem

226 2998 270 3038 in
301 2999 605 3040 consentiendo
638 3006 680 3041 et
711 3001 921 3042 credendo
954 3002 1119 3043 veritati
1154 3003 1288 3059 (conc.
1322 3005 1500 3045 arausic.
1524 3004 1566 3048 ΙΙ.
1602 3017 1693 3045 can.
1720 3006 1773 3059 7).
1816 3004 1957 3055 Quare

226 3068 328 3109 fides
350 3069 441 3121 ipsa
472 3071 516 3110 in
546 3082 603 3121 se,
634 3071 800 3112 etiamsi
821 3084 896 3125 per
918 3072 1139 3114 caritatem
1163 3086 1249 3115 non
1271 3079 1482 3127 operetur,
1515 3075 1673 3116 donum
1699 3075 1773 3116 Dei
1805 3080 1878 3125 est,
1914 3080 1956 3117 et
