2175 3382
229 139 309 177 141)
619 131 740 163 'l'1·act.
763 129 802 163 ll.
824 129 873 162 De
894 128 1101 162 traditione.
1122 127 1332 161 Catliolicus
1352 126 1560 160 intellectus

227 255 333 290 sione
357 255 536 290 servatur
558 256 594 289 et
619 252 810 292 traditur:
833 254 889 289 est
905 253 1035 288 autem
1052 253 1089 288 et
1105 251 1248 287 dicitur
1272 262 1331 289 ,co
1343 262 1368 286 n
1381 262 1396 286 s
1409 249 1449 286 ci
1463 262 1482 286 0
1495 249 1605 285 ntia
1628 249 1664 285 fi
1676 249 1700 285 d
1712 249 1768 294 ei,
1792 261 1810 285 c
1822 254 1863 286 at
1882 250 1905 286 h
1918 261 1958 286 o-

227 313 360 349 licus
383 311 708 355 intellectus,
733 310 1139 348 ecclesiasticus
1163 321 1357 352 sensus,
1394 308 1527 345 fides
1551 307 1747 356 scripta
1779 308 1827 345 in
1859 321 1959 346 cor-

221 372 246 407 11
263 372 272 407 1
289 372 310 405 l»
324 384 349 408 11
362 383 389 415 5,
414 384 430 407 5
442 384 463 407 0
475 384 498 419 p
512 370 523 406 i
536 383 555 407 e
568 383 593 406 n
605 374 621 406 t
634 370 643 405 i
657 384 677 406 a
699 383 723 406 n
736 383 756 407 o
769 383 794 406 n
817 382 832 406 s
846 382 864 406 c
878 383 895 406 1·
908 370 919 406 i
931 383 955 417 p
966 372 984 406 t
995 374 1040 409 a.‘
1065 369 1098 406 si
1122 369 1265 405 directe
1287 369 1486 417 spectatur
1510 367 1680 404 Ecclesia
1702 366 1771 404 hac
1785 367 1960 404 doctrina

226 430 433 467 informata
455 432 494 466 et
515 429 667 466 imbuta
690 429 762 466 sub
785 428 1005 466 assistentia
1029 427 1198 477 Spiritus
1222 427 1345 464 sancti
1369 430 1409 463 et
1423 426 1652 463 charismate
1667 426 1845 474 praedita
1858 426 1959 463 veri-

225 490 317 526 tatis
341 489 388 525 ad
411 488 717 537 intelligendam,
742 487 1037 524 custodiendam
1070 491 1107 523 et
1140 486 1347 523 docendam
1371 485 1562 534 integram
1585 484 1874 530 revelationem,
1900 485 1960 522 vel

218 548 341 585 *etiam
365 548 398 585 si
421 549 621 596 spectatur
644 546 821 584 doctrina
842 546 1013 583 revelata
1035 545 1249 593 subjective
1272 548 1315 582 ut
1339 547 1492 593 recepta
1514 547 1572 581 est
1594 544 1634 581 in
1656 543 1835 588 Ecclesia,
1859 556 1961 581 eam-

225 619 300 655 que
332 607 441 644 velut
474 607 668 648 informat,
703 606 849 642 animat
881 607 920 642 et
952 604 1146 641 fecundat.
1190 604 1242 641 Cf.
1266 603 1535 641 Franzelin
1567 604 1621 639 th.
1663 609 1734 647 113
1768 603 1962 640 Mohler

227 666 428 715 Symbolik
453 664 472 708 ἓ
499 672 574 706 8:32
598 664 795 702 Scheeben
819 662 838 705 ἓ
870 671 929 703 15.

348 748 440 788 126.
475 744 805 787 corollarium
827 742 907 785 IV.
952 741 1186 782 catholicus
1218 741 1441 782 intellectus
1473 753 1601 782 sensu
1636 741 1852 782 declarato
1889 753 1960 782 ac-

223 820 371 867 ceptus
404 821 445 855 et
475 815 516 855 in
549 814 839 855 consentiente
866 813 1025 865 Judicio
1049 812 1332 853 successionis
1354 812 1615 865 apostolicae
1638 817 1865 865 spectatus,
1898 817 1962 853 est

224 900 266 929 a..
299 886 376 926 sub
409 885 640 925 directione
672 882 852 937 Spiritus
885 884 1023 924 sancti
1058 897 1204 924 norma
1233 882 1467 936 infallibilis
1489 883 1794 937 interpretandi
1816 896 1963 924 sacras

233 959 500 1010 Scripturas.-
522 955 633 996 unde
658 957 702 999 l).
728 955 987 1008 praedicatio
1003 954 1303 1003 ecclesiastica,
1328 960 1536 1006 quatenus
1551 954 1737 995 continet
1756 954 1961 1006 judicium

224 1027 499 1068 consentiens
514 1026 565 1067 de
581 1026 864 1078 singularibus
879 1024 1123 1078 Scriptizrae
1138 1025 1252 1074 locis,
1275 1024 1520 1077 simpliciter
1542 1029 1583 1065 et
1606 1024 1799 1066 absolute
1814 1036 1962 1066 eorum

226 1099 453 1150 genuinum
477 1109 649 1138 sensum
674 1097 863 1145 exhibet;
885 1096 1116 1137 universim
1138 1101 1281 1137 autem
1305 1100 1496 1148 spectata
1519 1100 1581 1136 est
1605 1107 1645 1138 c.
1671 1107 1811 1136 canon
1832 1096 1961 1136 inter—

224 1169 474 1221 pretationis
497 1167 802 1219 significatione
834 1172 1092 1220 negante,
1128 1167 1241 1220 quod
1274 1178 1424 1207 sensus
1460 1167 1496 1207 ei
1531 1165 1833 1207 contradicens
1855 1178 1964 1207 nun-

225 1252 352 1293 quam
389 1240 522 1292 possit
556 1251 649 1280 esse
685 1250 830 1285 verus;
872 1243 914 1279 et
954 1239 1001 1281 d.
1039 1237 1343 1289 significatione
1379 1236 1723 1285 affirmante,
1760 1236 1872 1289 quod
1908 1236 1963 1277 ad

224 1323 374 1352 verum
397 1322 569 1351 sensum
592 1309 889 1362 reperiendum
910 1309 977 1350 vel
1009 1307 1347 1349 confirmandum
1369 1307 1617 1360 plerumque
1641 1307 1901 1348 manuducat
1923 1312 1966 1348 et
2012 1323 2015 1325 ’

225 1394 312 1423 11011
334 1382 606 1423 mediocriter
624 1381 755 1433 Juvet.
798 1378 911 1421 Sane
944 1380 979 1420 si
1010 1379 1204 1432 apostoli,
1231 1379 1353 1431 juxta
1375 1378 1662 1419 Irenaeum
1684 1377 1727 1427 II,
1759 1382 1798 1427 4,
1821 1378 1862 1419 in
1885 1377 1965 1424 Εο-,

225 1453 354 1494 010510
369 1457 589 1505 tamquam
612 1452 655 1492 in
678 1452 984 1504 depositorium
1007 1451 1123 1492 dives
1139 1450 1408 1491 contulerunt
1423 1449 1579 1498 omnia,
1602 1461 1711 1502 quae
1735 1454 1832 1490 sunt
1853 1450 1965 1490 veri-

228 1525 336 1572 tatis,
370 1529 411 1564 et
442 1524 476 1564 si
508 1524 601 1575 ipsa
632 1528 696 1564 est
727 1527 870 1563 custos
904 1526 945 1563 et
966 1522 1249 1574 dispensatrix
1272 1521 1395 1573 hujus
1418 1520 1617 1573 depositi:
1653 1532 1737 1561 non
1768 1520 1895 1561 debet
1925 1519 1967 1561 id

226 1595 363 1647 accipi
376 1599 540 1635 tantum
557 1594 833 1634 materialiter
855 1593 906 1634 de
928 1593 1081 1643 verbis,
1105 1592 1306 1641 formulis,
1329 1590 1679 1640 theorematibus
1702 1591 1778 1632 sed
1801 1591 1853 1632 de
1875 1592 1967 1644 ipsa

227 1665 503 1718 intelligentia
527 1665 750 1706 veritatum
773 1665 1078 1713 revelatarum3
1111 1669 1152 1705 et
1183 1665 1281 1705 hinc
1313 1668 1377 1704 est
1408 1663 1521 1716 quod
1542 1667 1687 1715 patres
1714 1662 1766 1703 de
1797 1663 1965 1703 intel-

227 1737 376 1777 lectu
411 1736 715 1785 catholico,
751 1736 812 1777 ‹le
847 1747 1011 1776 sensu
1045 1735 1443 1776 ecclesiastico
1478 1734 1719 1787 loquantur.
1766 1733 1907 1785 Quare
1942 1746 1968 1775 a

229 1807 387 1860 Spiritu
401 1808 475 1848 Dei
498 1813 776 1849 conservatur
792 1813 996 1860 perpetuo
1019 1808 1062 1848 in
1083 1807 1272 1848 Ecclesia
1294 1819 1381 1847 non
1403 1806 1541 1847 solum
1556 1805 1733 1847 verbum
1748 1805 1968 1846 materiale

231 1878 485 1931 Scripturae‚
523 1879 597 1920 sed
629 1879 719 1932 ejus
742 1891 892 1920 sensus
917 1883 957 1920 et
978 1879 1216 1920 intellectus
1239 1879 1457 1931 genuinus,
1491 1890 1573 1931 quo
1597 1878 1805 1918 instructa
1827 1881 1869 1917 et
1890 1877 1968 1916 im-

229 1950 333 1991 buta
355 1949 581 1991 infallibilis
613 1951 691 1991 erit
723 1964 753 1990 5.
786 1949 1031 2002 Scripturae
1062 1950 1282 2002 interpres.
1334 1949 1457 2000 „Quis
1489 1960 1602 1989 nunc
1625 1948 1833 1989 medullas
1855 1946 1968 1988 Scri-

229 2026 463 2074 pturarum,
491 2022 625 2074 inquit
657 2021 711 2061 ad
742 2033 833 2062 rem
855 2020 1236 2062 Tertullianus
1259 2019 1487 2073 Scorpiace
1511 2032 1544 2060 c.
1572 2023 1636 2068 12,
1668 2019 1803 2071 magis
1825 2022 1970 2060 nosset

229 2104 358 2145 quam
380 2092 472 2144 ipsa
495 2091 648 2133 Christi
671 2092 849 2134 schola?
874 2104 981 2144 quos
1004 2096 1045 2132 et
1066 2091 1146 2132 sibi
1168 2091 1395 2144 discipulos
1419 2090 1637 2142 adoptavit
1659 2089 1802 2130 omnia
1824 2089 1969 2142 utique

228 2163 473 2204 edocendos
496 2167 537 2203 et
558 2162 682 2203 nobis
705 2163 930 2215 magistros
954 2162 1180 2203 adornavit
1203 2162 1348 2203 omnia
1369 2162 1513 2214 utique
1536 2161 1774 2204 docturOS.“
1825 2157 1882 2203 Cf.
1919 2159 1970 2200 de

231 2246 414 2286 praescr.
438 2246 471 2277 C.
495 2237 562 2278 38.

352 2321 515 2357 Parrum
537 2322 582 2357 de
604 2321 670 2357 hoc
692 2321 878 2357 doctrina.
894 2342 950 2347 —-—
965 2318 1076 2363 Quod
1098 2319 1226 2368 ipsum
1249 2319 1367 2356 etiam
1382 2319 1565 2356 universa
1579 2317 1794 2365 antiquitas
1808 2316 1970 2353 0111100-

232 2380 353 2417 retice
387 2381 425 2416 01
447 2380 615 2428 practice
639 2377 745 2431 (cum
778 2379 825 2415 de
857 2378 988 2427 aliquo
1019 2381 1131 2415 textu
1163 2378 1381 2427 dogmatico
1414 2376 1612 2415 autentice
1643 2375 1870 2424 explicando
1904 2375 1971 2412 ad-

233 2451 370 2475 versus
402 2439 617 2476 haereticos
651 2435 850 2490 ageretur)
884 2437 1019 2475 sensit.
1062 2437 1227 2482 >>01111115
1258 2449 1383 2475 sermo
1415 2437 1450 2474 ei
1482 2434 1687 2481 constabit,
1718 2434 1852 2483 inquit
1873 2434 1971 2471 Ire-

231 2510 390 2534 naeus
413 2497 477 2541 IV,
504 2504 568 2543 31,
605 2497 638 2534 51
661 2499 699 2534 01
723 2497 946 2545 Scripturas
979 2496 1192 2546 diligenter
1221 2496 1363 2546 legerit
1395 2496 1498 2545 apud
1530 2507 1606 2540 eos,
1639 2493 1707 2543 qui
1739 2494 1781 2530 in
1801 2493 1973 2531 Ecclesia

233 2560 328 2593 sunt
350 2556 583 2605 presbyteri,
621 2557 724 2605 apud
758 2568 856 2604 quos
889 2558 949 2593 est
980 2555 1194 2604 apostolica
1226 2555 1415 2600 doctrina,
1450 2553 1779 2603 quemadmodum
1813 2552 1971 2590 demon-

235 2615 447 2652 stravimus
480 2612 526 2666 (c.
554 2622 603 2655 26
629 2616 674 2652 cf.
699 2627 816 2663 supra
846 2628 884 2652 11.
915 2621 991 2654 116
1013 2611 1043 2667 1)
1067 2619 1084 2637 <<
1108 2637 1164 2641 ——
1187 2614 1237 2651 Et
1260 2614 1509 2664 Origenes
1541 2614 1747 2650 comment.
1770 2611 1813 2648 in
1834 2611 1972 2649 Matth.

233 2687 271 2710 n.
297 2680 372 2714 46:
409 2674 598 2718 „Quoties
623 2672 840 2725 (haeretici)
865 2673 1068 2711 canonicas
1098 2674 1305 2722 proferunt
1326 2673 1558 2721 Scripturas,
1592 2671 1634 2708 in
1665 2670 1809 2719 quibus
1843 2671 1972 2708 omnis

232 2733 474 2770 christianus
497 2734 689 2770 consentit
711 2735 749 2770 et
772 2733 906 2778 credit,
930 2732 1285 2784 videnturdicere:
1318 2732 1415 2769 Ecce
1449 2732 1491 2768 in
1522 2730 1701 2768 domibus
1723 2731 1781 2766 est
1809 2729 1970 2766 verbum

234 2791 416 2829 veritatis
440 2790 596 2844 (Matth.
623 2798 687 2837 24,
715 2792 793 2841 26).
829 2791 904 2829 Sed
925 2803 996 2829 nos
1019 2791 1097 2828 illis
1121 2791 1276 2828 credere
1290 2804 1369 2828 non
1384 2791 1582 2834 debemus,
1606 2801 1677 2825 nec
1691 2788 1794 2826 exire
1810 2789 1973 2836 aprima

235 2854 275 2887 01
298 2851 558 2888 ecclesiastica
578 2851 801 2896 traditione,
824 2863 896 2888 nec
910 2850 1026 2887 aliter
1040 2850 1206 2896 credere,
1229 2850 1308 2887 nisi
1329 2848 1658 2898 quemadmodum
1679 2860 1749 2896 per
1763 2847 1972 2885 successio-

235 2922 326 2946 nem
357 2910 553 2947 Ecclesiae
584 2910 654 2946 Dei
685 2909 878 2946 traditum
910 2912 1007 2949 est«
1031 2931 1087 2936 —-
1108 2909 1169 2946 Ita
1200 2911 1240 2946 et
1261 2909 1494 2946 Hilarius
1529 2905 1587 2960 (in
1607 2906 1745 2943 Matth.
1778 2912 1822 2946 13
1846 2919 1884 2943 n.
1912 2904 1972 2959 1):

237 2995 254 3013 ,,
268 2969 470 3018 Significat
493 2965 689 3021 (Christus
712 2981 731 3005 e
745 2969 837 3005 navi
852 2965 1007 3020 docens)
1031 2980 1108 3014 eos,
1131 2968 1200 3016 qui
1214 2970 1323 3005 extra
1337 2967 1546 3005 Ecclesiam
1560 2965 1681 3014 positi
1695 2968 1800 3011 sunt,
1822 2966 1974 3003 nullam

232 3027 362 3064 divini
385 3027 578 3065 sermonis
602 3039 738 3076 capere
758 3039 873 3075 posse
894 3026 1213 3076 intelligentiam.
1247 3026 1366 3064 Navis
1388 3026 1489 3063 enim
1504 3024 1694 3062 Ecclesiae
1707 3027 1848 3074 typum
1860 3036 1972 3073 prae-

236 3086 325 3130 fert,
362 3086 468 3123 intra
490 3099 606 3134 quam
629 3086 790 3123 verbum
814 3086 917 3123 vitae
938 3086 1111 3134 positum
1133 3087 1173 3122 01
1192 3085 1459 3134 praedicatum
1489 3083 1541 3130 hi,
1574 3083 1642 3131 qui
1673 3087 1781 3121 extra
1811 3084 1903 3121 sunt
1934 3085 1974 3119 et
