2175 3382
695 106 820 140 Thesis
840 107 898 141 Ill.
918 105 1168 141 Rex-elationis
1187 107 1341 143 utilitas.
1836 115 1885 155 17

155 226 363 268 laborare.
406 225 467 266 Ita
489 226 725 266 astronomi
747 238 1017 278 summopere
1042 226 1235 278 gaudent,
1268 227 1302 267 si
1330 227 1504 280 alicujus
1528 230 1625 269 novi
1648 229 1798 270 sideris
1819 229 1885 270 vel

156 296 292 338 solam
307 296 596 337 exsistentiam
612 301 884 347 cognoscant,
908 296 1075 337 etiamsi
1089 297 1180 349 ejus
1194 302 1391 338 naturam
1415 303 1456 338 et
1469 300 1748 351 proprietates
1764 300 1888 352 plane

156 368 360 421 ignorent.
383 365 464 408 Per
484 365 790 408 revelationem
814 371 955 407 autem
979 367 1277 420 mysteriorum
1303 367 1458 420 aliquid
1481 369 1630 409 saltem
1653 371 1889 421 innotescit,

157 450 306 480 eorum
327 437 413 479 scil.
436 437 693 485 exsistentia,
717 438 911 490 quamvis
933 450 1020 478 non
1043 438 1208 486 modus,
1231 451 1313 491 quo
1337 450 1382 479 se
1404 438 1602 480 habeant.
1652 440 1732 490 „De
1764 441 1890 483 rebus

156 508 440 557 nobilissimis,
462 508 597 560 inquit
617 521 648 548 s.
671 507 779 548 Tho
793 520 871 548 ma
886 521 905 548 s
928 520 961 548 c.
985 514 1130 560 gentes
1145 508 1170 556 I,
1195 511 1232 555 ὃ,
1256 513 1631 562 quantumcunque
1646 510 1889 563 imperfecta

158 579 340 632 cognitio
355 579 587 620 maximam
602 578 904 630 perfectionem
921 579 1090 619 animae
1114 578 1286 628 confert,
1310 585 1352 620 et
1374 579 1468 620 ideo
1492 582 1685 632 quamvis
1708 593 1759 622 ea
1781 594 1890 634 quae

157 662 287 703 supra
307 650 519 691 rationem
541 653 649 698 sunt,
673 650 781 690 ratio
805 649 995 690 humana
1017 649 1139 702 plene
1163 662 1316 702 capere
1340 662 1426 691 non
1448 652 1593 703 possit,v
1619 656 1760 692 tamen
1782 653 1890 693 mul-

158 726 247 762 tum
270 720 349 761 sibi
370 719 640 773 perfectionis
662 720 906 773 acquiritur,
930 721 965 761 si
987 720 1137 761 saltem
1161 732 1212 761 ea
1235 720 1583 774 qualitercunque
1606 726 1750 763 teneat
1771 722 1883 763 fide.'·'

159 791 216 833 Cf.
231 790 379 850 1V,}54.
400 790 450 832 Et
468 790 558 843 jam
580 805 611 832 s.
634 791 970 843 Augustinus
997 792 1048 833 de
1071 792 1214 844 genesi
1236 792 1290 832 ad
1312 792 1367 832 lit.
1390 793 1412 832 l.
1436 796 1462 836 ξ)
1485 805 1523 836 n,
1540 795 1595 836 34
1619 793 1775 841 statuit,
1799 805 1892 834 esse

166 862 512 914 „incomparabili
533 860 732 903 felicitate
754 863 1040 914 praestantius
1062 862 1194 903 Deum
1219 874 1270 903 ex
1293 863 1665 916 quantulacunque
1687 864 1891 915 particula

159 934 226 986 pie
247 938 390 974 mente
421 933 589 981 sentire,
622 945 750 986 quam
782 933 853 973 illa
885 934 1086 974 universa
1119 934 1298 989 (creata)
1327 934 1725 986 comprehendere.‘·'
1775 934 1892 975 Hans-

161 1004 443 1057 capacitatem
474 1006 517 1048 3.
541 1004 695 1057 probat
718 1005 806 1057 ipse
829 1005 946 1045 nisus
969 1009 1011 1045 et
1033 1005 1213 1045 aviditas
1236 1005 1413 1046 humani
1435 1006 1600 1057 generis
1622 1006 1663 1046 in
1688 1018 1893 1058 supernas

159 1077 462 1118 revelationes:
485 1075 727 1116 avidissime
743 1076 855 1116 enim
870 1075 962 1116 illas
983 1076 1146 1128 excipit.
1170 1076 1336 1128 quoties
1360 1088 1456 1117 cum
1479 1077 1621 1129 aliqua
1643 1077 1732 1118 veri
1754 1077 1893 1129 specie

160 1147 240 1200 ipsi
261 1151 569 1200 proponuntur.

310 1269 318 1277 -
339 1237 509 1281 TheSiS
528 1237 622 1279 ῙΠ·
650 1240 884 1286 'Rei-elatio
897 1252 1146 1284 veritatum
1157 1254 1249 1284 tam
1264 1252 1568 1285 rationalium
1584 1261 1721 1294 quam
1736 1260 1894 1294 super-

161 1310 469 1344 rationalium
495 1310 746 1351 multiplici
777 1319 836 1344 ex
867 1311 1018 1351 capite
1045 1310 1317 1343 conveniens
1342 1312 1385 1343 et
1404 1310 1542 1357 'utilis
1567 1311 1744 1343 censeri
1767 1319 1894 1343 same-

161 1379 329 1417 maque
354 1371 508 1404 animi
532 1370 821 1412 mulitudine
849 1370 1001 1410 excipi
1027 1369 1169 1403 (lebet.

281 1451 642 1495 Demonstratio
664 1464 710 1506 p.
733 1451 772 1494 Ι.
820 1450 859 1493 1.
885 1449 1109 1500 Quaelibet
1138 1450 1344 1490 institutio
1373 1450 1562 1490 veritatis
1585 1449 1709 1490 debet
1732 1451 1894 1490 censeri

162 1521 294 1568 utilis;
317 1522 433 1574 atqui
454 1521 656 1562 revelatio
681 1526 745 1562 est
767 1521 980 1574 quaedam
1001 1521 1191 1561 veritatis
1214 1521 1439 1568 instituti03
1463 1532 1561 1572 ergo
1586 1525 1650 1561 est
1671 1520 1792 1563 utilis.

282 1594 323 1637 2.
345 1592 489 1646 quue
503 1593 678 1645 majoris
692 1592 882 1633 utilitatis
905 1597 968 1632 est
991 1591 1133 1644 aliqua
1155 1591 1372 1638 institutio,
1397 1603 1479 1643 quo
1504 1591 1735 1643 sapientior
1757 1591 1802 1639 is,
1825 1591 1895 1643 qui

164 1663 309 1713 docet3
341 1677 424 1717 quo
447 1664 622 1716 majoris
645 1665 850 1705 momenti
872 1668 970 1704 sunt
1001 1675 1063 1711 ea,
1097 1674 1205 1715 quae
1228 1662 1375 1710 tradit3
1408 1674 1491 1714 quo
1515 1663 1653 1715 aptior
1677 1664 1895 1716 magisque

165 1735 220 1775 ad
251 1736 440 1776 omnium
473 1740 642 1788 captum
666 1735 948 1776 accomodata
979 1739 1043 1775 est
1074 1733 1310 1781 methodus,
1343 1746 1425 1786 qua
1457 1734 1499 1774 in
1531 1733 1723 1775 docendo
1755 1734 1895 1774 utitur.

165 1805 293 1859 Atqui
305 1806 565 1847 revelatione
585 1806 710 1847 docet
730 1807 819 1858 ipse
834 1805 957 1854 Deus,
981 1810 1022 1846 et
1044 1805 1169 1846 docet
1191 1817 1242 1846 ea
1265 1817 1374 1857 quae
1397 1805 1551 1845 summi
1573 1809 1671 1845 sunt
1692 1805 1896 1846 momenti

165 1888 242 1928 pro
264 1877 453 1918 humano
474 1888 647 1929 genere;
670 1876 894 1918 methodus
910 1881 1064 1925 autem,
1088 1888 1171 1929 qua
1193 1876 1323 1916 utitur
1345 1876 1386 1915 in
1409 1875 1490 1916 hac
1511 1875 1785 1924 institutione,
1809 1876 1896 1916 exi-

165 1946 303 1998 gendo
326 1947 411 1991 scil.
433 1947 558 1989 fidem
582 1953 756 2000 propter
778 1960 900 1989 suam
923 1948 1233 1995 auctoritatem,
1260 1947 1356 1987 talis
1380 1950 1454 1995 est,
1485 1951 1532 1986 ut
1552 1946 1667 1987 nulla
1690 1946 1824 1998 magis
1846 1947 1896 1986 sit

167 2017 493 2059 accommodata
515 2018 658 2071 generi
683 2019 885 2061 humano,
931 2017 1053 2069 Quod
1084 2022 1130 2058 ut
1160 2017 1451 2070 perspiciatur,
1481 2017 1589 2057 haec
1622 2022 1720 2057 ante
1754 2016 1898 2057 oculos

166 2087 424 2129 habeantur:
456 2102 496 2132 a.
529 2088 681 2141 duplici
711 2089 779 2129 via
803 2089 1036 2141 generatim
1058 2089 1274 2129 hominem
1301 2088 1520 2140 acquirere
1542 2087 1733 2128 veritatis
1755 2079 1898 2137 cogni-

166 2159 338 2208 tionem,
360 2159 578 2200 ratione
602 2163 643 2200 et
665 2160 1031 2207 auctoritate3
1065 2160 1112 2202 b.
1137 2159 1331 2208 homines
1355 2169 1504 2198 omnes
1526 2158 1616 2198 sine
1638 2158 1724 2198 ulla
1746 2169 1899 2210 excep-

167 2229 282 2270 tione
311 2229 504 2282 plurima,
535 2231 620 2271 imo
652 2231 854 2284 pleraque
876 2231 1038 2271 discere
1067 2231 1135 2270 via
1167 2229 1550 2277 auctoritatiS,
1582 2229 1649 2269 cui
1680 2228 1745 2269 vel
1777 2229 1899 2269 unice

167 2300 235 2342 vel
256 2313 411 2353 magna
433 2314 483 2343 ex
506 2308 625 2355 parte
644 2304 877 2344 innituntur
892 2315 1040 2344 omnes
1055 2302 1141 2344 fere
1157 2302 1415 2354 disciplinae,
1437 2301 1627 2341 innititur
1641 2299 1778 2339 omnis
1794 2299 1897 2339 ordo

168 2371 357 2419 socialis;
380 2385 419 2416 c.
443 2373 650 2426 majorem
665 2374 887 2414 hominum
909 2378 1074 2426 partem
1098 2377 1270 2425 propter
1292 2371 1500 2412 defectum
1524 2371 1612 2411 sive
1634 2369 1788 2421 ingenii
1810 2369 1896 2409 sive

168 2443 372 2495 temporis
403 2444 468 2485 vel
498 2449 672 2497 propter
703 2444 785 2485 alia
813 2444 1014 2497 adjuncta
1036 2443 1290 2496 praecipuas
1314 2442 1514 2482 veritates
1536 2441 1708 2493 proprio
1731 2440 1901 2492 assequi

169 2525 257 2554 non
276 2526 404 2566 posse
425 2515 577 2564 studio,
600 2515 781 2568 ideoque
803 2516 882 2556 nisi
905 2526 980 2555 eas
1002 2514 1101 2555 velit
1118 2514 1326 2566 ignorare,
1351 2512 1602 2553 auctoritate
1616 2511 1803 2552 innixam
1827 2521 1899 2550 eas

170 2583 343 2625 credere
366 2585 532 2627 debere.
576 2586 703 2639 Atqui
725 2585 914 2639 profecto
948 2586 990 2628 d.
1016 2585 1248 2625 auctoritas
1272 2596 1322 2625 eo
1347 2583 1486 2636 aptior
1509 2586 1571 2623 est
1594 2581 1648 2622 ad
1672 2580 1900 2621 concilian-

170 2654 270 2695 dum
292 2655 372 2696 sibi
394 2668 616 2698 assensum
639 2661 680 2697 et
702 2656 838 2704 fidem,
871 2669 954 2709 quo
986 2655 1124 2707 major
1146 2660 1209 2696 est
1231 2666 1399 2707 quoque
1422 2654 1556 2705 magis
1579 2652 1633 2693 ab
1657 2663 1799 2693 errore
1822 2651 1901 2690 im-

171 2725 322 2775 munis,
351 2730 397 2767 ut
427 2730 491 2767 est
520 2727 722 2768 revelatio
756 2727 907 2768 divina.
950 2725 1073 2767 Patet
1099 2737 1198 2777 ergo
1222 2726 1409 2765 humano
1434 2724 1576 2776 generi
1599 2720 1902 2763 accommoda—

170 2796 379 2837 tissimam
401 2808 495 2840 esse
516 2799 823 2840 institutionem
846 2809 920 2850 per
943 2797 1240 2838 auctoritatem
1266 2807 1445 2847 eamque
1469 2794 1654 2834 divinam
1679 2794 1717 2847 1).
1761 2790 1903 2841 Quare

319 2916 342 2960 ¹)
354 2914 407 2949 Cf.
419 2916 462 2950 de
472 2916 543 2950 hoc
552 2918 781 2958 argumento.
794 2926 866 2959 quo
878 2915 1011 2948 invicte
1021 2913 1232 2947 retunditur
1243 2910 1514 2945 incredulorum
1528 2908 1774 2952 spernentium
1790 2906 1897 2938 fidem

171 2981 268 3005 vana
284 2970 475 3004 temeritas
493 2971 530 3004 et
547 2969 769 3014 arrogantia,
788 2981 814 3002 s.
835 2970 899 3002 Au
913 2968 1047 3012 gusti
1060 2978 1145 3000 nus
1173 2966 1216 3000 de
1243 2965 1346 2998 utilit
1376 2963 1547 2997 credendi
1566 2975 1601 2996 n.
1621 2966 1676 2996 24.
1696 2964 1746 2993 28.
1769 2962 1823 2992 234.
1843 2962 1898 2992 35.

173 3030 211 3058 et
228 3023 272 3057 de
289 3023 452 3056 moribus
470 3022 652 3056 Ecclesiae
669 3021 692 3058 l.
714 3025 731 3056 1
753 3034 789 3056 n.
812 3025 863 3055 11.
886 3024 926 3054 12
945 3031 1066 3064 opuss.
1086 3031 1107 3053 a
1122 3019 1230 3052 nobis
1249 3018 1428 3051 editorum
1448 3018 1473 3049 t.
1488 3015 1546 3047 Vl.
1566 3013 1783 3047 cumannot.
1797 3023 1829 3054 p.
1843 3013 1900 3049 55),

173 3080 211 3112 et
226 3076 361 3111 XXVlt
380 3088 464 3122 pag.
482 3077 546 3115 49:
567 3075 793 3120 Origines
812 3087 841 3110 c.
863 3074 1006 3109 Celsum
1024 3073 1048 3107 l.
1070 3077 1081 3106 ]
1106 3084 1140 3107 n.
1164 3075 1204 3107 19
1222 3084 1270 3107 s:
1291 3083 1317 3105 S.
1336 3070 1430 3103 Tho
1446 3080 1539 3102 mas
1559 3071 1589 3101 2.
1609 3070 1640 3099 2.
1660 3077 1692 3108 q.
1714 3068 1731 3097 2
1751 3075 1782 3097 a.
1802 3067 1833 3096 4.

1644 3128 1662 3143 ι)

314 3149 337 3173 Η
349 3157 365 3173 u
378 3152 410 3174 rt
423 3156 459 3174 er
472 3170 478 3179 ,
499 3148 648 3180 Compend.
669 3147 820 3180 theologiae
842 3148 864 3177 1,
889 3145 919 3170 10
951 3145 982 3170 ed
