2175 3382
584 73 710 107 Thesis
727 72 873 107 XXXII.
893 74 990 107 Deus
1008 74 1064 108 est
1082 75 1210 108 auctor
1229 85 1352 107 sacrae
1371 73 1594 118 Scripturac.
1873 79 1954 119 177

341 191 455 237 1561).
478 193 672 236 Lemma
695 193 774 235 lv.
818 191 942 233 Hisce
964 191 1090 241 libris,
1115 204 1221 244 quos
1239 192 1383 243 judaei
1416 197 1634 246 tamquam
1669 206 1815 235 sacros
1838 199 1879 235 et
1911 199 1957 236 ut

219 275 387 304 sacram
409 261 671 315 Scripturam
692 263 1020 311 venerabantur,
1055 262 1282 315 antiquitas
1314 263 1545 304 christiana
1577 264 1683 305 alios
1719 264 1955 317 adjiciebat,

220 345 326 386 quos
357 334 470 386 paris
503 334 768 375 auctoritatis
800 333 1027 383 habebant,
1061 333 1242 386 ideoque
1274 334 1447 374 nomine
1480 334 1629 375 eodem
1658 348 1688 376 s.
1712 334 1954 389 Scripturae

219 405 504 457 insigniebant
525 409 652 458 atque
675 404 1004 446 venerabantur.

342 489 434 530 157·
458 487 626 530 ThOSiS
651 486 860 529 XXXII·
893 501 1166 543 scripturae
1203 509 1364 534 sacrae
1403 503 1567 534 (evector
1606 505 1670 535 est
1709 503 1835 537 Deus
1869 514 1956 546 per

218 560 631 601 supernaturalem
658 560 710 593 in
735 560 982 601 scriptores
1008 559 1238 592 huntam-s
1275 559 1517 600 actionem,
1553 568 1671 601 quae
1703 569 1791 593 usu
1820 562 1956 595 ecclc-

219 621 403 654 siastico
428 620 677 662 inspiratio
704 620 888 653 (licitur.

336 688 629 732 Declaratio.
653 687 787 728 Deum
811 691 1030 728 auctorem
1054 699 1147 728 esse
1162 686 1366 727 librorum
1382 699 1602 727 sacrorum
1617 686 1806 728 Ecclesia
1829 701 1955 740 saepe

219 759 398 800 solemni
421 759 631 800 sententia
653 758 886 799 declaravit
919 762 960 798 et
981 757 1173 810 professa
1198 761 1271 800 est.
1315 756 1409 798 ,lam
1434 757 1534 797 olim
1558 757 1781 810 episcopus
1805 770 1956 799 conse-

220 830 402 870 crandus
425 841 476 870 ex
498 829 759 882 praescripto
782 829 949 870 concilii
971 829 1132 881 antiqui
1153 829 1181 884 1)
1200 827 1387 880 profiteri
1410 827 1612 869 debebat:
1638 860 1653 877 „
1667 827 1803 870 Credo
1829 830 1956 870 etiam

219 899 265 940 N.
299 905 340 941 et
369 900 416 941 V.
449 899 719 949 Testamenti,
751 899 854 951 legis
887 904 928 940 et
962 899 1268 951 prophetarum
1300 903 1342 939 et
1373 898 1667 950 apostolorum
1699 912 1832 940 unum
1863 911 1956 941 esse

220 976 439 1012 auctorem
465 971 599 1011 Deum
632 975 673 1011 et
705 970 930 1011 Dominum
953 970 1359 1022 omnipotenteer
1376 968 1692 1010 Praetermissis
1716 975 1858 1011 autem
1882 971 1957 1011 de-

221 1043 345 1084 cretis
368 1054 486 1083 conc.
509 1041 801 1082 florentini
822 1053 899 1093 pro
918 1040 1120 1093 Jacobitis
1151 1045 1192 1080 et
1222 1040 1519 1081 tridentini
1542 1052 1644 1083 sess.
1668 1045 1696 1084 4
1719 1041 1894 1094 aliisque
1912 1045 1957 1096 2),

220 1113 510 1154 recentissime
533 1112 758 1154 concilium
790 1112 1105 1154 vaticanum
1137 1111 1284 1152 statuit
1315 1123 1418 1154 sess.
1442 1114 1479 1155 3.
1504 1123 1596 1164 can,
1617 1115 1666 1155 4:
1706 1110 1772 1162 „Si
1803 1113 1895 1165 quis
1927 1126 1956 1155 s,

221 1183 462 1237 Scripturae
476 1183 606 1225 libros
620 1184 807 1236 integros
823 1195 918 1224 cum
934 1183 1131 1224 omnibus
1152 1154 1476 1235 suisssaiftl‘ssffs'}
1511 1161 1727 1223 rouflllos
1744 1196 1775 1223 s.
1798 1183 1957 1224 triden-

222 1256 311 1296 tina
334 1254 522 1308 synodus
554 1254 776 1303 recensuit,
809 1266 885 1307 pro
918 1254 1051 1295 sacris
1084 1258 1124 1294 et
1156 1254 1372 1294 canonicis
1395 1265 1482 1294 non
1505 1254 1749 1306 susceperit,
1781 1258 1852 1294 aut
1884 1265 1958 1294 eos

224 1326 420 1367 divinitus
442 1326 680 1378 inspiratos
692 1337 785 1366 esse
807 1325 1035 1376 negaverit,
1059 1324 1105 1367 A.
1130 1323 1212 1372 S.;“
1254 1328 1293 1364 et
1325 1336 1415 1376 cap.
1448 1323 1499 1364 de
1532 1324 1813 1365 revelatione:
1854 1324 1956 1374 „Eos

220 1397 407 1438 Ecclesia
429 1410 506 1449 pro
530 1370 727 1454 sgcffl
750 1396 967 1450 canonicis
985 1396 1018 1452 3)
1041 1395 1181 1444 habet,
1204 1408 1292 1436 non
1314 1395 1408 1435 ideo
1434 1394 1547 1447 quod
1569 1395 1661 1436 sola
1683 1395 1871 1436 humana
1894 1396 1955 1435 in-

221 1469 380 1510 dustria
403 1447 668 1516 cffrffifflfflffi
678 1459 757 1509 sua
780 1468 932 1509 deinde
956 1468 1208 1508 auctoritate
1232 1467 1315 1507 sint
1337 1466 1693 1538 apprffl;ffl
1716 1466 1818 1507 ideo
1835 1466 1957 1507 dum-

220 1544 349 1588 taxat,
382 1539 494 1592 quod
525 1539 829 1581 revelationem
862 1539 953 1579 sine
986 1549 1130 1579 errore
1163 1538 1430 1584 contineant;
1466 1536 1540 1577 sed
1572 1541 1810 1589 propterea,
1843 1537 1955 1589 quod

221 1609 379 1663 Spiritu
408 1615 557 1652 sancto
590 1611 822 1663 inspirante
854 1609 1083 1661 conscripti
1114 1608 1249 1649 Deum
1281 1607 1442 1648 habent
1474 1612 1704 1656 auctorem,
1752 1611 1877 1660 atque
1913 1612 1958 1648 ut

220 1680 326 1722 tales
357 1681 436 1734 ipsi
458 1680 671 1731 Ecclesiae
694 1680 835 1721 traditi
858 1684 989 1721 sunt.“
1040 1678 1180 1729 Quare
1211 1678 1305 1719 libri
1338 1692 1368 1721 s.
1392 1676 1635 1730 Scripturae
1659 1678 1854 1718 dicuntur
1877 1677 1957 1718 di-

221 1753 333 1793 vini
367 1766 454 1794 non
490 1753 627 1794 solum
661 1753 827 1793 ratione
863 1751 1171 1803 argumenti
1206 1755 1247 1791 et
1288 1749 1672 1797 auctoritatis,
1714 1748 1789 1789 sed
1830 1749 1958 1789 etiam

221 1824 386 1864 ratione
410 1835 434 1864 0
448 1824 657 1875 riginis.

345 1896 438 1938 158.
455 1895 829 1938 Demonstrat-io.
846 1893 994 1934 Merito
1006 1892 1237 1933 Ecclesiam
1253 1891 1293 1932 id
1309 1891 1496 1944 profiteri
1512 1896 1553 1932 et
1568 1891 1741 1931 credere
1755 1890 1960 1943 probatur

343 1965 383 2008 1.
408 1977 459 2006 ex
482 1964 562 2006 fide
580 1966 848 2018 judaeorum,
872 1976 1000 2017 quam
1023 1962 1214 2005 Christus
1237 1962 1489 2015 approbavit
1513 1961 1578 2017 (cf.
1601 1974 1640 2004 n.
1667 1965 1760 2006 154.
1788 1964 1898 2016 156).

367 2084 391 2128 ¹)
411 2082 618 2116 Secundum
635 2081 759 2127 plures
777 2092 875 2115 conc.
896 2081 1177 2125 carthaginense
1196 2091 1227 2114 a.
1242 2082 1322 2119 398,
1341 2080 1439 2124 quod
1459 2080 1503 2113 ab
1523 2080 1607 2113 aliis
1626 2081 1664 2113 in
1687 2078 1838 2112 dubium
1856 2088 1957 2112 voca-

220 2136 299 2170 tur:
319 2144 474 2170 canones
488 2138 613 2170 tamen
626 2135 683 2169 illi
698 2135 831 2169 tributi
847 2134 1082 2169 conciliorum
1104 2136 1190 2168 sunt
1204 2133 1442 2176 antiquorum
1459 2133 1504 2167 ab
1525 2133 1648 2176 aliquo
1665 2133 1742 2166 viro
1758 2131 1902 2165 erudito
1922 2132 1960 2165 in

221 2199 335 2221 unum
354 2187 507 2223 collecti.
543 2190 594 2224 Cf.
613 2188 754 2223 Hefe]
768 2199 786 2222 e
806 2186 1208 2231 Conciliengeschichte
1228 2185 1269 2225 ll,
1290 2188 1333 2220 66
1354 2185 1409 2219 ed.
1431 2190 1462 2219 2.

365 2243 392 2289 2)
410 2242 462 2277 De
481 2253 581 2276 conc.
599 2243 665 2276 tri
680 2242 701 2275 d
715 2242 854 2276 entin
866 2253 886 2275 0
905 2241 950 2275 cf.
970 2240 1150 2274 Katholik
1172 2242 1262 2274 1868
1280 2239 1324 2280 ΙΙ,
1347 2241 1414 2274 672
1431 2251 1474 2272 ss.
1495 2238 1659 2273 Conferri
1678 2238 1789 2271 etiam
1808 2239 1961 2281 possunt

219 2295 397 2340 professio
416 2296 501 2330 fidei
519 2297 565 2330 ab
584 2296 672 2340 imp.
692 2296 729 2329 M
741 2295 753 2329 i
765 2295 827 2329 ch.
854 2294 1078 2337 Palaeologo
1096 2294 1135 2327 in
1153 2304 1252 2328 cone.
1271 2292 1495 2338 lugdunensi
1513 2291 1556 2325 ΙΙ.
1587 2292 1712 2325 oblata
1730 2293 1767 2325 et
1783 2291 1959 2335 professio

220 2349 306 2383 fidei
324 2349 370 2383 ab
389 2349 531 2382 haeresi
548 2349 788 2382 waldensium
807 2347 1048 2381 redeuntibus
1067 2347 1112 2380 ab
1140 2346 1190 2379 ln
1202 2357 1226 2378 n
1238 2357 1257 2379 o
1271 2358 1287 2379 c
1301 2357 1318 2380 e
1331 2358 1354 2379 n
1366 2346 1436 2379 tio
1457 2344 1517 2379 ΙΙΙ.
1536 2345 1784 2389 praescripta.;
1814 2344 1958 2387 symbo—

221 2400 298 2435 lum
315 2400 372 2435 Le
385 2402 490 2435 onis
508 2400 567 2434 [X.
586 2401 695 2435 Petro
715 2411 771 2444 ep.
790 2399 1036 2445 propositum.

367 2458 393 2498 3)
413 2454 608 2497 Quaeritur
627 2453 813 2487 occasione
832 2451 1058 2486 definitionis
1076 2452 1279 2493 vaticanae,
1300 2463 1372 2495 qua
1395 2450 1479 2485 libri
1502 2463 1528 2484 s.
1544 2450 1754 2494 Scripturae
1773 2449 1900 2482 sacri
1925 2451 1959 2482 et

222 2519 307 2542 can
319 2519 338 2542 0
350 2509 450 2542 nici
471 2508 716 2548 declarantur,
735 2517 825 2540 num
843 2505 995 2549 aliquod
1015 2505 1210 2539 discrimen
1229 2505 1277 2538 sit
1295 2506 1392 2539 inter
1410 2505 1548 2538 librum
1567 2515 1708 2538 sacrum
1728 2512 1788 2536 seu
1807 2502 1959 2546 inspira-

220 2563 301 2595 tum
319 2567 356 2595 et
374 2561 597 2596 canonicum.
616 2560 756 2595 Revera
773 2563 854 2593 orta
873 2562 928 2593 est
947 2559 990 2593 de
1009 2560 1077 2592 hac
1094 2569 1131 2592 re
1151 2558 1400 2592 controversia
1418 2558 1556 2601 aliqua,
1575 2559 1617 2591 ut
1635 2557 1740 2601 patet
1755 2566 1797 2589 ex
1813 2555 1959 2589 concilii

221 2615 321 2650 actis.
357 2614 410 2649 Cf.
429 2615 457 2648 G
470 2614 739 2649 tandei-ath
767 2614 805 2647 in
825 2612 972 2658 egregio
992 2622 1050 2656 op.
1071 2611 1363 2646 Constitutiones
1391 2612 1512 2656 dogm.
1533 2623 1559 2645 s,
1579 2621 1653 2644 occ,
1673 2621 1770 2644 conc.
1790 2609 1897 2643 vatic.
1919 2620 1958 2642 ex

221 2668 310 2713 ipsis
329 2668 407 2713 ejus
426 2669 517 2702 actis
537 2668 739 2712 explicatae
756 2667 773 2700 Ι
791 2677 820 2700 c.
841 2670 859 2700 2
879 2676 972 2700 com.
992 2668 1024 2706 3,
1057 2665 1119 2708 qui
1140 2665 1245 2699 illam
1266 2665 1407 2699 dirimit
1437 2665 1597 2699 breviter
1616 2664 1793 2698 scribens:
1834 2662 1960 2701 ,Liber

223 2723 418 2756 canonicus
436 2722 552 2767 igitur
571 2722 625 2755 est
642 2721 744 2760 liber,
773 2719 837 2764 qui
855 2730 929 2753 non
957 2719 1075 2753 solum
1102 2719 1316 2763 inspiratus,
1345 2717 1408 2751 sed
1435 2718 1548 2752 etiam
1566 2717 1751 2751 Ecclesiae
1768 2717 1959 2758 tamquam

221 2775 421 2819 inspirat-us
440 2786 480 2809 ac
497 2774 666 2819 publicus
685 2774 761 2818 ejus
779 2773 875 2807 liber
893 2772 1054 2806 traditus
1075 2773 1160 2806 est.‘
1185 2792 1228 2796 —
1247 2771 1442 2812 Quaeritur
1470 2773 1657 2815 praeterea
1685 2770 1773 2814 quid
1800 2781 1823 2812 p
1836 2780 1854 2802 a
1866 2768 1958 2801 rtis

221 2828 368 2861 nomine
386 2828 434 2862 sit
451 2827 748 2872 intelligendum.
785 2825 1030 2860 praeferenda
1049 2827 1105 2859 est
1125 2825 1320 2865 sententia,
1349 2835 1442 2868 quae
1469 2825 1603 2863 censet.v
1631 2823 1790 2867 intelligi
1820 2823 1956 2863 majora

222 2880 397 2914 librorum
415 2880 679 2924 inspiratorum
696 2880 754 2913 vel
773 2880 936 2924 capitum
957 2879 1168 2922 segmenta:
1200 2878 1235 2911 et
1263 2878 1350 2921 quia
1379 2878 1564 2910 decretum
1592 2876 1812 2910 nominatim
1832 2875 1957 2907 contra

220 2934 467 2977 protestantes
485 2932 667 2978 dirigitur,
687 2933 750 2976 qui
767 2943 842 2966 non
860 2931 979 2965 solum
996 2932 1161 2975 integros
1190 2941 1211 2964 a
1240 2941 1377 2965 canone
1406 2930 1636 2964 excluserunt
1665 2929 1789 2971 libros,
1820 2927 1881 2960 sed
1902 2926 1955 2959 vel

222 2988 411 3031 segmenta
431 2997 493 3020 seu
511 2988 634 3030 partes
652 2986 764 3020 etiam
783 2995 907 3019 eorum
935 2984 1124 3026 librorum,
1155 2995 1245 3028 quos
1273 2995 1338 3028 pro
1366 2983 1529 3027 alioquin
1559 2981 1743 3016 canonicis
1770 2979 1955 3013 habebunt

221 3042 278 3084 (cf.
300 3039 395 3072 infra
414 3052 449 3074 n.
471 3041 562 3084 171),
582 3039 726 3073 videtur
744 3039 941 3072 concilium
960 3037 1151 3082 speciatim
1170 3039 1235 3072 has
1254 3038 1457 3082 respexisse
1475 3037 1609 3080 partes.

366 3100 387 3125 H
399 3108 415 3124 u
427 3108 440 3125 r
452 3102 461 3124 t
473 3107 486 3125 e
498 3108 520 3131 r,
543 3100 691 3132 Compend.
711 3100 866 3132 theologiae
887 3101 910 3131 1,
932 3100 977 3125 tc.
997 3099 1040 3124 ech
1704 3095 1743 3125 12
