2175 3382
255 155 309 195 (ῃ
448 149 567 183 'ri-net.
592 149 612 182 l.
634 146 816 191 Apologia
836 147 940 190 relig.
960 146 1084 180 christ.
1101 146 1229 180 'l‘liesis
1248 145 1325 179 XII.
1345 144 1389 179 de
1407 146 1480 180 ι103.
1500 145 1555 179 Fl.
1573 145 1801 180 testimonio.

255 272 423 315 bonus,
469 269 708 307 Usserius
751 271 844 308 etc:
888 269 1102 306 recentiore
1146 270 1273 305 aetate
1317 268 1739 314 Bretschneider,
1783 268 1995 316 Langen,

258 330 435 371 hauho,
474 328 754 377 Hettinger
788 332 858 365 etc.
893 328 978 376 ejus
1013 327 1301 377 genuinitatem
1336 339 1407 376 pro
1441 326 1592 364 viribus
1626 327 1780 364 erudite
1814 328 1854 363 et
1886 327 1997 364 docte

254 392 429 427 tuentur.
473 390 717 437 Argumenta
741 399 809 436 pro
832 387 1081 436 genuinitate
1105 386 1234 423 Huet
1250 385 1356 422 iius
1379 386 1591 423 demonstr.
1614 397 1750 436 evang.
1773 397 1843 434 pro
1859 392 1882 426 3
1908 382 1928 428 ἓ
1948 393 1989 426 11

254 447 388 497 paucis
411 447 466 483 ita
487 447 693 495 proponit:
733 447 838 490 „Cur
860 446 915 482 ita
938 445 1118 489 sentiam,
1141 445 1235 482 facit
1256 455 1298 484 a.
1323 447 1503 482 constans
1525 447 1565 482 et
1584 448 1800 493 perpetuus
1821 444 1998 482 codicum

256 506 430 544 omnium
452 505 615 555 Josephi
641 535 648 541 .
672 536 680 543 .
704 539 710 545 .
735 506 775 542 in
808 518 852 542 eo
874 504 1081 542 retinendo
1113 516 1342 547 consensns;
1375 503 1470 540 facit
1495 501 1536 544 b.
1559 506 1599 540 et
1620 503 1835 541 Eusebii
1865 505 1998 540 aucto-

256 567 360 611 ritas,
396 565 464 613 qui
486 565 588 602 illud
611 569 649 601 et
670 565 711 601 in
734 564 846 601 libris
869 563 1213 600 demonstrationis
1235 562 1480 612 evangelicae
1503 561 1562 613 (4)
1596 566 1636 600 et
1666 563 1707 599 in
1739 562 1998 600 ecclesiastica

256 624 419 662 historia
442 623 487 676 (Ι,
519 622 585 675 11)
609 626 811 671 tamquam
835 622 1059 671 legitimum
1082 624 1121 659 et
1143 622 1359 671 genuinum
1382 621 1699 670 repraesentavit.
1742 621 1945 670 Expressit
1958 621 1998 658 id

255 695 411 732 quoque
442 683 565 720 latine
589 683 935 730 Hieronymus
967 682 1008 718 in
1040 681 1064 718 l.
1096 681 1142 718 de
1167 680 1426 730 scriptoribus
1461 681 1731 718 ecclesiasticis
1766 681 1807 717 in
1829 680 1999 729 Josepho

257 743 304 794 (0.
334 740 421 789 13);
456 741 598 780 retulit
620 741 790 790 idipsum
815 741 855 777 in
878 740 1063 789 epistolas
1095 752 1185 777 suas
1208 740 1380 777 Isidorus
1402 740 1676 777 Pelusiota
1699 739 1778 786 (IV,
1808 736 1927 791 125);
1959 739 1999 776 in

256 801 433 839 historiis
467 813 560 838 vero
583 801 665 838 suis
698 802 978 837 conservarunt
1011 799 1187 836 Hermias
1212 798 1517 836 sozomenus
1540 796 1586 851 (Ι,
1616 796 1667 851 l).
1691 798 1901 847 Gregorius
1923 797 2000 835 Ce-

257 861 447 898 drenus
481 860 587 912 (hist.
611 858 811 908 compend.
844 872 880 907 p.
910 857 1007 909 169)
1031 863 1070 895 01-
1092 858 1336 906 Nicephorus
1359 857 1619 895 Callistus
1642 858 1688 907 (Ι,
1715 855 1785 910 39)
1808 859 1848 895 et
1869 857 1912 894 in
1933 857 2000 894 Le-

256 920 340 958 xico
352 932 422 957 suo
445 919 628 956 Suidas
652 915 837 972 (Ἰωσήφ)
852 918 943 955 etin
955 917 1116 955 historia
1138 929 1209 954 sua
1231 916 1457 954 Theodorus
1480 917 1762 969 Metochita
1792 919 1833 954 et
1863 916 1904 953 in
1935 929 1998 954 ex·

256 979 357 1016 cidio
379 979 489 1015 urbis
514 977 884 1026 hierosolymitanae
905 977 1229 1026 Hegesippus
1252 973 1338 1027 (qui
1361 976 1386 1013 l.
1409 976 1527 1013 etiam
1550 976 1811 1013 Ambrosio
1835 975 1999 1013 adscribi

257 1038 416 1081 solebat,
440 1037 477 1074 Il
506 1035 573 1089 12)
677 1036 822 1073 Suadet
845 1046 885 1076 (³.
910 1036 1012 1073 idem
1034 1039 1073 1073 et
1094 1035 1220 1072 ratio:
1244 1047 1316 1072 1100
1339 1035 1442 1072 00101
1466 1035 1669 1083 probabile
1691 1038 1761 1080 est,
1784 1034 2000 1083 Josephum

258 1097 488 1145 scriptorem
510 1109 588 1133 0011
620 1095 908 1145 indiligentem,
942 1108 1031 1132 cum
1061 1106 1124 1131 res
1151 1094 1388 1143 judaeorum
1418 1096 1732 1143 persequeretur,
1765 1093 1813 1131 de
1843 1105 1888 1131 eo
1918 1093 2001 1132 viro

258 1157 440 1200 tacuisse,
478 1155 546 1203 qui
579 1155 770 1192 maximos
805 1154 846 1191 in
878 1167 923 1191 ea
952 1156 1069 1203 gente
1101 1166 1143 1191 ac
1174 1166 1244 1202 per
1275 1153 1503 1190 universum
1537 1153 1616 1190 fere
1650 1153 1783 1191 orbem
1817 1152 2003 1190 excitavit

258 1222 387 1253 motus
411 1247 417 1254 ,
443 1244 450 1250 .
474 1245 480 1251 .
505 1214 710 1252 Consentit
741 1213 788 1250 ad
811 1214 903 1251 haec
925 1210 969 1253 (l.
993 1212 1179 1250 orationis
1211 1212 1320 1250 filum
1354 1216 1392 1250 et
1414 1212 1598 1250 dictionis
1621 1212 1735 1257 color,
1771 1211 1863 1250 talis
1883 1211 2001 1249 nimi-

260 1287 349 1311 rum
383 1273 513 1323 qualis
553 1273 850 1310 hellenistarum
885 1284 969 1310 esse
1003 1272 1113 1309 solet.
1158 1272 1390 1309 Locutiones
1421 1271 1538 1309 etiam
1573 1271 1762 1320 quasdam
1795 1271 2001 1309 observare

259 1334 352 1371 licet
385 1333 554 1381 Josepho
588 1332 840 1377 1’0.10111111·03,<ι
878 1331 982 1380 quod
1020 1331 1205 1368 ultimum
1237 1331 1420 1380 pluribus
1454 1331 1632 1369 evincere
1663 1330 1808 1368 nititur
1842 1330 2001 1368 Carolus
2071 1365 2075 1370 .

260 1394 292 1429 D
306 1393 468 1430 aubus
503 1404 574 1440 pro
608 1391 836 1428 testimonio
873 1391 997 1428 Flavii
1028 1390 1188 1438 Josephi
1221 1390 1267 1427 de
1300 1390 1336 1427 J.
1359 1390 1512 1427 Christo
1546 1390 1570 1427 1.
1605 1402 1647 1435 c.,
1681 1389 1853 1427 Londini
1882 1395 2002 1430 1706.

262 1451 413 1495 Quibus
435 1451 532 1488 adde
555 1452 818 1499 corruptionis
842 1450 884 1487 in
906 1449 1089 1487 omnibus
1125 1449 1324 1486 codicibus
1357 1449 1729 1498 impossibilitatem.
1772 1449 1842 1486 His
1871 1450 2003 1486 tamen

260 1523 339 1548 non
361 1510 611 1547 obstantibus
633 1510 703 1547 1100
725 1509 999 1547 testimonium
1021 1509 1108 1546 aliis
1131 1506 1215 1557 (sed
1237 1511 1395 1546 tantum
1418 1522 1439 1545 a
1461 1521 1532 1546 sec.
1554 1505 1660 1560 XVI)
1685 1508 1810 1545 visum
1833 1511 1894 1545 est
1908 1519 2000 1556 sup-

260 1570 436 1618 positum
456 1569 519 1607 vel
541 1569 679 1607 saltem
701 1569 996 1618 interpolatum,
1019 1568 1076 1605 ita
1097 1567 1275 1605 Huberto
1299 1567 1503 1605 Gifanio
1527 1565 1718 1617 (Giffen
1741 1566 1764 1610 †
1794 1573 1913 1611 1604,
1936 1566 2003 1615 qui

261 1629 362 1666 forte
397 1629 574 1666 omnium
606 1628 758 1677 primus
790 1627 891 1665 illud
925 1627 967 1664 in
998 1627 1163 1664 dubium
1195 1624 1380 1679 vocavit),
1415 1627 1539 1664 Lucae
1563 1626 1827 1670 Osiander,
1859 1626 2003 1674 Tanaq.

262 1688 431 1733 Fabro,
467 1687 758 1732 Blondello,
793 1687 953 1735 utrique
989 1686 1198 1735 capello
1231 1686 1376 1723 Jacobo
1422 1688 1461 1723 et
1493 1685 1705 1730 Ludovico,
1741 1685 2002 1727 Salmasio,

264 1746 524 1785 Gronovio
547 1749 586 1783 et
607 1747 815 1784 recentiori
837 1748 964 1783 aetate
987 1745 1218 1791 Gerlach,
1251 1745 1426 1790 Reuss,
1450 1745 1636 1789 Ηὸ11110,
1671 1745 1902 1789 80011101,
1935 1745 2004 1793 qui

260 1807 447 1843 nituntur
468 1805 690 1843 rationibus
711 1805 844 1842 minus
866 1805 1085 1842 efficacibus
1107 1807 1146 1841 et
1166 1804 1248 1842 fere
1269 1806 1425 1841 tantum
1448 1803 1656 1854 negativis.
1691 1804 1909 1841 Provocant
1921 1803 2003 1841 scil.

263 1866 308 1902 ad
334 1865 499 1902 aliorum
523 1864 570 1901 de
592 1865 664 1901 hoe
686 1864 913 1902 testimonio
936 1864 1152 1909 silentium,
1185 1864 1255 1912 qui
1275 1864 1346 1900 illo
1370 1866 1475 1901 certo
1498 1865 1631 1901 essent
1650 1862 1724 1908 1131,
1757 1863 1791 1900 31
1813 1862 1914 1900 illud
1934 1874 2004 1899 no—

262 1924 417 1962 vissent
437 1924 501 1961 vel
525 1924 557 1960 si
580 1923 681 1960 illud
697 1924 778 1972 jam
802 1936 938 1960 eorum
960 1925 1137 1971 tempore
1159 1923 1385 1964 exstitisset.
1410 1923 1489 1960 scil.
1511 1923 1559 1960 ad
1580 1922 1783 1960 silentium
1804 1922 2005 1959 Tertul-

262 1983 405 2027 liani,
441 1981 1367 2032 01130013,5031101.Τ1100(101·01101
1397 1981 1585 2019 Photii.
1627 1981 1774 2019 Verum
1805 1981 1877 2018 hoc
1907 1980 2006 2018 nihil

262 2042 404 2091 probat-
425 2045 561 2079 contra
582 2043 644 2078 tot
667 2041 760 2078 alios
782 2041 916 2078 doctos
938 2044 1069 2085 testes,
1093 2041 1162 2089 qui
1183 2041 1285 2078 illud
1306 2041 1491 2090 legerunt
1513 2043 1631 2089 atque
1653 2053 1697 2077 eo
1721 2042 1816 2077 sunt
1836 2039 1914 2080 1131.
1956 2039 2006 2076 Et

263 2101 308 2145 31,
332 2104 379 2138 nt
400 2101 563 2138 alterius
586 2100 804 2138 sententiae
826 2100 982 2148 patroni
1005 2102 1246 2149 supponunt,
1278 2102 1497 2148 potuerunt
1518 2111 1652 2137 omnes
1684 2099 1833 2136 codices
1863 2099 1905 2136 in
1935 2098 2006 2136 hac

262 2160 564 2209 interpolatione
597 2160 654 2197 ita
675 2159 884 2208 corrumpi,
918 2162 964 2196 ut
995 2159 1132 2196 nullus
1163 2159 1349 2207 supersit,
1385 2159 1454 2207 qui
1488 2159 1560 2196 1100
1592 2157 1822 2196 testimonio
1857 2159 2004 2195 careat:

267 2232 386 2268 quare
407 2231 487 2256 non
509 2219 640 2268 potuit
660 2218 702 2255 in
723 2218 858 2268 paucis
880 2218 959 2255 illis
989 2217 1188 2256 codicibus
1220 2218 1326 2255 eradi
1356 2219 1419 2255 vel
1449 2217 1592 2263 omitti,
1625 2217 1769 2266 quibus
1798 2217 1900 2254 forte
1921 2217 2006 2256 ori-

267 2291 395 2328 genes,
419 2279 584 2316 Photius
606 2280 678 2315 etc.
700 2280 794 2315 sunt
816 2277 877 2315 1131
888 2279 905 2314 ²?
936 2278 1017 2314 Nec
1039 2277 1161 2323 obest,
1195 2277 1299 2325 qnod
1321 2277 1414 2314 haec
1437 2277 1556 2314 verba
1576 2277 1694 2314 nimis
1715 2276 1875 2314 faveant
1904 2275 2006 2314 chri-

267 2337 416 2383 stianis,
440 2349 528 2374 cum
550 2337 747 2375 evidentia
769 2337 950 2374 veritatis
975 2336 1209 2385 quandoque
1231 2337 1278 2373 ab
1294 2336 1528 2373 adversariis
1550 2336 1615 2373 vel
1627 2335 1765 2373 invitis
1778 2337 2008 2384 extorqueat

266 2396 427 2445 aliquod
460 2409 530 2445 pro
565 2396 652 2445 ipsa,
673 2395 959 2433 testimonium.
1002 2395 1108 2440 Quae
1130 2408 1175 2433 ex
1210 2395 1297 2433 stili
1331 2395 1563 2432 diversitate
1597 2397 1635 2432 et
1669 2396 1874 2432 contextus
1908 2393 2007 2431 serie

264 2457 470 2504 petuntur.
495 2459 591 2492 sunt
613 2458 673 2492 sat
694 2468 793 2505 vaga
816 2457 855 2492 et
879 2454 1084 2492 arbitraria
1105 2455 1211 2499 adeo,
1235 2457 1282 2491 nt
1303 2455 1350 2491 ad
1373 2454 1441 2491 illa
1464 2454 1674 2502 utriusque
1698 2453 1918 2491 sententiae
1938 2465 2005 2501 pa-

264 2514 370 2551 troni
391 2518 602 2563 provocent
613 2512 655 2567 1).

385 2606 426 2648 4.
449 2603 625 2646 Constat
666 2605 718 2646 de
759 2605 1064 2645 miraculorum
1096 2603 1251 2645 Christi
1281 2605 1461 2645 veritate
1493 2617 1545 2646 ex
1580 2604 1848 2646 confessione
1879 2604 2007 2644 etiam

267 2677 550 2726 posteriorum
567 2675 836 2727 judaeorum,
860 2675 931 2727 qui
951 2675 1112 2727 passim
1133 2675 1177 2715 in
1190 2674 1395 2716 Talmude
1418 2676 1525 2716 mira
1541 2674 1698 2716 Christi
1728 2686 1859 2727 opera
1873 2674 2008 2726 magi-

268 2746 328 2786 013
351 2745 596 2786 adscribunt
618 2745 790 2795 artibus,
814 2758 920 2798 quas
943 2756 1041 2785 eum
1062 2745 1107 2785 in
1128 2744 1320 2798 Aegypto
1343 2745 1540 2787 didicisse
1563 2745 1816 2789 fabulantur.

414 2898 439 2942 ²)
459 2896 512 2931 Cf.
532 2896 621 2931 Tiib.
641 2896 796 2937 Qtlschr.
819 2900 908 2932 1823
926 2910 962 2942 p.
982 2900 1167 2935 654—76;
1196 2897 1377 2932 Katholik
1401 2901 1490 2932 1864
1507 2898 1533 2939 Ι,
1557 2900 1621 2932 152
1639 2907 1705 2936 ssu:
1739 2895 1918 2935 Danko,
1944 2893 2008 2928 Hi·

270 2951 384 2986 storia
400 2950 509 2987 revel.
529 2950 674 2985 divinae
691 2950 738 2986 N.
757 2949 795 2983 T.
815 2962 849 2994 p.
868 2953 1051 2989 308—14;
1069 2952 1230 2985 recensio
1247 2951 1373 2984 nostra
1390 2951 1563 2985 Zeitscbr.
1581 2951 1639 2984 fiir
1653 2948 1756 2983 kath.
1771 2948 1895 2982 Theol.
1911 2947 2007 2989 XlV,

270 3008 336 3039 519.
356 3015 401 3038 ss.
419 3003 691 3038 dissertationis
711 3003 750 3038 G.
769 3004 814 3038 A.
833 3004 1023 3043 Miiller‚
1055 3003 1221 3038 Christus
1240 3004 1299 3038 bei
1316 3004 1501 3048 Josephus
1519 3003 1676 3043 Flavius,
1698 3001 1900 3036 lnnsbruck
1920 3002 2007 3036 1890

269 3059 374 3097 (1895
393 3057 446 3090 ed.
467 3057 525 3098 2.),
554 3057 617 3100 qui
643 3055 848 3090 testimonii
866 3056 1192 3100 interpolationem
1209 3058 1354 3093 tuetur:
1389 3054 1592 3089 Knellcr
1609 3054 1789 3089 Stimmen
1808 3064 1873 3088 aus
1891 3052 2010 3088 Maria

269 3110 390 3144 Laach
412 3111 501 3144 1897
519 3108 606 3145 fasc.
626 3112 647 3145 6
664 3123 700 3155 p.
724 3114 855 3147 1—20:
879 3111 1050 3144 161—74.
