2175 3382
222 152 308 192 490
511 146 630 181 Tract.
653 147 711 180 lv.
731 147 775 180 (lc
795 145 878 181 fide.
896 146 1023 180 Thesis
1043 145 1182 179 LXXX.
1201 145 1253 179 De
1273 144 1505 179 auctoritatis
1524 145 1670 179 divinae

223 268 328 308 haec
364 268 518 319 opinio,
551 266 602 307 de
635 278 718 319 qua
750 266 801 307 de
826 266 937 318 Lugo
971 266 1151 306 affirmat
1183 265 1219 305 d.
1243 268 1268 308 3
1292 278 1323 306 s,
1348 269 1372 308 3
1397 277 1434 307 n.
1458 268 1526 313 59,
1559 276 1653 305 eam
1686 276 1854 317 semper
1881 264 1962 305 sibi

223 338 349 378 fuisse
381 337 738 390 inintelligibilem,
779 338 1018 379 nullatenus
1051 336 1174 377 nobis
1207 335 1377 378 arridet.
1425 334 1565 386 Lugo
1598 335 1690 387 plus
1723 335 1862 377 minus
1893 347 1961 377 se-

223 414 406 462 quuntur
447 408 710 456 Hurtado,
743 409 980 455 Amicus,
1024 406 1276 459 Ripalda.
1314 405 1668 453 Pallavicini,
1701 405 1962 447 Mastrius

222 486 263 521 et
284 486 431 521 nostra
455 485 595 521 aetate
618 481 867 532 praesertim
892 479 959 531 qui
984 478 1212 518 multorum
1241 477 1373 517 instar
1395 481 1459 517 est
1482 476 1784 517 Franzelin.
1829 475 1885 521 Cf.
1909 476 1963 518 de

221 552 286 592 his
308 556 531 604 praeterea
554 551 816 592 Heinrich
839 552 861 605 ξ
885 555 941 593 234
964 564 1038 598 ss.;
1070 547 1354 589 Scheeben
1378 547 1490 590 kath.
1514 547 1738 599 Dogmatik
1760 551 1786 590 t.
1814 551 1834 591 1
1859 548 1881 602 ξ
1905 551 1963 593 38

222 636 295 671 sS.;
318 623 359 663 in
382 623 528 675 primis
550 622 815 673 Kleutgen
838 620 979 663 Theol.
1004 620 1078 660 der
1099 618 1270 660 Vorzeit
1293 623 1317 658 t.
1333 622 1359 661 4
1375 618 1478 671 disp.
1503 622 1528 661 3
1552 632 1582 659 s.
1607 622 1648 658 et
1662 617 1860 671 Beilagen
1883 623 1962 660 etc.

221 693 274 734 IV
297 695 319 748 ἓ
344 696 389 741 2;
413 692 631 734 Schmid
655 705 719 744 op.
745 695 810 732 cit.

339 791 437 832 462.
460 787 820 830 Demonstratio
853 800 898 841 p.
931 786 970 828 Ι.
1006 783 1226 825 Sententia
1257 782 1395 825 Suarii
1426 783 1521 825 ideo
1560 785 1699 824 minus
1730 783 1978 836 probabilis

222 864 285 900 est
308 859 420 912 quod
437 860 477 902 1.
495 859 536 898 in
560 870 610 899 ea
633 858 777 898 nescio
801 857 893 909 quis
916 856 1097 897 circulus
1121 856 1297 896 vitiosus
1320 854 1486 896 videtur
1509 855 1726 895 committi.
1749 847 1826 896 Vel
1848 854 1963 895 enim

222 932 589 983 praesupponitur,
621 942 717 970 cum
741 929 850 969 Deus
886 928 1041 981 aliquid
1074 927 1246 976 revelat,
1278 927 1368 979 ejus
1402 927 1612 967 veracitas
1644 931 1684 966 et
1716 925 1963 974 auctoritas,

221 1002 287 1043 vel
318 1015 404 1043 non
434 1001 800 1054 praesupponitur.
844 998 887 1040 Si
919 999 1276 1052 praesupponitur
1302 998 1471 1039 aliunde
1495 1002 1610 1046 nota,
1628 997 1718 1050 J‘am
1740 1009 1828 1038 non
1850 996 1962 1037 inni-

221 1075 322 1114 titur
353 1086 553 1114 assensus
586 1073 626 1112 in
649 1071 723 1113 Dei
746 1072 1021 1112 veracitatem
1055 1083 1078 1111 a
1103 1082 1187 1123 qua
1209 1069 1443 1110 formaliter
1465 1068 1622 1121 pendet
1642 1068 1758 1117 fides,
1781 1068 1873 1120 ipsa
1895 1079 1965 1109 re-

221 1145 452 1189 velationez
475 1145 509 1185 si
532 1157 618 1185 non
640 1143 1007 1196 praesupponitur,
1040 1154 1139 1193 ergo
1163 1153 1386 1182 asssensus
1408 1141 1451 1181 in
1474 1140 1549 1181 Dei
1571 1141 1860 1187 veracitatem,
1892 1139 1967 1192 qui

222 1221 286 1257 est
317 1217 455 1257 omnis
487 1216 581 1257 fidei
613 1215 945 1262 fundamentum,
982 1213 1148 1254 fundari
1180 1212 1353 1254 debebit
1385 1212 1427 1253 in
1459 1212 1552 1264 ipsa
1585 1210 1660 1251 Dei
1690 1210 1964 1251 revelatione.

222 1287 445 1338 Quomodo
470 1291 610 1339 potest
632 1286 797 1327 fundari
820 1286 861 1326 in
883 1286 975 1337 ipsa
990 1284 1064 1325 Dei
1086 1284 1359 1333 revelatione,
1382 1296 1478 1324 cum
1501 1283 1609 1324 haec
1624 1286 1800 1323 eatenus
1815 1293 1964 1323 assen-

222 1359 285 1399 sui
317 1358 635 1399 fundamentum
668 1357 874 1410 praebere
906 1357 1050 1408 possit,
1082 1360 1291 1408 quatenus
1313 1354 1496 1395 habetur
1518 1366 1593 1395 seu
1616 1357 1813 1394 censetur
1833 1365 1964 1393 verax

222 1434 264 1470 et
295 1429 548 1470 auctoritate
579 1428 802 1481 praedita?
845 1428 930 1468 Fac
956 1427 1068 1467 enim
1102 1426 1153 1466 de
1177 1427 1257 1467 hac
1281 1426 1380 1467 dote
1405 1426 1506 1466 oriri
1529 1425 1716 1474 dubium,
1747 1424 1840 1477 quis
1862 1436 1964 1476 pru-

223 1500 370 1541 denter
384 1500 558 1541 credere
572 1500 756 1552 poterit?>
780 1498 1015 1551 eodemque
1031 1498 1126 1550 jure
1141 1498 1282 1538 dicere
1296 1496 1448 1546 licebit,
1473 1495 1704 1549 quemlibet
1716 1495 1963 1548 loquentem

221 1570 376 1612 reflexe
407 1571 553 1612 testari
585 1583 630 1611 se
662 1581 755 1610 esse
787 1580 985 1610 veracem
1017 1569 1198 1622 ideoque
1229 1569 1308 1620 ipsi
1341 1579 1434 1608 esse
1457 1566 1727 1610 credendum.
1771 1564 1856 1606 Seu
1878 1577 1964 1619 quo

217 1643 312 1695 jure
333 1642 445 1683 Deus
476 1642 655 1694 loquens
687 1641 854 1694 exigere
885 1644 1035 1693 potest,
1068 1645 1111 1680 ut
1145 1639 1225 1680 sibi
1247 1638 1486 1679 firmissime
1510 1638 1719 1687 credatur,
1751 1649 1838 1678 non
1859 1648 1962 1677 vero

222 1718 418 1754 creatura
440 1712 659 1753 rationalis
681 1712 870 1764 loquens,
902 1711 983 1752 nisi
1004 1723 1125 1752 mens
1156 1711 1346 1751 humana
1368 1709 1553 1750 videat
1586 1713 1628 1750 et
1659 1720 1718 1749 co
1732 1711 1967 1760 gnoscat

223 1785 335 1825 aliud
358 1796 450 1825 esse
473 1784 607 1825 Deum
629 1784 755 1836 loqui,
778 1783 892 1824 aliud
916 1787 1158 1824 creaturam
1179 1782 1407 1823 fallibilem.
1433 1780 1555 1832 Quod
1578 1781 1614 1821 si
1634 1782 1676 1824 2.
1698 1779 1962 1821 revelatione

220 1855 464 1896 immediate
487 1855 714 1896 innotescit
727 1854 801 1895 Dei
824 1854 1047 1902 veracitas,
1070 1854 1178 1894 sicut
1201 1865 1252 1894 ex
1274 1852 1444 1906 loquela
1468 1851 1763 1893 manifestatur
1782 1851 1961 1903 loquen-

220 1927 272 1967 tis
295 1927 539 1967 exsistentia
561 1926 627 1967 vel
658 1926 944 1967 rationalitas:
976 1929 1076 1966 tunc
1108 1936 1307 1965 assensus
1339 1936 1426 1965 non
1454 1923 1645 1964 innititur
1666 1922 1837 1976 proprie
1860 1932 1965 1962 auc-

220 1998 381 2039 toritati
410 1997 632 2050 loquentis,
664 1997 914 2038 revelationi
944 1995 1181 2037 formaliter
1208 2007 1292 2048 qua
1314 1994 1388 2035 tali
1409 1999 1583 2047 propter
1603 1993 1815 2046 loquentis
1836 2003 1963 2033 vera-

221 2070 405 2117 citatem,
437 2068 511 2110 sed
544 2080 743 2109 assensus
776 2072 839 2108 est
861 2067 1034 2108 evidens
1056 2066 1285 2119 nititurque
1308 2065 1546 2118 objectivae
1579 2064 1816 2106 evidentiae
1837 2075 1966 2105 vera-

221 2141 359 2180 citatis
391 2145 649 2192 perspectae.
693 2138 834 2190 Quare
864 2139 1003 2190 prima
1033 2138 1185 2178 saltem
1217 2137 1400 2189 cognitio
1422 2136 1498 2177 Dei
1531 2136 1750 2177 existentis
1772 2135 1878 2176 etin
1899 2134 1962 2175 lo-

222 2211 389 2264 quendo
422 2222 586 2251 summe
617 2210 782 2250 veracis
814 2208 1091 2261 praeambula
1122 2212 1186 2249 est
1216 2208 1295 2260 ipsi
1326 2207 1439 2248 actui
1470 2206 1578 2256 fidei,
1619 2218 1699 2247 nec
1729 2204 1965 2246 formaliter

221 2281 420 2322 fundatur
441 2282 484 2321 in
505 2281 597 2333 ipsa
619 2281 695 2321 Dei
716 2280 986 2321 revelatione.
1030 2279 1077 2319 Et
1101 2290 1205 2320 sane
1229 2280 1272 2322 3.
1297 2279 1518 2319 ratione
1541 2277 1702 2333 (utique
1724 2276 1859 2329 gratia
1882 2275 1959 2317 ad-

217 2354 327 2408 juta)
362 2353 535 2393 credere
566 2357 770 2393 tenemur.
813 2350 1037 2402 Quomodo
1060 2362 1164 2392 vero
1196 2350 1306 2390 ratio
1330 2348 1539 2402 ejusmodi
1561 2360 1785 2389 assensum
1808 2347 1963 2388 elicere

222 2429 373 2477 potest,
408 2424 489 2464 nisi
510 2423 651 2464 videat
681 2423 826 2464 omnia
857 2423 1019 2472 adesse,
1051 2433 1160 2474 quae
1191 2420 1401 2462 sufficiunt
1425 2420 1479 2460 ad
1501 2420 1630 2460 talem
1653 2406 1892 2466 assensum,
1919 2417 1965 2458 in

221 2496 367 2548 primis
399 2495 605 2535 motivum
636 2494 847 2535 sufficiens
879 2494 933 2535 ad
965 2493 1219 2545 gignendum
1250 2495 1420 2549 ἔλεγχον
1443 2490 1488 2534 οἵ)
1512 2495 1777 2548 βλεπομένων,
1810 2493 1856 2530 ut
1884 2500 1962 2529 ra-

222 2564 453 2607 tionabil
474 2577 496 2605 e
529 2566 579 2605 sit
611 2565 861 2617 obsequium
892 2565 1012 2617 ejus?
1054 2563 1170 2604 Haec
1192 2564 1320 2605 etiam
1343 2562 1466 2604 nobis
1490 2561 1656 2602 videtur
1677 2562 1799 2609 ratio,
1831 2571 1964 2612 quare

222 2640 432 2678 veracitas
455 2637 530 2677 Dei
560 2637 603 2676 in
624 2636 717 2688 ipsa
737 2635 996 2676 revelatione
1023 2647 1111 2675 non
1133 2634 1242 2676 adeo
1264 2633 1510 2682 inculcetur,
1542 2631 1655 2685 quod
1678 2643 1730 2672 ea
1751 2630 1848 2671 fidei
1869 2642 1962 2670 om-

222 2708 323 2749 nino
358 2712 861 2760 praesupponatur,
892 2719 978 2747 non
1010 2718 1061 2747 ex
1083 2705 1343 2747 revelatione
1366 2705 1549 2757 primum
1571 2703 1772 2755 cognosci
1794 2701 1963 2749 debeat,

222 2784 269 2820 ut
290 2778 463 2820 credere
485 2778 708 2830 possimus.
750 2777 974 2829 Reliquum
997 2789 1096 2828 ergo
1120 2780 1182 2817 est
1205 2781 1251 2816 ut
1271 2776 1438 2816 ratione
1460 2775 1711 2815 innotescat.

344 2883 438 2917 463.
470 2872 745 2916 Declaraiio
767 2885 812 2926 p.
836 2872 902 2914 Il.
948 2875 1081 2912 Omnis
1102 2874 1192 2912 fidei
1215 2876 1324 2912 actus
1355 2873 1411 2910 ita
1432 2872 1630 2910 enuntiari
1660 2872 1808 2920 potest:
1842 2869 1963 2907 Credo

222 2937 305 2982 hoc,
342 2936 433 2984 quia
454 2935 559 2972 Deus
583 2947 735 2971 summa
756 2934 900 2971 veritas
923 2934 962 2970 id
985 2934 1194 2979 revelavit3
1231 2943 1323 2982 ergo
1347 2932 1474 2970 omnis
1506 2933 1615 2969 actus
1647 2930 1737 2967 fidei
1768 2941 1958 2978 praesup-

222 3008 367 3044 ponere
390 2994 505 3031 debet
526 2993 789 3043 cognitionem
811 2992 966 3029 divinae
988 2992 1249 3037 revelationis,
1285 3004 1413 3039 neque
1436 2991 1539 3028 enim
1563 2993 1653 3027 actu
1675 2989 1857 3026 absoluto
1888 2987 1960 3024 ali-

224 3055 319 3103 quid
351 3054 504 3092 credere
534 3065 691 3102 possum
722 3052 912 3099 loquenti,
944 3052 1022 3088 nisi
1051 3052 1148 3089 mihi
1177 3052 1340 3095 constet,
1373 3062 1464 3087 eum
1494 3050 1566 3086 hoc
1605 3048 1759 3086 dixisse.
1802 3045 1961 3084 Volenti

224 3115 354 3150 autem
390 3112 543 3150 credere
578 3111 695 3149 debet
728 3111 869 3147 certo
905 3111 1148 3148 innotescere
1183 3109 1432 3147 revelationis
1465 3107 1623 3146 factum.
1668 3106 1793 3150 Quare
1814 3106 1960 3142 Inno-

2171 1011 2175 1051 .-a
2168 976 2175 993 x-
2168 758 2175 936 --μ-,ΛΑ
