2175 3382
754 113 974 147 „ludaeorum
997 111 1040 145 de
1059 111 1255 156 Scripturis
1275 111 1371 147 fides.
1846 121 1928 164 175

193 236 461 275 excellentiam
483 235 524 287 ¹).
577 236 743 284 Propter
775 247 891 284 quam
924 233 1144 282 Scripturas
1177 233 1410 283 dignitatem
1444 237 1522 272 tres
1556 236 1784 286 di<ciplinae
1819 239 1926 278 illam

193 296 266 333 sibi
289 294 506 333 vindicant:
542 293 869 331 introductio
900 292 1055 337 biblica,
1093 305 1192 341 quae
1222 293 1331 330 illius
1355 294 1479 330 veluti
1503 294 1579 331 fata
1604 298 1854 346 persequitur
1886 303 1925 337 et

194 354 333 392 faciem
364 354 582 391 considerat
613 353 840 390 humanam:
878 352 1132 400 exegesiS,
1169 364 1268 399 quae
1301 352 1409 389 illius
1445 356 1644 391 scrutatur
1677 368 1853 401 sensum3
1889 361 1929 396 et

196 413 495 462 dogmatica,
521 425 620 461 quae
642 412 768 460 ipsius
790 412 980 460 ponderat
1000 410 1172 459 pretium
1194 410 1404 459 utiturque
1428 412 1586 449 lumine.

315 495 426 537 15321.
458 491 769 545 Disputationes
795 491 984 543 partitio.
1010 515 1060 519 -
1087 488 1369 538 Quaestiones
1392 493 1547 537 autem,
1579 503 1760 543 quarum
1787 496 1927 535 consi-

194 562 357 603 deratio
380 563 607 615 praecipue
630 561 683 602 ad
706 560 964 612 theologiam
988 560 1272 611 dogmaticam
1297 564 1472 611 spectat,
1505 561 1557 600 ad
1592 567 1795 614 quatuo
1810 577 1830 604 r
1861 577 1928 606 re-

194 633 440 674 vocabimus
464 633 616 684 capita,
638 633 680 672 in
703 643 884 684 quorum

313 704 352 747 1.
377 704 429 744 de
452 703 663 756 objectiva
678 702 879 754 dignitate
903 713 978 742 seu
1002 701 1052 741 de
1075 701 1452 753 inspiratione
1476 701 1719 755 Scripturae
1735 717 1928 757 agemus:

312 776 354 815 in
375 775 419 817 2.
443 774 496 814 de
519 773 708 826 ejusdem
733 772 980 813 extensione
1003 783 1078 812 seu
1102 771 1154 812 de
1177 783 1408 819 canone;

312 846 355 885 in
378 845 420 887 3.
446 844 497 885 de
519 844 715 885 versione
737 844 868 896 ipsius
892 855 968 885 seu
991 843 1042 883 de
1066 842 1272 895 Vulgatae
1296 844 1609 893 authentia,

314 916 356 955 in
387 916 430 958 4.
463 915 515 956 de
547 915 637 968 ejus
669 915 757 956 sive
789 915 843 956 ad
869 914 1012 955 fideles
1035 915 1123 954 sive
1146 913 1199 954 ad
1221 913 1452 954 Ecclesiam
1477 915 1701 957 docentem
1725 917 1930 958 habitu.

953 1045 1121 1100 Caput
1154 1045 1176 1088 Ι.

530 1129 600 1170 De
633 1140 825 1169 sacrae
859 1127 1186 1180 Scripturae
1219 1127 1605 1180 inspiratione.

318 1214 410 1256 154.
434 1213 630 1256 Lemma
654 1212 690 1255 I.
733 1211 992 1252 Judaeorum
1013 1210 1115 1262 fides
1142 1210 1190 1250 dc
1211 1225 1239 1253 S.
1263 1210 1496 1264 Scriptura.
1521 1236 1577 1240 —
1601 1209 1726 1252 Certo
1750 1217 1930 1261 constat,

197 1287 387 1335 tempore
403 1282 555 1323 Christi
577 1294 707 1335 penes
730 1294 991 1336 synagogam
1014 1281 1223 1322 exstitisse
1247 1280 1539 1322 collectionem
1563 1282 1777 1335 quandam
1799 1282 1928 1323 libro-

196 1366 286 1394 rum
312 1366 337 1394 a
360 1354 592 1406 maioribus
607 1358 879 1406 acceptorum
907 1358 949 1394 et
971 1365 1022 1393 ex
1044 1352 1124 1393 tide
1138 1353 1266 1393 totius
1282 1352 1425 1404 populi
1441 1352 1692 1400 divinorum,
1715 1353 1785 1406 qui
1799 1340 1930 1393 unum

195 1424 308 1465 velut
330 1436 483 1477 corpus
507 1425 823 1466 constituebant
837 1424 1093 1465 destinatum
1117 1423 1170 1465 ad
1192 1436 1316 1464 usum
1340 1423 1554 1476 publicum
1578 1423 1620 1463 in
1642 1428 1733 1464 tota
1754 1424 1840 1464 vita
1862 1435 1929 1464 re-

197 1495 345 1548 ligiosa
368 1501 409 1536 et
431 1496 539 1536 civili
554 1496 683 1548 ipsius
698 1495 860 1548 populi:
885 1495 936 1536 de
959 1507 1042 1547 quo
1065 1494 1176 1535 facto
1201 1500 1242 1535 et
1264 1495 1539 1547 persuasione
1556 1498 1723 1535 constat
1738 1506 1787 1535 ex
1804 1494 1930 1534 Phi-

194 1565 318 1606 lone
349 1570 391 1607 et
411 1566 597 1620 Josepho
620 1567 830 1615 Flavio,
863 1568 932 1620 qui
964 1567 1023 1606 ita
1049 1566 1194 1606 scribit
1217 1566 1269 1605 ad
1291 1565 1528 1618 Appionem
1551 1565 1578 1614 Ι,
1602 1568 1646 1609 8;
1681 1565 1825 1618 „Apud
1849 1577 1927 1606 nos

194 1648 464 1690 nequaquam
488 1642 552 1679 est
573 1638 892 1679 innumerabilis
915 1637 1119 1678 librorum
1136 1636 1356 1677 multitudo
1373 1636 1663 1676 dissidentium
1688 1640 1730 1677 et
1750 1636 1861 1677 inter
1883 1648 1928 1677 se

196 1709 485 1761 pugnantium,
517 1709 590 1750 sed
624 1709 707 1761 duo
741 1709 961 1750 dumtaxat
993 1713 1034 1749 et
1065 1708 1209 1762 vigi-uti
1240 1707 1333 1747 libri
1356 1711 1454 1747 sunt
1476 1707 1604 1748 totius
1627 1709 1831 1759 temporis
1854 1707 1930 1748 de-

199 1780 472 1832 scriptionem
495 1780 773 1829 continentes,
807 1780 876 1832 qui
899 1779 1049 1820 merito
1073 1778 1302 1819 creduntur
1324 1778 1375 1818 di
1378 1778 1536 1825 yini.“
1587 1777 1748 1828 Quibus
1779 1789 1928 1818 recen-

198 1849 287 1890 sitis
318 1851 606 1904 prosequitur:
658 1850 744 1901 „Ab
769 1851 1002 1891 Artaxerxe
1035 1855 1177 1890 autem
1210 1861 1342 1902 usque
1375 1849 1429 1889 ad
1462 1853 1653 1889 nostram
1676 1849 1927 1889 memoriam
1953 1848 2164 1891 ‹is-*⁸2¹⁴*-

197 1925 294 1960 sunt
315 1921 482 1973 quidem
506 1922 666 1975 singula
690 1922 821 1963 literis
844 1921 1058 1970 mandata,
1092 1921 1165 1962 sed
1197 1933 1285 1961 non
1315 1920 1358 1960 in
1385 1919 1551 1972 aequali
1574 1919 1828 1960 auctoritate
1850 1918 1928 1959 ha-

198 1990 271 2031 biti
292 1997 390 2032 sunt
411 1992 486 2048 (illi
508 1993 618 2048 iibri)
635 2006 730 2034 cum
753 1992 1118 2046 praecedentibus,
1142 1992 1241 2044 quia
1263 2003 1349 2032 non
1372 1995 1572 2032 accurate
1594 1994 1818 2043 perspecta
1838 1994 1931 2030 erat

201 2063 414 2104 successio
436 2064 751 2117 prophetarum.
786 2064 918 2105 Porro
942 2075 987 2104 re
1010 2065 1102 2116 ipsa
1124 2062 1394 2103 manifestum
1417 2066 1492 2111 est,
1516 2066 1676 2115 quanta
1698 2073 1776 2101 nos
1799 2071 1927 2101 vene-

341 2222 363 2266 1)
381 2223 572 2257 Praeclara
600 2231 655 2258 est
682 2237 706 2257 s.
736 2223 945 2268 Scripturae
973 2223 1173 2267 descriptio
1202 2222 1300 2267 apud
1321 2221 1609 2266 Gregorium
1638 2220 1684 2254 M.
1705 2220 1793 2253 Mor.
1815 2219 1892 2259 XX,
1914 2223 1926 2251 l

193 2286 229 2308 n.
253 2279 264 2308 l
283 2289 289 2308 ι
311 2275 508 2317 „Quamvis
528 2287 672 2310 omnem
692 2277 882 2310 scientiam
904 2278 1016 2320 atque
1035 2276 1243 2310 doctrinam
1261 2274 1449 2319 Scriptura
1480 2284 1579 2308 sacra
1597 2273 1676 2307 sine
1694 2272 1820 2316 aliqua.
1837 2281 1931 2305 com-

194 2329 387 2372 paratione
404 2330 655 2370 transcendat,
675 2333 715 2364 ut
733 2331 886 2368 taccam,
913 2330 1010 2373 quod
1038 2339 1126 2363 vera
1151 2340 1213 2374 pra
1222 2329 1352 2368 edicat,
1381 2329 1477 2372 quod
1496 2328 1542 2361 ad
1561 2328 1753 2361 coelestem
1770 2327 1930 2370 patriam

196 2384 321 2421 vocat.;
340 2383 439 2425 quod
457 2394 478 2416 a
495 2383 651 2418 terrenis
669 2384 859 2418 desideriis
873 2383 919 2416 ad
935 2393 1093 2427 superna
1107 2382 1364 2426 amplectenda
1379 2382 1606 2425 corlegentis
1620 2381 1812 2418 immutat;
1833 2380 1931 2423 quod

195 2434 301 2469 dict-is
320 2435 591 2470 obscurioribus
609 2443 753 2480 exercet
772 2437 896 2495 forti}
915 2442 949 2469 et
968 2436 1131 2480 parvulis
1150 2435 1282 2469 humili
1311 2445 1477 2469 sermone
1505 2434 1712 2470 blanditur:
1741 2432 1839 2476 quod
1865 2443 1931 2466 nec

196 2488 247 2521 sic
265 2488 386 2522 clausa
407 2491 472 2530 est,
492 2492 534 2523 ut
550 2490 694 2534 pavesci
713 2477 865 2524 debeat:
886 2489 951 2523 'nec
966 2489 1017 2523 sic
1030 2491 1147 2533 patet,
1160 2491 1202 2522 ut
1216 2488 1388 2525 vilescat:
1409 2488 1507 2532 quod
1532 2499 1600 2521 usu
1614 2486 1805 2520 fastidium
1820 2486 1931 2520 tollit.

195 2542 233 2575 et
250 2543 357 2576 tanto
375 2543 534 2587 ampliu-2
553 2542 733 2587 diligitur,
752 2546 892 2587 quanto
911 2543 1071 2586 amplius
1089 2542 1309 2576 meditatur:
1340 2545 1437 2585 quod
1456 2541 1614 2585 legentis
1632 2540 1795 2573 animum
1813 2539 1932 2572 humi-

193 2593 293 2629 libus
310 2596 429 2630 verbis
448 2596 608 2642 adjuvat,
628 2597 847 2631 sublimibus
866 2597 1032 2630 sensibus
1051 2596 1166 2631 levat:
1195 2596 1293 2639 quod
1320 2596 1444 2639 aliquo
1473 2594 1580 2629 modo
1609 2605 1692 2627 cum
1720 2592 1930 2637 legentibus

195 2651 449 2693 crescitfquae
466 2660 487 2682 a
503 2649 659 2684 rudibus
677 2650 877 2684 lectoribus
896 2649 999 2693 quasi
1018 2650 1303 2693 recognoscitur,
1331 2650 1369 2682 et
1392 2649 1520 2681 tamen
1539 2645 1657 2680 doctis
1678 2655 1820 2688 semper
1838 2654 1931 2677 nova

194 2703 392 2747 reperitur:
412 2704 453 2737 ut
471 2715 558 2748 ergo
577 2703 621 2737 de
638 2714 761 2737 rerum
779 2703 939 2747 pondere
957 2704 1112 2742 taceam,
1129 2702 1302 2736 scientias
1319 2704 1445 2736 tamen
1464 2711 1587 2735 omnes
1612 2701 1723 2742 atque
1745 2697 1930 2732 doctrinas

194 2755 274 2799 ipso
291 2757 405 2790 etiam
422 2757 620 2791 locutionis
638 2768 724 2791 suae
742 2768 842 2791 more
860 2756 1100 2797 transcendit,
1115 2756 1202 2799 quia
1216 2767 1290 2790 uno
1305 2755 1505 2798 eodemque
1520 2763 1685 2787 sermone
1700 2752 1787 2785 dum
1802 2752 1925 2783 narrat

194 2810 348 2849 textum,
366 2810 492 2854 prodit
507 2810 733 2854 mysterium,
747 2811 783 2844 et
797 2811 847 2844 sic
861 2810 929 2842 scit
942 2810 1144 2853 praeterita
1162 2809 1293 2849 dicere,
1311 2811 1352 2842 ut
1370 2819 1411 2842 eo
1430 2808 1509 2852 ipso
1525 2806 1669 2840 noverit
1692 2805 1815 2838 futura
1829 2813 1929 2847 prae-

194 2862 330 2901 dicare:
359 2864 396 2896 et
414 2873 485 2896 non
503 2863 699 2897 immutato
729 2862 875 2896 dicendi
893 2872 1037 2907 genere,
1063 2860 1199 2895 eisdem
1217 2861 1306 2904 ipsis
1325 2859 1555 2894 sermonibus
1583 2858 1687 2892 novit
1705 2858 1742 2891 et
1760 2856 1928 2889 anteacta

196 2915 401 2949 describere
420 2916 456 2949 et
473 2916 617 2960 agenda
634 2915 841 2949 nunica1·e.«
880 2914 1189 2959 Augustinus
1220 2913 1264 2948 de
1296 2913 1428 2947 Genesi
1459 2911 1506 2946 ad
1535 2912 1590 2945 lit.
1618 2911 1641 2944 l.
1675 2915 1694 2944 5
1722 2920 1750 2943 c.
1779 2911 1799 2942 3
1827 2920 1860 2940 n.
1889 2909 1928 2940 6:

195 2969 382 3013 Scriptura
400 2970 474 3007 „sic
493 2969 666 3013 loquitur,
688 2973 727 3002 ut
748 2968 948 3003 altitudine
968 2967 1142 3011 superbos
1160 2967 1323 3008 irrideat,
1342 2965 1597 3011 profunditate
1612 2964 1772 2997 attentos
1786 2960 1929 2994 terreat.

195 3022 348 3057 veritate
367 3033 522 3066 magnos
542 3025 680 3066 pascat,
699 3022 922 3056 affabilitate
941 3020 1114 3066 parvulos
1132 3021 1305 3054 nutriat.‘
1343 3020 1393 3054 Ct.
1413 3018 1447 3052 H
1460 3027 1546 3063 ugo
1576 3028 1595 3050 a
1615 3028 1641 3050 s.
1661 3015 1803 3048 Victo
1819 3023 1865 3047 re
1885 3013 1928 3045 de

199 3075 328 3119 Script.
348 3087 374 3108 s.
394 3085 422 3109 c.
443 3079 473 3110 1.
493 3077 532 3114 2;
552 3075 608 3109 Pe
622 3076 726 3109 trus
744 3074 940 3109 blessensis
959 3085 1017 3117 ep.
1038 3075 1102 3108 125
1121 3073 1241 3118 (Mig.
1262 3075 1342 3107 ⁶207.
1365 3072 1433 3107 373
1453 3077 1505 3113 s.).
