2175 3382
874 121 925 154 De
943 120 1140 154 haereticis
1159 122 1323 156 occultis.
1875 131 1962 174 263

339 244 437 287 235.
458 241 823 285 Demonstratio
847 254 892 295 1).
915 241 981 283 II.
1013 239 1248 280 Recensitis
1280 241 1463 292 quinque
1496 241 1809 286 conditionibus
1831 245 1961 288 desti-

219 317 393 355 tuuntur
414 310 604 352 infideles
626 310 837 360 formales,
860 311 930 364 qui
952 314 1158 362 respuunt
1179 308 1334 350 Christi
1356 310 1501 358 fidem;
1523 311 1727 354 haeretici
1749 314 1961 367 formales,

220 384 292 437 qui
323 382 516 436 quamvis
555 381 742 435 aliquam
765 381 988 422 videantur
1009 380 1169 422 habere
1191 380 1329 430 fidem,
1360 394 1447 422 non
1469 386 1603 423 totam
1627 383 1781 426 Christi
1803 386 1961 429 doctri-

220 467 320 496 nam
353 453 596 494 authentice
628 452 891 505 propositam
925 451 1189 504 profitentur,
1221 456 1260 492 et
1293 451 1527 493 Ecclesiam
1560 453 1782 496 docentem
1816 457 1961 499 audire

225 527 522 572 contemnunt3
554 522 815 564 schismatici
837 520 1048 571 formales,
1080 523 1151 575 qui
1173 523 1365 574 corporis
1387 524 1594 564 unitatem
1617 526 1812 567 scindunt
1834 532 1961 581 atque

221 609 246 638 a
269 595 422 637 Christi
445 605 624 646 corpore
650 593 865 636 recedunt.
906 591 1030 634 Nullo
1059 605 1158 645 ergo
1181 597 1308 646 pacto
1334 593 1387 634 ad
1409 593 1642 635 Ecclesiam
1666 597 1876 647 pertinere
1899 598 1961 639 di-

221 666 344 708 cendi
374 669 493 713 sunt3
526 676 613 705 non
636 663 690 704 ad
712 676 878 716 corpus,
910 668 1084 716 propter
1106 663 1316 706 defectum
1340 664 1653 714 conditionum3
1685 679 1772 707 non
1795 668 1848 708 ad
1870 669 1961 709 ani-

221 749 348 786 mam,
371 736 470 789 quia
493 734 696 788 quamdiu
719 734 930 776 obstinate
954 739 996 776 et
1017 734 1250 776 deliberate
1274 748 1299 776 a
1321 747 1500 788 corpore
1515 735 1728 778 Ecclesiae
1748 738 1961 788 recedunt,

224 820 276 849 eo
299 808 391 860 ipso
415 818 460 847 se
483 805 656 847 inssuxui
680 807 849 847 animae
871 805 1084 847 Ecclesiae
1107 805 1373 848 subtrahunt.

342 911 436 945 236.
461 895 692 945 SCholioll
714 900 753 943 Ῑ.
796 903 991 940 Haeretici
1025 908 1057 940 et
1077 904 1319 952 schismatici,
1355 905 1419 953 qui
1441 904 1538 941 bona
1560 910 1648 942 sunt
1669 906 1742 953 fide
1773 918 1815 942 ex
1848 905 1961 955 igno-

220 964 350 1002 rantia
372 962 606 1011 inculpabili
626 975 718 999 vera
739 962 820 1000 fide'
836 965 876 1000 et
898 963 1045 1000 unione
1078 962 1149 999 illa
1170 962 1348 1012 legitima
1370 966 1514 1009 carent,
1539 965 1590 1000 ad
1610 964 1834 1012 Ecclesiam,
1867 978 1962 1012 qua-

219 1026 338 1061 tenus
363 1024 423 1059 est
444 1022 606 1059 societas
629 1021 810 1067 visibilis,
844 1023 1036 1070 pertinere
1070 1026 1265 1071 nequeunt.
1308 1022 1409 1059 Hinc
1432 1025 1501 1067 est,
1527 1023 1632 1071 quod
1653 1023 1825 1061 Ecclesia
1846 1024 1888 1060 in
1911 1024 1961 1061 iis

219 1081 455 1131 recipiendis
477 1080 687 1118 discrimen
709 1080 813 1118 inter
835 1081 1052 1118 haereticos
1086 1080 1326 1118 formales
1361 1083 1399 1118 et
1423 1095 1457 1118 m
1472 1082 1727 1119 ateriales
1759 1095 1963 1131 nunquam

221 1141 383 1179 curavit.
425 1141 597 1177 Possunt
618 1142 751 1177 tamen
772 1139 833 1176 illi
855 1142 1029 1189 spectare
1052 1139 1100 1177 ad
1123 1139 1318 1177 Ecclesiae
1341 1153 1398 1177 an
1412 1140 1568 1186 imam,
1592 1144 1639 1178 ut
1660 1143 1770 1189 patet
1784 1155 1829 1179 ex
1844 1142 1962 1179 dictis

220 1213 257 1240 n,
284 1206 378 1240 230.
421 1199 520 1236 Sane
543 1198 766 1236 haereticus
790 1199 823 1236 si
846 1201 906 1236 est
927 1199 1051 1236 bonae
1074 1199 1175 1245 fidei,
1208 1201 1371 1248 propter
1393 1212 1509 1237 suum
1531 1200 1572 1237 in
1594 1200 1669 1238 fide
1692 1213 1861 1238 errorem
1884 1213 1962 1238 non

220 1261 375 1309 peccat3
411 1270 533 1306 quare
556 1261 716 1307 propter
736 1270 826 1295 eum
848 1270 927 1295 non
949 1258 1178 1305 damnatum
1214 1270 1302 1295 cum
1333 1271 1424 1296 vero
1456 1259 1615 1296 aliunde
1648 1262 1814 1306 constet,
1837 1260 1962 1297 Deum

220 1318 381 1356 facienti
402 1317 507 1366 quod
531 1319 589 1354 est
610 1317 652 1353 in
675 1329 714 1354 se
738 1329 807 1354 sua
829 1317 958 1366 gratia
979 1330 1058 1355 non
1080 1317 1225 1363 deesse,
1258 1317 1385 1366 liquet
1407 1318 1599 1366 ejusmodi
1621 1319 1816 1356 haeretico
1838 1322 1962 1356 mate-

220 1377 310 1415 riali
329 1389 409 1414 non
430 1388 585 1414 omnem
607 1376 747 1418 salutis
771 1388 878 1425 spem
901 1389 982 1414 esse
1005 1376 1239 1425 ademptam.
1285 1376 1472 1420 Quocirca
1494 1378 1527 1414 si
1550 1390 1639 1415 cum
1669 1378 1795 1427 gratia
1826 1389 1962 1427 coope-

221 1439 348 1482 ratur,
382 1436 503 1473 vitam
534 1435 577 1472 in
596 1435 793 1484 baptismo
828 1435 1010 1485 adeptam
1044 1447 1283 1481 conservare,
1318 1438 1477 1485 peccato
1511 1438 1691 1474 amissam
1727 1437 1963 1474 contritione

220 1495 393 1544 perfecta
413 1507 592 1543 reparare
615 1495 775 1543 poterit,
799 1496 917 1543 atque
941 1495 1067 1545 gratia
1090 1495 1187 1533 duce
1211 1492 1341 1548 (saepe
1366 1492 1520 1548 saltem)
1554 1496 1600 1533 ad
1623 1496 1840 1544 pleniorem
1860 1496 1962 1533 veri-

220 1555 314 1592 tatis
345 1554 588 1604 agnitionem
620 1554 822 1602 perveniet
853 1554 1008 1603 ipsique
1041 1554 1234 1592 Ecclesiae
1269 1555 1423 1603 corpori
1455 1554 1652 1592 inseretur
1689 1552 1753 1607 (cf.
1786 1568 1821 1592 n.
1849 1552 1962 1607 232).

221 1614 366 1651 Eodem
387 1613 466 1651 fere
487 1612 601 1650 modo
624 1612 813 1650 disserere
834 1613 928 1650 licet
951 1613 997 1650 de
1021 1613 1282 1658 schismatico,
1307 1614 1374 1662 qui
1397 1614 1519 1651 bonae
1542 1613 1595 1651 sit
1617 1614 1718 1654 fidei.

344 1714 438 1748 237.
482 1704 709 1750 Scholion
732 1706 798 1749 II.
840 1709 898 1746 De
932 1710 1130 1747 haereticis
1161 1710 1322 1747 occultis.
1345 1733 1401 1737 —
1426 1710 1527 1747 Sunt
1548 1710 1751 1755 nonnulla,
1785 1723 1882 1759 quae
1914 1710 1962 1747 ad

219 1767 434 1816 pleniorem
458 1767 581 1805 thesis
605 1768 904 1816 explicationem
927 1768 1103 1805 addenda
1126 1781 1206 1805 esse
1228 1769 1447 1807 videantur.
1492 1769 1702 1813 Quaeritur
1723 1769 1806 1806 scil.

343 1846 383 1890 l.
416 1863 512 1887 num
546 1851 593 1887 ad
616 1863 755 1899 corpus
777 1851 972 1888 Ecclesiae
1004 1851 1230 1900 pertineant
1263 1852 1449 1889 haeretici
1483 1852 1719 1900 simpliciter
1752 1854 1961 1899 occulti,

221 1909 292 1958 qui
314 1908 394 1946 scil.
417 1909 609 1946 haeresim
631 1912 762 1947 mente
785 1910 1024 1959 concipiunt,
1059 1910 1125 1948 sed
1158 1911 1329 1948 exterius
1351 1924 1431 1948 non
1464 1911 1699 1961 significant.
1742 1912 1963 1961 Respondet

221 1967 576 2006 Bellarminus
599 1969 668 2014 III,
708 1977 755 2009 10
793 1969 1035 2007 affirmative.
1079 1970 1266 2014 Quamvis
1299 1970 1404 2007 enim
1435 1970 1520 2007 vita
1552 1971 1732 2008 interiori
1766 1971 1962 2009 Ecclesiae

220 2039 383 2076 prorsus
406 2027 686 2072 destituantur,
711 2029 880 2066 externis
912 2029 1037 2066 adhuc
1069 2029 1240 2066 vinculis
1277 2041 1365 2067 cum
1387 2030 1540 2078 reliquo
1575 2030 1769 2067 Ecclesiae
1805 2042 1962 2079 corpore

215 2087 458 2136 junguntur,
483 2086 550 2124 sed
572 2088 730 2124 tantum
751 2088 863 2125 velut
885 2088 1059 2126 membra
1081 2090 1246 2125 mortua.
1291 2088 1402 2126 Sicut
1424 2101 1515 2138 ergo
1548 2089 1640 2127 haec
1664 2089 1711 2126 ad
1733 2101 1872 2138 corpus
1894 2089 1961 2127 ad-

220 2145 297 2183 huc
316 2145 566 2194 aliquatenus
590 2148 779 2195 spectant,
816 2147 871 2184 ita
903 2149 942 2184 et
972 2147 1033 2184 illi
1069 2148 1116 2184 ad
1138 2147 1333 2185 Ecclesiae
1369 2160 1522 2196 corpus.
1567 2148 1691 2193 Quam
1725 2149 1961 2186 sententiam

220 2206 387 2242 tuentur
408 2205 651 2243 Mazzella
673 2205 773 2254 disp.
799 2213 820 2247 3
845 2220 875 2244 a.
907 2214 950 2246 11
980 2208 1019 2244 et
1041 2207 1288 2244 Palmieri
1324 2207 1365 2244 in
1389 2207 1546 2256 egregio
1571 2219 1641 2244 suo
1661 2209 1773 2244 tract.
1797 2207 1843 2244 de
1865 2220 1960 2245 rom.

221 2264 414 2312 pontifice,
438 2264 585 2314 proleg.
610 2263 630 2307 ἓ
659 2272 675 2304 1
693 2273 721 2303 1.
763 2265 939 2303 Inculcat
962 2266 1151 2303 nimirum
1173 2266 1414 2315 principium
1435 2266 1600 2304 formale
1617 2266 1811 2304 Ecclesiae
1834 2267 1880 2304 ut-
1902 2269 1961 2304 est

221 2323 387 2360 societas
409 2335 489 2360 esse
521 2324 807 2370 auctoritatem,
844 2327 961 2373 atque
994 2325 1103 2370 hanc,
1139 2327 1334 2373 quatenus
1371 2327 1431 2361 est
1465 2326 1626 2362 formale
1659 2326 1818 2363 unionis
1852 2326 1960 2374 prin-

221 2381 377 2431 cipium,
402 2394 481 2420 non
503 2382 696 2420 immerito
719 2384 910 2432 appellari
932 2384 1103 2421 animam
1126 2384 1330 2421 Ecclesiae.
1373 2385 1430 2421 Ex
1453 2397 1530 2432 quo
1553 2385 1692 2422 infert:
1729 2384 1961 2433 ,Quotquot

220 2441 384 2489 proinde
415 2441 476 2478 illi
507 2442 712 2480 autoritati
744 2443 926 2488 subsunt,
959 2443 1006 2480 ab
1038 2456 1083 2480 ea
1117 2443 1281 2480 animari
1312 2443 1465 2480 dicendi
1498 2446 1601 2480 sunt.
1644 2444 1732 2480 Jam
1766 2456 1858 2481 vero
1892 2444 1960 2492 qui

221 2500 393 2538 exterius
415 2500 653 2549 profitentur
666 2501 793 2547 fidem,
818 2514 935 2550 quam
949 2502 1142 2539 Ecclesiae
1157 2502 1369 2539 auctoritas
1385 2502 1508 2547 docet,
1534 2503 1602 2550 qui
1618 2503 1742 2540 eidem
1758 2502 1958 2547 obediunt,

221 2560 261 2596 et
282 2571 371 2596 cum
394 2571 438 2596 ea
458 2559 500 2596 in
521 2560 824 2609 participatione
849 2572 1048 2598 sacrorum
1070 2560 1370 2607 communicant,
1403 2562 1631 2610 imperfecte
1663 2562 1833 2611 quidem,
1868 2561 1961 2610 quia

220 2617 336 2655 fidem
359 2630 403 2655 ex
425 2619 538 2656 corde
561 2619 794 2665 detrectant,
830 2620 962 2668 aliquo
993 2623 1127 2657 tamen
1157 2632 1247 2657 vero
1279 2621 1393 2658 modo
1427 2620 1474 2658 ab
1506 2632 1549 2657 eo
1580 2621 1774 2670 principio
1805 2620 1960 2657 formali

221 2676 457 2723 animantur,
491 2678 560 2726 qui
581 2678 702 2716 libere
725 2679 759 2716 ei
781 2691 819 2716 se
855 2679 895 2716 in
926 2679 1142 2716 extrinseca
1174 2679 1415 2727 professione
1449 2682 1488 2717 et
1520 2680 1791 2717 communione
1823 2680 1958 2716 subor-

221 2735 398 2776 dinant.«
445 2735 569 2781 Quare
593 2737 858 2786 duplicem
880 2737 1096 2787 distinguit
1108 2738 1302 2775 Ecclesiae
1324 2740 1457 2784 vitam,
1485 2740 1674 2782 »alteram
1699 2741 1896 2776 externam
1920 2741 1957 2774 et

221 2871 320 2906 iufra.
337 2872 501 2907 dicemus
519 2873 564 2908 de
581 2873 763 2908 Ecclesiae
790 2875 946 2911 unitate.
984 2874 1103 2916 Quare
1131 2875 1227 2909 belle
1254 2876 1379 2910 scribit
1409 2887 1435 2910 s.
1465 2878 1495 2909 A
1507 2888 1531 2909 u
1543 2888 1567 2919 g
1580 2888 1601 2909 u
1615 2888 1629 2910 s
1641 2876 1715 2909 tin
1727 2888 1749 2908 u
1761 2887 1776 2909 s
1805 2876 1847 2908 de
1874 2885 1959 2907 vcra

220 2925 324 2970 relig.
343 2936 372 2959 c.
391 2929 412 2962 6
430 2938 465 2960 n.
488 2928 547 2960 10:
568 2925 692 2968 ,Quae
710 2938 793 2961 cum
814 2927 868 2961 ita
887 2928 971 2969 sint,
989 2921 1107 2972 neque
1124 2930 1163 2962 in
1183 2929 1407 2963 confessione
1426 2939 1666 2973 page-norum,
1686 2938 1804 2971 neque
1822 2928 1861 2961 in
1875 2938 1957 2971 pur-

221 2978 405 3024 gamentis
424 2978 704 3025 haereticorum,
721 2990 840 3024 neque
855 2981 893 3014 in
909 2980 1088 3025 languore
1104 2982 1429 3021 schismaticorum,
1451 2991 1569 3026 neque
1588 2983 1628 3015 in
1643 2982 1820 3015 coecitate
1833 2980 1957 3024 judae-

221 3042 326 3066 orum
344 3032 552 3075 quaerenda
569 3035 625 3066 est
641 3033 784 3077 religio,
804 3033 867 3067 sed
882 3033 980 3078 apud
994 3045 1054 3068 eos
1068 3034 1175 3075 solos,
1200 3035 1266 3078 qui
1290 3034 1485 3068 christiani
1503 3034 1674 3068 catholici
1690 3034 1748 3068 vel
1764 3031 1954 3067 orthodoxi

221 3084 460 3119 nomina-ntur
476 3086 498 3122 i.
519 3095 547 3120 e.
566 3085 794 3131 integritatis
814 3087 982 3121 cust-odes
1001 3087 1038 3121 et
1054 3089 1154 3122 recta
1173 3088 1388 3122 sectantes<¹
