2175 3382
201 132 284 172 3(ςὸ
624 126 742 161 'l'rnct.
765 126 822 160 llI.
841 126 886 159 de
905 127 1079 170 primatu.
1100 126 1226 160 'rhesis
1245 125 1384 160 LXXll.
1404 126 1513 161 Petro

200 250 300 299 stus)
325 245 460 286 Filius
486 245 565 285 Dei
588 246 677 285 riri.
720 244 808 286 Hoc
831 245 942 286 enim
976 259 1014 288 a.
1048 249 1110 286 est
1142 249 1366 297 praeter
1387 243 1662 296 Scripturam,
1693 245 1735 285 in
1766 257 1850 298 qua
1884 245 1938 286 de

201 386 260 428 Ch
287 386 321 426 is
344 399 390 426 u*
407 387 589 438 primurn
606 386 879 438 interrogavit
894 386 1123 438 discipulos
1139 398 1241 426 suos
1256 385 1421 427 diceus:
1445 386 1572 435 Quem
1595 372 1721 427 ‹770'2725
1771 399 1807 426 ιο

163 398 285 497 ῧεὲἑ
337 431 1018 510 1.12‹»m“†Z½2Ws{”rt²6rYr3§320ndit
1034 456 1182 498 Petrus
1198 462 1438 498 ceterorum
1462 457 1646 501 nomine.
1668 457 1742 498 sed
1764 456 1938 510 quilibet

201 539 276 579 pro
308 527 485 568 scientia
517 540 615 574 sua:
648 540 748 581 ergo
781 540 918 580 neque
951 540 1046 568 cum
1081 528 1269 569 secundo
1302 528 1578 579 interrogavit
1609 526 1820 568 Christus:
1862 527 1941 568 Vos

201 602 336 638 «netem
370 611 483 650 quem
516 613 575 639 me
606 613 688 639 esse
719 599 867 652 (licitis,
900 598 1119 651 respondit
1142 598 1289 640 Petrus
1311 599 1492 639 aliorum
1525 598 1709 639 nomine.
1751 596 1874 649 Quod
1904 598 1938 639 si

200 667 378 709 subinde
403 669 592 709 omnium
617 669 789 709 nomine
813 669 1009 721 loquitur,
1032 669 1223 710 Christus
1241 669 1507 721 respondens
1530 668 1758 721 alloquitur
1779 680 1939 710 omnes.

201 738 259 781 Cf.
284 738 428 780 Matih.
456 742 521 788 19,
554 743 607 784 27
633 753 684 787 s.;
715 739 777 782 JO.
803 744 842 788 6,
874 743 928 784 69
952 753 983 780 s.
1026 739 1103 780 Hic
1133 751 1235 781 vero
1269 739 1322 780 ad
1356 740 1493 792 ipsum
1528 739 1665 780 solum
1697 750 1939 780 sermonem

201 810 339 862 dirigit
360 810 582 863 solumque
605 811 760 859 laudat,
785 823 880 851 cum
905 810 1140 852 secundum
1157 810 1500 852 adversariorum
1524 810 1768 862 opinionem
1792 821 1942 851 omnes

202 881 458 921 meruissent
479 880 659 922 laudem.
688 880 775 922 imo
800 894 842 925 c.
867 880 1061 922 Christus
1083 880 1237 921 diserte
1263 885 1442 921 testatur
1464 892 1560 921 eum
1584 880 1666 921 hoc
1688 892 1940 932 responsum

202 963 288 992 non
311 963 335 991 a
358 963 488 992 carne
511 957 552 993 et
574 952 779 1003 sanguine
795 951 992 993 edoctum
1015 952 1081 992 vel
1107 951 1270 992 fervore
1286 951 1521 1003 abreptum,
1543 951 1803 992 utnonnulli
1825 962 1939 992 som-

202 1022 332 1069 niant,
356 1022 430 1063 sed
445 1021 583 1062 Patris
606 1022 802 1063 coelestis
825 1023 1086 1064 revelatione
1101 1022 1353 1063 illustratum
1371 1022 1607 1074 protulisse.
1633 1021 1768 1067 ,Ecce
1791 1022 1942 1063 ceteris

202 1104 306 1133 non
339 1093 799 1145 agnoscentibus,
832 1093 889 1134 ita
914 1092 1146 1146 Optatus
1170 1092 1314 1140 V11,>3‚
1348 1092 1496 1133 Filium
1521 1092 1595 1133 Dei
1617 1093 1772 1134 solus
1793 1091 1943 1134 Petrus

203 1164 416 1216 agnovit;“
447 1169 487 1204 et
511 1164 754 1205 Hilarius
777 1166 819 1205 in
841 1165 984 1206 Matth.
1013 1167 1078 1214 115,
1106 1169 1179 1209 17:
1219 1164 1291 1215 „Et
1322 1164 1404 1206 hoe
1435 1164 1477 1205 in
1509 1163 1635 1206 Petro
1667 1164 1942 1206 consideran-

204 1234 304 1275 dum
327 1239 402 1281 est,
426 1234 504 1275 fide
528 1247 624 1276 eum
648 1241 815 1277 ceteros
839 1237 1045 1277 anteisse:
1069 1248 1168 1276 nam
1192 1236 1316 1288 igno
1331 1235 1585 1276 rantibus
1609 1236 1760 1277 ceteris
1783 1236 1942 1288 primus

205 1305 444 1357 respondit:
475 1304 537 1345 Ta
559 1320 599 1347 es
620 1305 756 1346 Fde'us
782 1307 901 1350 De2.·'‘

319 1380 495 1416 Assertio
517 1383 649 1417 nostra
673 1381 927 1418 confirmatur
950 1381 1152 1418 luculento
1174 1383 1331 1429 patrum
1355 1380 1552 1430 suffragio,
1577 1380 1646 1429 qui
1668 1380 1814 1418 diserte
1839 1379 1943 1418 affir-

202 1440 322 1481 mant,
347 1439 439 1475 haec
459 1439 575 1476 verba
590 1439 638 1476 ad
654 1440 813 1477 Petrum
830 1440 1035 1488 pertinere.
1060 1440 1138 1476 imo
1161 1440 1206 1476 :vi
1231 1453 1320 1476 eum
1336 1440 1534 1488 pertinere
1556 1439 1941 1488 principaliter,

203 1496 491 1546 praecipue,
528 1498 887 1547 singulariter.
931 1499 992 1536 Ita
1014 1499 1285 1547 Optatusl.
1310 1512 1361 1536 c.:
1396 1498 1615 1542 „Praeferri
1640 1495 1816 1551 (Petrus)
1849 1511 1940 1548 apo—

204 1556 316 1594 stolis
338 1556 522 1593 omnibus
545 1557 691 1594 meruit
713 1561 751 1594 et
773 1558 899 1595 claves
921 1558 1034 1606 regni
1056 1558 1252 1595 coelorum
1275 1557 1615 1595 communicandas
1638 1557 1778 1595 ceteris
1801 1557 1942 1595 solus

204 1616 389 1664 accepit-,³
429 1616 545 1663 Cujus
569 1616 711 1653 bellam
734 1617 864 1653 reddit
885 1617 1097 1654 rationem:
1124 1616 1267 1660 „Stant
1288 1621 1349 1654 tot
1371 1617 1598 1654 innocentes
1622 1618 1661 1653 et
1682 1629 1759 1665 pec«
1775 1619 1861 1654 ator
1881 1628 1942 1654 ac-

204 1675 299 1723 cipit
321 1674 458 1719 claves,
482 1678 528 1712 ut
550 1675 717 1712 unitatis
749 1676 952 1725 negotium
976 1677 1222 1713 iormaretur.
1255 1675 1461 1713 Provisum
1486 1680 1554 1721 est,
1588 1677 1633 1713 ut
1654 1678 1832 1724 peccator
1853 1687 1944 1724 ape-

205 1733 302 1770 riret
323 1734 610 1779 innocentibus,
634 1747 682 1771 ne
705 1734 934 1772 innocentes
957 1735 1185 1772 clauderent
1208 1739 1340 1772 contra
1362 1739 1582 1783 peccatores
1612 1737 1653 1772 et
1682 1747 1782 1783 quae
1811 1746 1944 1772 neces-

208 1792 309 1830 saria
331 1796 393 1829 est
413 1793 556 1838 unitas,
580 1805 660 1830 esse
682 1806 761 1830 non
783 1796 911 1842 posset
930 1794 1000 1843 1).<<
1024 1794 1069 1831 Et
1094 1807 1182 1831 ven.
1205 1794 1335 1831 Beda
1357 1794 1381 1832 l.
1406 1800 1427 1833 2
1444 1794 1544 1831 hom.
1568 1801 1639 1834 16:
1665 1793 1808 1837 „Omni
1822 1793 1948 1843 igitur

208 1852 421 1889 electorum
454 1852 650 1889 Ecclesiae
675 1853 792 1901 juxta
822 1853 981 1891 modum
1015 1853 1222 1901 culparum
1256 1854 1319 1890 vel
1349 1852 1616 1901 poenitentiae
1649 1853 1799 1902 ligandi
1829 1853 1947 1890 datur

210 1910 434 1950 auctoritas,
477 1910 551 1947 Sed
582 1911 670 1948 ideo
703 1911 738 1949 b.
762 1913 913 1958 Petrus,
950 1913 1018 1960 qui
1050 1912 1248 1949 Christum
1281 1925 1374 1949 vera
1408 1912 1483 1949 fide
1518 1912 1730 1958 confessus,
1761 1923 1852 1949 vero
1886 1913 1947 1950 est

210 1981 338 2006 amore
362 1972 531 2015 secutus,
554 1970 864 2018 specialiter
885 1972 1014 2008 claves
1035 1971 1147 2021 regni
1169 1971 1362 2009 coelorum
1387 1973 1427 2008 et
1447 1971 1713 2020 principatum
1731 1970 1946 2020 judicariae

209 2028 414 2076 potestatis
436 2028 593 2076 accepit,
629 2032 677 2066 ut
698 2042 831 2067 omnes
853 2043 923 2079 per
944 2031 1077 2067 orbem
1101 2031 1300 2068 credentes
1324 2030 1561 2079 intelligant,
1595 2030 1688 2078 quia
1719 2030 1946 2078 quicunque

209 2087 256 2124 ab
278 2087 433 2124 unitate
455 2087 546 2124 fidti
570 2088 630 2125 vel
653 2089 851 2126 societatis
875 2089 984 2127 illius
1007 2090 1186 2138 quolibet
1208 2089 1320 2127 modo
1344 2089 1574 2138 semetipsos
1597 2091 1816 2139 segregant,
1846 2089 1946 2127 tales

208 2157 279 2183 nec
300 2146 470 2183 vinculis
494 2149 739 2194 peccatorum
764 2148 924 2190 absolvi,
959 2161 1030 2186 nec
1047 2150 1207 2197 januam
1232 2148 1383 2197 possint
1405 2148 1517 2195 regni
1539 2148 1718 2185 coele-tis
1747 2147 1943 2197 ingredi.‘

210 2205 360 2249 Quibus
393 2205 537 2243 similia
572 2206 687 2243 habet
722 2207 860 2244 Petrus
893 2208 1165 2245 Damianus
1201 2220 1313 2245 serm.
1340 2214 1404 2251 26,
1440 2220 1528 2244 cum
1566 2207 1723 2245 scribit:
1759 2207 1949 2251 „Judicat

211 2264 351 2301 Petrus
374 2267 413 2301 et
434 2265 540 2301 Petri
557 2265 706 2314 judicia
728 2266 931 2303 confirmat
954 2266 1221 2315 Omnipotens,
1245 2270 1285 2304 et
1307 2269 1365 2303 est
1387 2266 1429 2303 in
1451 2279 1570 2303 manu
1592 2266 1702 2303 Petri
1723 2278 1863 2303 manus
1877 2266 1946 2303 Al-

209 2322 370 2359 tissimi:
395 2323 580 2371 solusque
603 2325 670 2362 ille
692 2325 861 2362 efficitur
882 2325 1159 2363 familiaris
1183 2325 1391 2368 Christi,
1414 2324 1482 2373 qui
1505 2325 1650 2362 Petri
1671 2324 1946 2362 familiari-

210 2383 365 2418 tatem
389 2382 622 2426 habuerim<<
645 2384 835 2421 Paulus
857 2384 953 2421 diac.
976 2385 1076 2422 hom.
1099 2384 1140 2421 in
1162 2384 1284 2422 illud:
1329 2384 1433 2421 Venit
1454 2383 1568 2421 Jesus
1589 2386 1630 2421 inv
1645 2388 1782 2432 partes
1805 2384 1943 2422 Caesa-

212 2453 321 2488 reae;
344 2441 574 2479 Rabanus
596 2443 644 2480 M.
667 2443 708 2480 in
729 2443 765 2480 h.
789 2444 834 2488 l.;
858 2443 1201 2481 Druthmarus
1224 2456 1352 2492 expos.
1375 2443 1416 2480 in
1437 2443 1576 2480 Matth.
1598 2455 1628 2480 c.
1654 2450 1719 2483 35.

330 2510 427 2552 354.
461 2508 824 2553 Demonstratio
844 2523 892 2565 p.
916 2510 983 2555 Π.
1029 2509 1231 2551 Formula
1265 2511 1368 2551 dare
1400 2511 1531 2551 clm-es
1564 2510 1681 2563 reqm‘
1714 2508 1948 2563 symbolice

213 2577 402 2619 adhibita
427 2590 477 2619 ex
500 2592 579 2619 usu
601 2580 801 2632 loquendi
832 2586 873 2621 et
904 2581 1056 2633 agendi
1077 2581 1257 2633 profano
1281 2585 1323 2622 et
1344 2593 1468 2622 sacro
1486 2581 1519 2636 ⁴2)
1542 2581 1842 2621 auctoritatem
1863 2580 1947 2632 sig·

359 2708 384 2753 ¹)
402 2706 452 2741 Cf.
474 2707 629 2742 aliorum
650 2709 756 2742 effata
776 2720 897 2752 opusc.
913 2709 955 2747 X,
970 2709 1086 2744 2471'n
1098 2710 1234 2748 annot„
1247 2709 1381 2753 quibus
1392 2709 1579 2744 addantur
1596 2709 1621 2743 E
1632 2721 1656 2743 u
1668 2721 1683 2742 s
1695 2719 1714 2743 e
1724 2710 1748 2743 b
1760 2709 1772 2743 i
1783 2721 1807 2743 u
1819 2720 1836 2743 s
1854 2719 1947 2743 caes.

212 2771 245 2803 q.
267 2763 284 2793 1
304 2760 396 2793 circa
420 2760 557 2805 Evang.
576 2773 609 2794 n.
631 2765 679 2798 5.;
714 2761 981 2805 Gregorius
1010 2763 1056 2796 M.
1076 2762 1172 2796 hom.
1193 2764 1230 2796 21
1265 2762 1304 2795 in
1324 2762 1385 2796 Ev.
1404 2775 1439 2796 n.
1458 2766 1500 2799 4:
1528 2762 1770 2796 Alcuinus
1798 2773 1855 2806 cp.
1883 2764 1949 2807 363

212 2814 311 2847 Sma
324 2824 371 2846 ra
385 2814 442 2857 gd
456 2825 478 2847 u
491 2826 507 2847 s
534 2814 570 2847 in
593 2813 727 2855 Erana:
746 2815 935 2849 Pasa-hatis
965 2815 1084 2861 (Mig.
1108 2819 1183 2852 102.
1204 2818 1305 2856 227);
1337 2816 1426 2850 Can
1439 2815 1579 2849 didus
1607 2815 1651 2848 (le
1677 2825 1772 2860 pass.
1799 2814 1949 2849 Domini

213 2877 290 2911 cap.
309 2868 330 2901 7
350 2868 414 2913 (ib.
438 2869 510 2906 11³6,
529 2868 599 2908 73).
635 2868 687 2902 Cf.
705 2867 884 2902 Schrad
897 2880 945 2902 er
963 2869 1007 2903 de
1025 2870 1169 2903 unitate
1186 2880 1277 2903 rom.
1296 2870 1323 2903 t.
1347 2873 1358 2902 l
1381 2880 1416 2902 n.
1439 2870 1504 2903 159
1522 2879 1567 2905 ss,

358 2921 385 2966 ⁹)
403 2920 498 2954 Sane
524 2921 722 2964 potestatis
750 2924 786 2954 et
812 2932 885 2955 non
911 2924 1058 2955 tautum
1088 2922 1236 2956 honoris
1262 2920 1460 2955 translatio
1487 2921 1728 2966 significatur,
1753 2932 1834 2954 (um
1853 2921 1949 2955 Deus

213 2974 355 3008 Sobnae
373 2974 503 3017 vempli
525 2972 579 3006 vel
599 2973 693 3017 regii
710 2973 843 3017 palatii
860 2978 1072 3018 praeposito
1091 2975 1198 3008 dicit:
1220 2976 1404 3018 Eoepellnm
1421 2979 1453 3008 te
1469 2975 1510 3008 de
1525 2976 1670 3009 sturione
1686 2979 1760 3015 tua,
1777 2979 1809 3008 et
1825 2975 1866 3007 de
1882 2976 1949 3008 mi-

213 3028 356 3061 nisterio
374 3031 432 3060 tuo
449 3026 619 3069 deponam
637 3031 678 3059 te.
713 3027 761 3060 Et
790 3028 856 3060 erit
874 3029 909 3061 in
928 3029 983 3061 die
1002 3029 1084 3062 illa:
1110 3029 1240 3062 Vtcabo
1265 3039 1405 3062 servum
1431 3039 1544 3061 meum
1563 3030 1716 3062 Eliaes'm
1733 3029 1848 3070 filium
1866 3027 1948 3061 Hel-

213 3082 296 3125 ciae,
315 3086 346 3115 et
363 3081 509 3114 induam
527 3081 626 3113 illum
644 3081 762 3114 tunica
779 3085 853 3125 tua,
881 3088 912 3114 et
928 3083 1065 3124 cinyulo
1083 3088 1143 3116 tuo
1160 3083 1363 3126 confortabo
1379 3093 1458 3115 eum
1475 3087 1506 3115 et
1515 3086 1720 3125 potestatem
1744 3087 1843 3115 tuam
1860 3081 1950 3114 dabo

200 317 280 356 hac
301 315 565 367 delegatione
584 315 640 355 nil
657 327 831 367 prorsus
845 315 1016 367 legitur:
1038 320 1101 356 est
1125 316 1170 358 b.
1195 319 1391 355 contra
1413 313 1688 398 Ser-wiffam,
1710 315 2064 436 cumffiffloer

1854 399 1896 426 m

2170 2020 2175 2031 -
2166 1974 2175 1988 -ι
2164 1912 2175 1954 ,·-,
2166 1777 2175 1889 ‘'l.;-*A
