2175 3382
239 151 323 189 404
492 143 608 177 'Pi-act.
631 144 690 177 [ΙΙ.
709 143 754 176 de
772 143 947 187 primatu.
964 143 1091 178 Thesis
1110 143 1281 177 LXXVII.
1303 143 1417 178 Curae
1437 155 1525 180 rom.
1545 145 1705 189 episcopi

239 267 287 304 ad
308 279 398 304 eum
421 266 557 303 scribit
579 264 654 315 (ep.
672 273 724 305 :34
739 280 771 304 a.
788 266 911 316 417):
936 266 1134 310 „Excitati
1156 269 1268 303 tanta
1290 266 1481 303 malorum
1504 277 1629 311 scena,
1652 267 1822 315 arripere
1844 271 1978 305 aucto-

239 326 396 363 ritatem
429 325 531 362 sedis
563 325 795 374 apostolicae
827 326 872 363 ad
898 338 1011 363 omne
1043 324 1382 372 comprimendum
1405 324 1512 362 nefas
1534 324 1818 371 festinavimus,
1850 326 1918 364 sed
1939 326 1979 364 in

239 398 356 434 quem
388 384 683 434 insurgeremus
714 396 783 422 nec
815 384 974 422 nomine
996 384 1238 433 appellatum
1261 383 1441 432 legimus,
1475 395 1546 421 nec
1568 384 1742 422 criminis
1764 384 1896 434 aliqua
1915 398 1980 423 ra-

238 444 345 481 tione
376 446 553 480 taxatum
576 472 584 479 .
609 472 615 478 .
640 473 647 479 .
690 443 730 480 Si
761 443 987 492 deposueris
1018 448 1150 480 autem
1183 445 1357 491 apertam
1383 442 1712 492 manifestamque
1738 443 1782 480 in
1804 443 1979 482 homines

239 503 393 551 aliquos
415 502 711 546 accusationem,
744 506 813 539 aut
831 502 983 550 judices
1007 504 1272 550 competentes
1293 501 1478 545 tribuam,
1513 505 1583 538 aut
1605 501 1640 539 si
1662 502 1812 550 aliquid
1835 515 1980 552 urgen-

238 562 319 599 tius
343 561 629 610 sollicitiusque
650 574 672 598 a
694 561 805 599 nobis
828 561 911 599 fieri
934 562 1073 609 potest,
1106 573 1184 597 non
1207 560 1424 605 retardabo,
1448 560 1504 597 fili
1526 560 1791 598 dilectissime.
1835 561 1981 599 Tamen

240 621 422 671 episcopo
453 620 565 658 fratri
598 633 681 658 meo
703 620 847 657 Joanni
871 616 1255 671 (hierosolymitano)
1279 619 1426 668 scripsi,
1460 622 1506 656 ut
1527 619 1854 668 circumspectius
1876 625 1978 670 agat,

239 693 288 718 ne
319 680 421 718 circa
442 679 649 717 Ecclesiam
682 679 756 716 sibi
792 679 980 716 creditam
1004 679 1129 716 adhuc
1150 678 1229 715 tale
1252 678 1403 726 aliquid
1425 678 1533 716 fiat«
1579 679 1629 715 Et
1650 691 1785 717 revera
1807 679 1853 717 ad
1877 679 1982 717 hunc

239 739 374 777 literas
405 738 515 776 dedit
544 739 767 776 minaces
800 736 874 790 (ep.
901 735 971 789 35)
996 737 1250 786 praecipiens,
1283 741 1328 775 ut
1360 737 1453 775 haec
1475 737 1657 786 deinceps
1679 738 1893 788 corrigeret
1913 741 1981 776 aut

240 798 479 843 retunderet,
513 824 529 839 u„
540 810 589 834 ne
608 798 674 845 jus
706 797 1011 834 ecclesiasticum
1039 797 1086 834 de
1108 796 1351 834 labefactatis
1374 808 1506 834 causas
1529 794 1570 849 (i.
1593 809 1624 834 e.
1648 794 1855 850 rationem)
1878 809 1981 842 eum,

240 858 308 906 qui
329 869 409 895 nou
431 856 662 894 defenderit.
686 858 882 905 praestare
905 856 1151 905 compellat«
1182 855 1278 893 Cum
1300 856 1500 893 tumultus
1521 856 1597 893 orti
1619 859 1751 894 essent
1772 857 1877 894 inter
1897 868 1980 894 mo-

239 918 382 954 nachos
413 916 669 960 Palaestinae,
702 915 807 953 illico
837 927 865 953 s.
902 915 998 952 Leo
1030 914 1193 952 Juliano
1225 915 1366 959 coensi,
1400 926 1470 952 suo
1501 927 1570 964 per
1602 915 1803 954 Orientem
1824 915 1983 959 vicario,

241 976 398 1025 scripsit
420 973 496 1027 (ep.
527 983 538 1014 1
556 982 603 1015 13
629 988 660 1012 a.
686 972 808 1025 453):
843 974 993 1023 ,Cupio
1026 987 1087 1011 me
1109 986 1227 1022 super
1248 974 1309 1011 his
1331 974 1488 1023 plenius
1511 973 1674 1019 edoceri,
1708 976 1756 1012 ut
1777 974 1898 1012 etiam
1920 976 1980 1012 ta-

240 1036 337 1073 lium
360 1034 588 1072 correctioni
610 1045 781 1083 congrue
804 1033 1014 1071 studeatur
1036 1036 1136 1071 etc.·-'<

359 1103 401 1134 (3.
424 1093 479 1130 Ex
511 1093 643 1130 eadem
675 1092 941 1130 sollicitudine
971 1092 1191 1141 profectum
1221 1098 1283 1129 est
1318 1104 1454 1130 munus
1478 1093 1667 1130 indicendi
1688 1094 1887 1131 universae
1907 1093 1981 1131 Εε-

240 1155 372 1191 clesiae
394 1158 538 1202 tempus
559 1152 772 1190 celebrandi
802 1153 899 1200 festa
914 1152 1130 1200 paschalia,
1163 1154 1209 1188 ut
1241 1151 1389 1200 ubique
1417 1151 1591 1188 locorum
1613 1152 1749 1189 eodem
1770 1154 1984 1202 agerentur

242 1213 314 1250 die.
355 1213 415 1249 Ita
455 1211 626 1261 synodus
668 1211 988 1249 arelatensis
1021 1208 1068 1263 (a.
1105 1207 1205 1262 314)
1239 1210 1287 1248 ad
1319 1210 1559 1248 Silvestrum
1589 1211 1784 1248 rationem
1815 1210 1982 1249 reddens

242 1284 388 1317 eorum,
412 1284 511 1320 quae
533 1273 747 1308 statuerat:
779 1297 795 1314 »
807 1270 936 1308 Primo
959 1270 1001 1307 in
1022 1270 1106 1308 loco
1128 1269 1175 1306 de
1197 1270 1467 1307 observatione
1494 1269 1660 1318 paschae
1685 1269 1913 1316 dominicae,
1936 1274 1982 1308 ut

240 1343 319 1368 uno
351 1331 414 1368 die
445 1333 484 1367 et
514 1342 594 1367 uno
625 1332 799 1379 tempore
831 1343 900 1378 per
932 1341 1086 1366 omnem
1115 1329 1246 1366 orbem
1269 1342 1291 1366 a
1312 1329 1425 1366 nobis
1448 1329 1680 1367 observetur
1700 1331 1741 1366 et
1756 1329 1872 1379 juxta
1893 1341 1984 1367 con-

244 1390 493 1427 suetudinem
524 1389 660 1426 literas
693 1389 741 1426 ad
763 1401 897 1426 omnes
920 1391 966 1426 tu
988 1388 1185 1438 dirigas;«
1218 1391 1257 1425 et
1280 1400 1309 1425 s.
1331 1388 1424 1426 Leo
1447 1400 1504 1436 ep.
1530 1394 1605 1428 96:
1639 1388 1750 1433 ,Hoc
1769 1388 1903 1426 divina
1922 1388 1982 1426 in-

245 1449 402 1486 stitutio
425 1451 465 1486 et
485 1451 649 1497 paterna
671 1448 833 1485 traditio
855 1448 903 1485 ad
925 1450 1102 1485 nostram
1124 1447 1432 1485 sollicitudinem
1454 1447 1582 1485 voluit
1602 1448 1801 1497 pertinere
1819 1445 1892 1498 1).<ζ

361 1505 408 1549 (l.
431 1508 597 1557 Propter
626 1507 862 1544 universalis
883 1507 1079 1544 Ecclesiae
1111 1519 1242 1544 curam
1274 1506 1482 1544 obstrictos
1508 1518 1548 1544 se
1570 1507 1810 1555 reputabant
1830 1507 1986 1544 romani

243 1568 444 1616 praesules
474 1567 674 1616 inviyilare
704 1566 1021 1616 diligentissime,
1067 1577 1113 1603 ne
1143 1578 1303 1603 canones
1334 1567 1562 1614 statutaque
1593 1566 1848 1604 conciliorum
1879 1566 1983 1604 anti-

244 1626 486 1676 quitatisque
519 1626 760 1663 violarentur.
804 1624 906 1669 Quot
938 1627 1033 1662 sunt
1054 1624 1242 1674 epistolae
1263 1625 1495 1674 praesertim
1517 1637 1539 1662 a
1561 1624 1692 1662 Siricii
1712 1627 1899 1674 tempore,
1922 1626 1983 1663 tot

240 1686 359 1734 hujus
381 1684 662 1723 sollicitudinis
683 1686 927 1734 argumenta.
950 1684 1026 1722 Pro
1047 1687 1270 1733 temporum
1284 1696 1376 1721 vero
1398 1684 1594 1733 adjunctis
1616 1696 1808 1722 canonum
1832 1684 1984 1734 legum-

240 1757 316 1794 que
339 1744 687 1782 ecclesiasticarum
708 1744 880 1794 rigorem
901 1743 1070 1789 leniunt,
1104 1755 1262 1781 sensum
1284 1743 1491 1792 explicant,
1524 1743 1587 1780 vel
1609 1743 1728 1780 etiam
1749 1755 1870 1781 novas
1891 1755 1983 1780 con·

241 1804 352 1850 dunt,
383 1816 527 1853 poenas
556 1804 760 1840 minantur
782 1802 1078 1841 contumacibus
1099 1802 1162 1840 vel
1184 1802 1483 1851 negligentibus
1505 1802 1717 1852 episeopis;
1750 1802 1838 1840 aliis
1862 1801 1982 1851 privi-

239 1863 342 1913 legia
373 1863 602 1904 concedunt,
634 1875 689 1900 ex.
721 1875 779 1912 gr.
815 1862 1127 1900 Anastasius
1159 1858 1199 1913 (†
1224 1861 1337 1911 401),
1370 1861 1440 1910 qui
1471 1873 1559 1899 cum
1583 1862 1746 1899 Damaso
1777 1864 1817 1899 et
1847 1861 1987 1899 Siricio

242 1920 255 1973 (
259 1936 290 1959 a.
309 1922 409 1972 385)
424 1924 583 1959 tantum
604 1921 751 1959 detulit
763 1922 912 1971 Anysio
934 1921 1271 1965 thessalonicensi,
1297 1923 1372 1965 „ut
1393 1920 1429 1958 ei
1451 1921 1593 1966 omnia,
1616 1933 1717 1969 quae
1739 1921 1781 1958 in
1800 1920 1881 1958 illis
1893 1933 1987 1969 par-

240 1981 347 2018 tibus
370 1984 591 2031 agerentur,
614 1981 788 2018 traderet
809 1981 1090 2030 cognoscenda:
1103 1986 1120 2003 «
1143 1982 1191 2017 ut
1213 1979 1353 2017 scribit
1366 1981 1458 2018 Inn
1471 1992 1492 2017 ο
1507 1980 1714 2018 centius
1735 1980 1826 2029 Iep.
1849 1987 1863 2019 l
1881 1991 1919 2017 n.
1942 1988 1956 2019 1
1974 1993 1981 2023 ς

241 2043 281 2078 et
303 2040 527 2078 Siricius
551 2052 609 2089 ep.
634 2047 657 2080 4
682 2040 906 2086 constituit,
939 2041 986 2077 ut
1006 2039 1143 2077 nullus
1165 2039 1207 2076 in
1229 2039 1388 2088 Illyrico
1410 2039 1618 2088 episcopus
1640 2039 1724 2077 sine
1746 2039 1869 2087 ipsius
1891 2049 1983 2076 con·

242 2111 360 2137 sensu
381 2099 650 2144 ordinaretur-3
682 2099 707 2136 Z
720 2111 741 2137 o
755 2099 914 2136 simus
945 2098 1202 2148 praescripsit
1224 2096 1272 2151 (a.
1297 2095 1411 2151 417),
1434 2110 1483 2135 ne
1504 2098 1612 2135 ullus
1633 2110 1654 2135 e
1676 2098 1801 2135 Gallia
1823 2098 1984 2135 Romam

241 2159 406 2204 veniret,
429 2159 527 2207 quin
548 2158 736 2196 formatas
759 2158 806 2196 ab
828 2158 1039 2196 arelatensi
1061 2157 1365 2206 metropolitano
1388 2157 1592 2206 acciperet.
1638 2157 1764 2201 Quare
1784 2156 1982 2194 universis

241 2231 311 2267 per
343 2218 486 2255 Gallias
518 2217 708 2267 episcopis
740 2217 877 2255 scribit
907 2230 966 2266 ep.
999 2225 1015 2257 1
1052 2230 1090 2255 n.
1116 2222 1135 2256 7
1151 2230 1159 2254 ε
1193 2215 1410 2265 ‚Quisquis
1439 2216 1575 2266 igitur,
1606 2216 1749 2254 fratres
1778 2215 1985 2260 carissimi,

242 2277 517 2325 praetermissa
536 2277 737 2325 praedicta
758 2276 924 2314 formata
946 2276 1028 2314 sive
1050 2275 1269 2325 episcopus,
1292 2275 1375 2313 sive
1397 2275 1598 2321 diaconus,
1627 2277 1698 2313 aut
1718 2275 1901 2324 deinceps
1921 2274 1982 2312 in-

242 2335 376 2374 feriori
407 2336 535 2385 gradu
566 2336 630 2380 sit,
664 2336 713 2373 ad
742 2348 813 2373 nos
846 2335 1009 2378 venerit,
1043 2335 1144 2373 sciat
1174 2347 1214 2372 se
1246 2334 1402 2372 omnino
1433 2335 1554 2383 recipi
1584 2346 1664 2372 non
1693 2346 1815 2383 posse.
1857 2334 1982 2378 Quam

243 2395 617 2432 auctoritatem
651 2395 798 2443 ubique
831 2406 902 2432 nos
935 2394 1084 2432 misisse
1113 2393 1368 2431 manifestum
1398 2397 1469 2439 est,
1500 2396 1547 2431 ut
1578 2393 1726 2432 cunctis
1756 2393 1985 2443 regionibus

243 2454 475 2499 innotescat,
507 2453 546 2490 id
580 2454 683 2502 quod
715 2454 928 2492 statuimus
958 2453 1263 2491 omnimodis
1284 2465 1364 2490 esse
1387 2453 1634 2490 servandum.
1677 2452 1718 2489 Si
1739 2452 1828 2501 quis
1850 2453 1983 2489 autem

244 2512 457 2550 salubriter
479 2513 694 2550 constituta
714 2515 904 2550 temerare
934 2513 1158 2556 tentaverit,
1188 2514 1326 2561 sponte
1353 2524 1425 2549 sua
1446 2524 1485 2549 se
1507 2525 1528 2549 a
1549 2514 1686 2549 nostra
1707 2510 1982 2549 communione

242 2571 395 2609 noverit
426 2571 677 2609 discretum.«
723 2572 776 2610 Cf.
798 2572 1028 2621 praesertim
1060 2571 1257 2608 Damasi
1288 2584 1346 2620 ep.
1373 2577 1394 2611 3
1428 2567 1661 2622 (synodica),
1694 2582 1753 2619 ep.
1785 2569 1978 2615 Siricii,

242 2631 543 2668 Innocentii
568 2638 589 2670 3
614 2634 653 2668 et
677 2639 722 2675 ὅς
745 2634 785 2669 et
807 2631 996 2668 Zosimi
1019 2643 1078 2680 ep.
1107 2638 1141 2670 1.
1159 2637 1194 2670 5.
1212 2637 1248 2670 6.
1274 2637 1309 2670 7.
1327 2637 1364 2670 9.
1386 2638 1447 2670 10.
1468 2637 1529 2670 11.
1550 2637 1612 2675 16,
1635 2642 1752 2678 quem
1774 2631 1982 2678 propterea

243 2690 400 2727 Casan
414 2689 472 2726 bo
485 2702 576 2726 nus
598 2690 728 2727 Exere.
756 2697 804 2730 15
828 2690 871 2727 in
891 2691 1044 2733 Baron.‚
1069 2701 1302 2739 ,praecocem
1325 2688 1652 2726 Hildebrandum‘
1674 2688 1858 2736 appellat.

361 2758 402 2788 e.
427 2747 495 2785 Sui
512 2748 615 2797 juris
639 2749 778 2797 suique
799 2749 974 2786 muneris
995 2749 1144 2798 pariter
1165 2760 1247 2786 esse
1269 2748 1493 2793 censebant,
1526 2749 1800 2796 episcoporum,
1832 2746 1979 2795 prima-

241 2821 331 2845 rum
353 2807 492 2845 saltem
515 2807 676 2853 sedium,
700 2808 914 2856 approbare
938 2808 989 2845 cel
1008 2807 1217 2856 reprobare
1237 2808 1457 2844 electionem.
1499 2807 1561 2844 Ita.
1582 2807 1828 2844 Damasus
1850 2805 1980 2843 literis

388 2901 411 2940 ι)
430 2898 483 2931 ef.
502 2907 557 2942 ep.
578 2896 1217 2935 121.122.138;Inuocentii1.
1236 2907 1292 2942 ep.
1313 2900 1357 2931 14
1375 2896 1420 2930 ad
1439 2896 1713 2934 Aurelium:
1733 2895 1914 2940 cyrilli
1931 2894 1980 2929 al.

241 2962 297 2996 ep.
315 2954 359 2986 87
378 2952 415 2986 et
431 2951 470 2985 in
487 2951 641 2995 prologo
667 2951 789 2995 pasch.
818 2950 874 2990 uf.
906 2951 933 2985 H
948 2950 1043 2985 efel
1057 2962 1076 2986 e
1104 2950 1415 2995 Conciliengesch.
1437 2954 1466 2992 1,
1485 2952 1554 2985 330
1574 2950 1628 2986 ed.
1647 2951 1696 2993 2).
1729 2948 1827 2983 Huic
1844 2947 1980 2982 sollici·

239 3004 363 3039 tudini
381 3015 445 3049 pro
464 3005 647 3039 Ecclesiae
664 3005 762 3038 bono
779 3004 891 3038 inniti
909 3005 1055 3039 videtur
1072 3006 1311 3050 praeceptum
1329 3004 1377 3038 ab
1395 3003 1528 3048 angelo
1546 3003 1703 3037 Hermae
1720 3001 1866 3037 auctori
1877 3001 1978 3042 libri,

239 3059 298 3092 cui
317 3058 450 3092 titulus
468 3059 608 3102 Pastor,
625 3057 650 3091 l.
673 3062 688 3092 l
708 3057 775 3092 vis.
794 3061 813 3092 2
833 3069 869 3092 n.
886 3063 909 3092 4
927 3058 1066 3097 datum,
1093 3060 1136 3092 ut
1155 3069 1237 3092 eum
1259 3056 1437 3092 Clementi
1454 3067 1608 3091 romano
1626 3057 1796 3101 episcopo
1815 3056 1983 3090 traderet

240 3111 287 3145 ad
305 3111 396 3145 alias
410 3110 634 3146 mittendum
647 3109 835 3146 civitates:
857 3110 938 3148 ,mi
953 3111 1051 3145 enim
1066 3111 1287 3156 permissum
1301 3110 1367 3144 est.
1377 3117 1390 3131 ‘
1411 3109 1462 3144 Cf.
1478 3109 1567 3143 Tiib.
1585 3108 1740 3150 Qtlschr.
1758 3110 1860 3149 1878,
1875 3110 1921 3143 48
1932 3119 1980 3142 ss,
