2175 3382
508 134 686 179 probatur
703 145 745 169 ex
764 145 871 169 sensu
889 135 1091 169 theoretico
1111 136 1148 169 et
1165 136 1325 180 practico
1345 138 1591 181 antiquitatis,
1829 142 1914 183 441

190 256 380 294 tationem
402 255 512 304 sequi
535 255 762 300 contemnit,
785 255 881 303 quid
902 268 1055 293 necesse
1078 258 1146 301 est,
1173 258 1218 293 ut
1243 257 1290 293 ad
1312 257 1550 295 occasionem
1572 259 1832 297 contentionis
1855 272 1915 297 sa-

191 314 334 352 lutatio
357 317 491 352 nostra
511 314 698 362 proficiat,
731 315 876 363 quibus
899 327 977 352 11011
999 316 1058 352 est
1079 314 1357 363 disputationis
1381 320 1448 353 aut
1481 318 1701 355 certaminis
1732 330 1847 355 causa
1875 319 1917 356 in

189 373 438 411 mandatis?<¹
474 373 568 410 Cum
591 373 749 421 quidam
772 373 1062 410 Thessalonicae
1084 373 1257 422 episcopi
1278 375 1425 411 vellent
1455 376 1577 413 facere
1601 402 1617 420 »
1629 377 1840 414 certamina
1870 377 1916 414 de

190 432 347 474 libellis,
371 432 564 469 dicentes:
588 432 689 469 Sunt
710 431 893 480 capitula,
917 444 1016 480 quae
1038 432 1182 469 debent
1203 433 1409 478 emendari,
1422 438 1438 456 «
1464 434 1646 472 dixerunt
1668 436 1787 484 legati
1811 448 1918 479 „non

191 503 272 529 esse
293 491 334 528 in
355 492 548 539 potestate
571 491 746 539 ipsorum
776 491 847 528 hoc
877 490 1023 527 facere:
1056 491 1088 527 si
1118 491 1242 528 vultis
1272 492 1397 529 facere
1430 489 1469 543 (i.
1493 505 1523 529 e.
1547 492 1815 545 subscribere),
1839 495 1917 532 Deo

192 549 363 600 gratias3
396 550 431 587 si
452 562 530 587 non
552 550 674 586 vultis
695 550 832 594 facere,
854 550 1045 593 venimus,
1082 550 1340 587 salutavimus
1363 563 1442 596 vos,
1475 553 1816 599 perambulamus«
1839 553 1863 589 i.
1886 566 1916 590 e.

190 609 415 646 recedemus
437 610 476 645 et
497 608 705 645 abibimus.
750 608 810 645 En
831 620 919 645 cum
943 610 1089 655 quanta
1112 609 1346 646 auctoritate
1368 610 1522 658 egerint
1536 610 1765 648 Hormisdae
1787 612 1916 660 legati.

191 667 341 705 Similia
360 668 550 717 leguntur
571 668 769 705 occasione
793 667 908 715 primi
931 667 1131 704 schismati
1153 668 1329 716 photiani
1342 668 1383 705 in
1396 668 1479 705 vita
1492 668 1679 706 Hadriani
1693 670 1741 706 ΙΙ.
1764 671 1823 707 Mi
1831 684 1917 719 gne

195 735 208 767 1
223 732 287 770 22,
317 735 327 764 1
343 732 437 766 254.

309 785 392 829 Qua
422 785 464 821 in
485 797 527 821 re
550 785 847 822 Hormisdas
879 787 1035 822 secutus
1068 788 1125 822 est
1156 786 1376 834 exemplum
1408 798 1436 823 s.
1459 787 1516 823 Co
1531 787 1747 824 elestini
1779 788 1919 824 similia

193 844 273 882 suis
294 844 341 881 ad
363 844 570 881 concilium
592 844 820 892 ephesinum
842 844 983 894 legatis
998 845 1182 882 mandata
1203 845 1334 882 dantis
1350 843 1403 897 (n.
1421 852 1500 885 405
1513 846 1557 892 3).
1598 847 1658 883 Ita
1680 859 1706 883 s.
1721 848 1753 883 A
1765 860 1789 895 g
1803 847 1918 883 atho

189 903 339 952 legatos
362 915 451 940 suos
473 903 519 939 ad
542 903 755 940 concilium
776 903 1067 940 oecumenicum
1080 904 1143 941 VI.
1156 916 1244 940 cum
1255 903 1345 941 fidei
1358 904 1595 953 professione
1609 905 1772 942 mittens
1790 906 1845 942 eis
1860 906 1918 942 in-

185 962 324 1012 jungit
346 960 473 1014 (Mig.
498 967 563 1006 87,
592 970 606 1002 1
624 960 731 1013 164),
767 964 840 1006 »ut
862 962 962 999 nihil
984 962 1031 999 de
1053 963 1120 1009 eis,
1153 976 1252 1011 quae
1272 964 1507 1012 regulariter
1528 963 1687 1000 definita
1709 968 1814 1005 sunt,
1846 965 1918 1001 mi-

188 1023 347 1066 nuatur,
371 1021 473 1058 nihil
494 1023 672 1058 mutetur
693 1022 756 1058 vel
778 1024 979 1071 augeatur,
1013 1022 1081 1059 sed
1102 1023 1236 1059 eadem
1259 1024 1298 1058 et
1327 1022 1454 1059 verbis
1484 1024 1523 1059 et
1555 1023 1736 1059 sensibus
1768 1023 1920 1060 illibata

191 1080 472 1117 custodiantur.
484 1085 501 1103 «
546 1079 656 1124 Quod
677 1092 764 1117 mox
787 1080 931 1118 iterum
953 1079 1135 1118 inculcat.
1177 1081 1228 1118 Et
1248 1081 1290 1118 in
1311 1094 1369 1130 ep.
1393 1081 1440 1118 ad
1463 1082 1654 1130 synodum
1678 1082 1743 1126 ait,
1772 1082 1918 1131 legatos

190 1139 329 1177 debere
351 1138 585 1188 apostolicae
607 1139 697 1176 fidei
719 1139 1001 1177 confessionem
1025 1140 1171 1185 offerre,
1198 1153 1303 1184 »non
1324 1143 1455 1177 tamen
1477 1144 1677 1189 tamquam
1699 1142 1745 1177 de
1760 1141 1919 1178 incertis

190 1198 433 1244 contendere,
468 1198 533 1235 sed
555 1200 601 1234 ut
623 1200 728 1235 certa
749 1200 867 1246 atque
889 1198 1151 1236 immutabilia
1171 1199 1356 1247 proferre.
1367 1204 1384 1222 «
1428 1200 1671 1248 Quapropter
1701 1199 1742 1236 in
1765 1213 1822 1248 ep.
1845 1200 1920 1236 fine

190 1257 416 1295 solemniter
437 1257 626 1294 declarat:
651 1257 910 1306 »Quicunque
932 1258 1095 1307 proinde
1118 1258 1364 1296 sacerdotum
1387 1259 1491 1304 haec,
1514 1271 1613 1306 quae
1627 1259 1667 1295 in
1681 1259 1750 1296 hac
1764 1262 1919 1295 nostrae

189 1316 430 1353 humilitatis
453 1315 694 1353 confessione
716 1317 978 1362 continentur,
1014 1317 1217 1354 nobiscum
1241 1317 1445 1355 sinceriter
1466 1317 1690 1365 praedicare
1713 1317 1918 1363 desiderat,

190 1377 237 1411 ut
258 1377 415 1412 nostrae
437 1375 672 1423 apostolicae
695 1376 784 1412 fidei
806 1376 1014 1413 concordes
1035 1378 1082 1413 ut
1104 1377 1321 1414 sacerdotes
1345 1408 1352 1415 .
1378 1405 1386 1413 .
1409 1406 1416 1413 .
1441 1377 1689 1425 suscipimus
1734 1377 1807 1420 Qui
1828 1389 1918 1413 vero

189 1434 282 1471 haec
304 1433 479 1471 confiteri
499 1434 709 1479 noluerint,
734 1438 779 1472 ut
801 1435 962 1472 infestos
978 1435 1193 1472 catholicae
1207 1438 1324 1483 atque
1340 1436 1573 1483 apostolicae
1586 1436 1676 1472 fidei
1690 1435 1920 1473 confessioni

188 1495 401 1542 perpetuae
423 1493 754 1531 condemnationis
775 1506 863 1531 reos
887 1507 967 1531 esse
990 1500 1231 1535 censemus«
1266 1495 1324 1531 En
1347 1506 1597 1531 romanorum
1610 1494 1838 1543 pontificum
1853 1494 1918 1531 de-

187 1554 316 1589 cretra
337 1565 454 1601 supra
474 1552 766 1600 disceptationis
788 1553 910 1590 aleam
930 1553 1071 1602 posita.

307 1609 350 1651 d.
373 1611 473 1648 Hinc
497 1611 827 1649 Coelestinus
849 1624 908 1661 ep.
934 1619 981 1652 21
1010 1613 1057 1649 ad
1079 1613 1192 1660 episc.
1217 1612 1414 1649 Galliae
1436 1619 1549 1652 n.12
1575 1613 1793 1649 sanctiones
1817 1612 1918 1649 sedis

190 1670 422 1719 apostolicae
444 1672 555 1707 vocat
578 1670 947 1715 inviolabiles3
973 1671 1278 1720 Simplicius
1303 1671 1435 1709 scribit
1458 1669 1506 1723 (a.
1532 1674 1633 1717 477)
1657 1671 1798 1708 Zenoni
1825 1671 1918 1719 imp.

189 1742 248 1777 ep.
273 1735 294 1768 6
320 1742 356 1766 n.
381 1736 427 1768 4:
461 1729 810 1773 „Chalcedonensis
843 1730 981 1779 synodi
1004 1731 1218 1768 constituta
1239 1731 1301 1768 vel
1332 1744 1385 1775 ea,
1419 1743 1517 1778 quae
1548 1731 1682 1767 beatae
1712 1730 1919 1767 memoriae

186 1788 460 1836 praedecessor
481 1801 589 1825 meus
610 1789 639 1825 L
652 1801 671 1825 e
684 1801 704 1826 0
727 1789 938 1837 apostolica
960 1790 1179 1827 eruditione
1200 1790 1414 1838 perdocuit,
1450 1789 1681 1826 intemerata
1702 1788 1834 1838 vigere
1851 1790 1917 1837 ju-

189 1847 334 1884 beatis:
357 1847 450 1895 quia
471 1859 540 1884 nec
562 1847 645 1884 ullo
668 1848 782 1885 modo
805 1849 1007 1885 retractari
1029 1850 1170 1897 potest,
1195 1849 1300 1896 quod
1321 1849 1480 1886 illorum
1503 1848 1725 1885 definitione
1749 1848 1918 1896 sopitum

189 1908 258 1951 est,
281 1918 352 1943 nec
373 1906 573 1943 ullatenus
594 1907 715 1955 recipi
735 1907 854 1944 toties
877 1919 956 1944 uno
979 1908 1153 1956 undique
1175 1920 1240 1944 ore
1263 1908 1512 1944 damnatus<<
1547 1907 1807 1956 Eutychiu
1822 1919 1838 1943 s
1861 1920 1918 1955 ep.

190 1966 258 2003 GP.
281 1965 322 2002 in
344 1978 403 2014 ep.
426 1965 473 2002 ad
495 1964 699 2014 Vigilium,
732 1968 939 2014 postquam
961 1967 1158 2015 professus
1190 1969 1247 2003 est
1270 1979 1308 2003 se
1331 1966 1526 2015 suscipere
1558 1968 1727 2014 quatuor
1759 1965 1920 2002 concilia

188 2024 444 2070 oecumenica,
468 2025 719 2072 prosequitur
742 2021 857 2076 (Mig
871 2037 927 2062 ne
953 2032 1018 2070 67,
1038 2022 1129 2078 64);
1155 2025 1425 2073 »Suscipimus
1440 2027 1570 2062 autem
1594 2027 1633 2061 et
1646 2025 1920 2072 amplectimur

188 2085 228 2121 et
249 2083 432 2132 epistolas
463 2084 687 2131 praesulum
720 2096 901 2121 romanae
933 2084 1036 2121 sedis
1069 2084 1303 2133 apostolicae
1334 2086 1414 2121 tam
1446 2084 1611 2121 aliorum
1642 2097 1758 2131 quam
1780 2083 1918 2120 Leonis

189 2144 344 2179 sanctae
365 2142 573 2179 memoriae
596 2143 643 2179 de
665 2144 770 2180 recta
791 2142 865 2179 fide
888 2143 1050 2191 scriptas
1073 2145 1112 2180 et
1134 2143 1181 2180 de
1203 2145 1373 2191 quatuor
1395 2144 1536 2180 sanctis
1560 2143 1734 2179 conciliis
1756 2143 1820 2180 vel
1842 2155 1918 2179 uno

188 2206 362 2238 eorum.«
407 2200 531 2245 Quam
562 2201 839 2249 professionem
871 2202 1031 2250 plurimi
1062 2202 1233 2250 episcopi
1265 2202 1437 2239 Orientis
1471 2202 1800 2249 subscripserunt.
1842 2201 1917 2239 Vi-

187 2259 354 2310 gilius
377 2260 492 2297 initio
528 2260 589 2297 sui
613 2260 828 2298 Constituti
861 2258 909 2312 (a.
934 2259 1033 2313 553)
1066 2262 1305 2298 mentionem
1337 2261 1428 2297 facit
1458 2260 1731 2298 universorum
1764 2259 1918 2297 Domini

191 2319 436 2357 sacerdotum
457 2318 756 2367 professionum,
793 2345 809 2363 »
820 2332 890 2367 per
912 2332 1007 2368 quas
1031 2332 1080 2357 ss.
1102 2323 1258 2368 patrum
1281 2323 1319 2356 et
1341 2319 1624 2356 venerabilium
1655 2322 1823 2367 quatuor
1854 2331 1917 2367 sy-

188 2378 380 2415 nodorum
403 2380 443 2414 et
463 2378 690 2426 praesulum
714 2378 814 2415 sedis
836 2379 1069 2426 apostolicae
1097 2379 1297 2415 inhaerere
1329 2378 1623 2415 definitionibus
1654 2382 1916 2415 monstraren-

186 2440 294 2474 tun«
338 2437 390 2473 Cf.
411 2437 615 2485 Pelagii
636 2437 654 2473 Ι
676 2449 734 2485 ep.
760 2444 780 2476 7
806 2437 853 2474 ad
876 2437 982 2474 univ.
1005 2450 1093 2486 pop.
1117 2437 1185 2474 Dei
1209 2437 1382 2485 (Mansi
1405 2437 1468 2482 IX,
1496 2434 1594 2489 717)
1618 2439 1657 2474 et
1678 2436 1919 2474 Nicolail

189 2508 247 2544 ep.
272 2502 322 2536 75
348 2496 396 2532 ad
417 2495 533 2544 episc.
559 2495 704 2532 Galliae
727 2497 766 2532 et
786 2496 1064 2544 professionem
1096 2496 1184 2532 fidei
1218 2496 1259 2532 in
1280 2496 1305 2532 l.
1328 2496 1468 2533 diurno
1491 2494 1616 2547 (Mig.
1644 2502 1737 2541 165,
1763 2502 1812 2535 65
1839 2493 1917 2547 ss).

188 2554 271 2592 Imo
292 2555 581 2592 Bernaldus
604 2555 728 2602 presb.
752 2555 1054 2591 constantiensis
1078 2552 1132 2606 (fl.
1156 2567 1185 2591 c,
1212 2551 1340 2606 1080)
1377 2554 1418 2591 111
1439 2555 1679 2604 apologetico
1703 2567 1821 2603 super
1851 2555 1916 2591 de—

188 2614 295 2650 creta
317 2613 507 2663 Gregoriii
528 2613 611 2651 VH.
634 2613 770 2650 scribit
793 2626 821 2650 c.
847 2619 891 2652 4:
927 2614 1117 2657 „Decreta
1139 2626 1230 2650 vero
1263 2625 1312 2649 ss.
1336 2626 1586 2650 romanorum
1606 2613 1848 2663 pontificum,
1882 2613 1916 2650 si

189 2684 405 2721 possemus,
441 2673 558 2709 etiam
581 2672 797 2709 studiosius
822 2685 939 2720 quam
962 2672 1030 2709 illa
1051 2675 1220 2720 quatuor
1243 2672 1406 2709 concilia
1429 2670 1707 2724 (oecumenica)
1739 2672 1915 2710 venerari

191 2732 230 2767 et
251 2731 452 2769 observare
474 2732 708 2774 deberemus,
745 2743 832 2767 cum
855 2733 894 2767 et
915 2731 998 2779 ipsa
1020 2731 1182 2768 concilia
1204 2731 1309 2767 omni
1331 2731 1517 2768 firmitate
1553 2734 1739 2776 carerent,
1776 2731 1807 2767 si
1839 2743 1916 2767 11011

190 2789 426 2838 apostolicae
448 2789 552 2827 sedis
574 2790 777 2838 pontifices
800 2802 843 2826 ea
864 2802 933 2838 per
954 2789 1203 2838 apostolicam
1236 2790 1510 2827 auctoritatem
1541 2793 1581 2827 et
1611 2802 1844 2839 congregare
1877 2792 1916 2825 et

192 2849 439 2897 comprobare
460 2849 724 2886 decrevissent
746 2847 871 2901 (Mig.
900 2854 992 2893 148,
1021 2845 1189 2901 1109).«

309 2907 435 2951 Quare
466 2910 695 2957 exaggerata
725 2907 872 2945 censeri
902 2910 1104 2954 nequeunt
1134 2907 1252 2944 verba
1284 2920 1312 2944 s.
1335 2908 1548 2944 Thomae
1580 2910 1678 2944 cant.
1711 2904 1749 2957 (1
1788 2903 1912 2956 1170)

190 2977 249 3013 ep.
276 2972 326 3005 74
350 2966 397 3003 ad
419 2967 683 3015 suffraganeos
706 2966 861 3003 Cantiae
883 2978 989 3014 prov.
1014 2963 1138 3017 (Mig.
1167 2972 1257 3012 190,
1285 2964 1405 3018 534):
1431 2965 1553 3011 „Quis
1574 2978 1771 3003 romanam
1785 2964 1913 3001 Eccle-

190 3024 287 3060 siam
308 3027 425 3073 caput
446 3025 621 3062 omnium
644 3025 890 3062 ecclesiarum
921 3027 961 3061 et
982 3024 1128 3061 fontem
1151 3025 1360 3062 catholicae
1384 3025 1581 3062 doctrinae
1613 3024 1775 3072 ambigit
1805 3025 1914 3059 esse?

192 3081 287 3126 Quis
309 3083 435 3121 claves
457 3084 570 3132 regni
592 3084 784 3121 coelorum
807 3084 920 3119 Petro
942 3083 1108 3120 traditas
1131 3095 1215 3121 esse
1238 3084 1419 3133 ignorat?
1442 3084 1580 3120 Nonne
1603 3083 1642 3119 in
1664 3082 1737 3119 fide
1760 3083 1798 3118 et
1824 3082 1912 3118 doc-
