2175 3382
632 135 806 170 Definitio
826 145 926 169 conc.
945 134 1128 169 florentini
1147 135 1190 168 dc
1208 146 1296 169 rom.
1318 136 1505 179 pontifice.
1852 139 1935 181 411

197 270 279 296 non
308 259 380 302 est,
412 258 548 302 Deum,
580 257 649 305 qui
680 258 721 294 in
751 257 898 294 bonum
918 256 1114 294 Ecclesiae
1145 256 1354 305 imperium
1387 258 1580 306 disposuit
1604 270 1819 303 romanum,
1846 270 1931 295 rem

198 316 302 354 tanti
333 315 532 360 momenti,
565 315 785 364 cujusmodi
817 317 878 352 est
898 314 972 352 fixa
993 315 1102 352 sedes
1124 316 1248 352 centri
1269 316 1435 353 unitatis
1457 317 1752 361 ecclesiasticae,
1785 317 1934 364 permi-

199 375 294 413 sisse
316 375 513 412 voluntati
534 374 716 412 mutabili
739 374 940 411 humanae.
984 373 1036 411 Cf.
1059 373 1268 410 Mazzell
1284 387 1304 410 a
1327 374 1364 410 d.
1391 382 1410 413 3
1437 388 1468 411 a.
1496 381 1515 414 2
1543 373 1562 417 ἓ
1588 382 1623 414 5.

940 522 1108 577 caput
1142 523 1197 565 Ιν.

375 606 444 648 De
475 607 524 646 vi
557 610 609 647 et
639 605 858 646 ratione
892 605 1160 657 primatus
1193 605 1414 645 romani
1447 605 1749 656 pontificis.

317 704 412 745 388.
437 700 638 753 Definitio
659 699 822 740 concilii
841 700 1064 753 florentini.
1088 724 1144 729 -—
1166 698 1268 740 Post
1290 711 1352 748 ea,
1376 711 1487 752 quae
1511 700 1730 752 hucusque
1753 701 1936 742 demon-

197 771 424 812 stravimus
455 771 508 812 de
542 771 748 823 primatus
778 771 1040 811 institutione
1076 774 1117 811 et
1149 770 1429 822 perennitate.
1466 771 1706 811 accuratius
1739 771 1928 823 ejusdem

195 842 514 895 praerogativas
537 846 579 882 et
599 841 698 894 jura
720 840 1108 882 determinabimus.
1151 839 1259 892 Quid
1281 841 1514 892 generatim
1548 841 1600 881 de
1628 852 1679 882 eo
1702 842 1930 883 tenendum

196 913 260 962 sit,
281 913 427 954 statuit
449 924 572 954 conc.
596 912 957 953 florentinum
979 912 1023 952 in
1044 911 1216 952 decreto
1238 911 1406 952 unionis
1424 885 1718 962 :tDefinimus
1741 917 1933 953 sanctam

196 983 476 1036 apostolicam
499 982 648 1024 sedem
679 987 721 1024 et
750 995 977 1023 romanum
999 981 1242 1035 pontificem
1275 983 1317 1022 in
1348 983 1597 1023 universum
1620 982 1768 1024 orbem
1790 987 1935 1024 tenere

194 1054 437 1107 primatum,
460 1059 502 1095 et
523 1054 663 1106 ipsum
685 1053 927 1106 pontificem
949 1066 1175 1095 romanum
1198 1065 1491 1094 successorem
1515 1064 1610 1094 esse
1632 1052 1670 1093 b.
1684 1052 1796 1094 Petri
1818 1054 1934 1105 prin-

195 1125 300 1178 cipis
322 1125 615 1178 apostolorum
639 1128 681 1166 et
701 1136 849 1165 verum
864 1123 1018 1166 Christi
1039 1124 1255 1173 vicarium,
1278 1124 1492 1177 totiusque
1510 1123 1724 1165 Ecclesiae
1747 1128 1874 1176 caput
1891 1130 1930 1165 et

196 1196 385 1237 omnium
408 1196 740 1237 christianorum
763 1199 929 1248 patrem
951 1207 1002 1236 ac
1024 1195 1245 1236 doctorem
1268 1195 1492 1243 exsistere3
1516 1199 1557 1236 et
1578 1195 1657 1247 ipsi
1679 1195 1722 1234 in
1744 1194 1782 1239 b.
1805 1194 1931 1235 Petro

193 1266 408 1319 pascendi,
432 1267 606 1319 regendi
628 1279 680 1307 ac
702 1266 965 1318 gubernandi
986 1266 1269 1307 universalem
1284 1265 1517 1307 Ecclesiam
1539 1278 1565 1306 a
1587 1265 1633 1306 D.
1655 1264 1703 1306 N.
1717 1266 1750 1307 J.
1767 1264 1937 1307 Christo

193 1337 364 1390 plenam
385 1341 642 1390 potestatem
664 1336 863 1378 traditam
886 1348 991 1386 esse,
1014 1336 1374 1390 quemadmodum
1411 1337 1539 1378 etiam
1570 1337 1613 1377 in
1648 1337 1774 1389 gestis
1806 1348 1934 1377 oecu-

194 1409 459 1449 menicorum
479 1407 756 1449 conciliorum
779 1412 820 1449 et
841 1408 884 1448 in
907 1408 1039 1448 sacris
1062 1407 1299 1448 canonibus
1322 1408 1608 1450 continetur.“
1622 1381 1651 1426 ³)

315 1500 409 1535 389.
444 1490 687 1535 Scholion.
732 1494 835 1531 Haec
865 1494 1007 1531 ultima
1036 1494 1155 1531 verba
1185 1493 1297 1531 avide
1330 1494 1527 1542 arripiunt
1553 1493 1710 1542 jurium
1740 1494 1935 1541 primatus

192 1553 416 1598 adversarii,
455 1553 522 1590 sed
545 1553 759 1591 secundum
781 1555 934 1590 textum
955 1565 1137 1602 graecum
1169 1553 1267 1593 καθ’
1290 1550 1332 1594 ὃν
1354 1556 1497 1606 τρόπον
1518 1554 1585 1592 καὶ
1607 1551 1646 1593 ἔν
1670 1557 1749 1597 τοῖς
1770 1565 1933 1604 πρακτι-

192 1617 278 1658 κοῖς
299 1619 373 1652 τῶν
395 1609 676 1667 οἰκουμενικῶν
699 1612 870 1653 συνόδων
892 1614 960 1652 καὶ
986 1609 1061 1664 (ἐν)
1090 1618 1169 1658 τοῖς
1188 1608 1306 1664 ἱεροῖς
1319 1614 1457 1652 κανόσι
1471 1612 1793 1665 διαλαμβάνεται,
1816 1623 1930 1658 quem

189 1673 336 1720 putant
366 1683 446 1709 esse
477 1672 712 1709 vertendum
742 1671 986 1715 ,secundum
1008 1684 1097 1708 eum
1120 1672 1292 1717 modum,
1326 1683 1563 1715 mensuram,
1596 1671 1775 1715 limitem,
1809 1669 1879 1717 qui
1903 1682 1934 1706 s.

193 1730 409 1768 canonibus
440 1731 713 1768 contineturzss
746 1730 837 1767 hinc
866 1731 1022 1778 putant,
1054 1730 1183 1779 ipsum
1216 1730 1425 1768 concilium
1456 1730 1606 1767 romani
1639 1728 1837 1778 pontificis
1862 1741 1929 1776 po—

193 1791 380 1826 testatem
410 1789 650 1838 synodorum
681 1789 896 1827 canonibus
924 1789 1128 1827 obnoxiam
1152 1789 1280 1837 iisque
1302 1789 1637 1837 circumscriptam
1659 1788 1852 1826 exhibere.
1887 1792 1931 1824 ut

193 1861 226 1885 a.
252 1854 275 1889 3
299 1848 572 1886 declarationis
600 1848 726 1898 gallic.
749 1850 952 1886 enunciat:
988 1848 1263 1897 „Apostolicae
1285 1848 1491 1897 potestatis
1514 1860 1631 1885 usum
1651 1847 1931 1884 moderandum

195 1903 312 1960 (esse)
327 1920 396 1956 per
417 1919 582 1944 canones
598 1907 752 1956 Spiritu
768 1907 836 1945 Dei
858 1907 1033 1945 conditos
1056 1910 1096 1944 et
1116 1907 1240 1944 totius
1260 1907 1399 1944 mundi
1414 1906 1635 1944 reverentia
1648 1908 1902 1944 consecratos.
1919 1911 1922 1913 ’

193 1966 340 2004 Verum
362 1966 456 2003 dum
482 1966 550 2003 hoc
571 1966 781 2004 adversarii
813 1968 1019 2003 autumant
1042 1963 1083 2006 1.
1109 1969 1340 2015 supponunt
1360 1968 1513 2003 textum
1535 1977 1719 2015 graecum
1741 1976 1825 2001 esse
1847 1966 1932 2001 tex-

192 2027 281 2063 tum
302 2025 533 2075 originalem
556 2025 840 2070 authenticum,
873 2027 1025 2062 textum
1048 2037 1140 2062 vero
1162 2025 1334 2062 latinum
1356 2037 1437 2062 esse
1459 2026 1616 2061 tantum
1638 2023 1870 2063 versionem.
1894 2026 1932 2060 et

195 2083 353 2133 quidem
383 2085 516 2121 minus
545 2084 711 2127 fidelem,
743 2084 819 2121 imo
851 2086 1087 2132 corruptam.
1109 2106 1167 2111 —
1189 2084 1313 2133 Atqui
1334 2087 1555 2131 uterque
1576 2084 1709 2120 textus
1732 2084 1793 2119 est
1814 2082 1932 2132 origi-

193 2143 295 2180 nalis
317 2145 357 2180 et
377 2143 638 2180 authenticus.
662 2143 824 2180 Constat
838 2143 955 2190 enim,
979 2143 1250 2181 definitionem
1264 2143 1374 2192 prius
1389 2143 1511 2179 fuisse
1525 2142 1646 2179 latine
1660 2141 1932 2190 conscriptam.

195 2202 334 2240 deinde
355 2215 491 2252 graece
505 2214 656 2239 versam
678 2214 720 2239 ac
739 2202 941 2240 nonnullis
955 2214 999 2239 ex
1014 2202 1222 2250 utriusque
1236 2202 1360 2250 partis
1376 2214 1568 2239 consensu
1581 2201 1754 2245 mutatis,
1777 2203 1932 2237 utrum—

194 2274 271 2309 que
291 2263 443 2299 textum
465 2261 587 2298 fuisse
608 2260 897 2310 subscriptione
919 2261 1190 2310 approbatum.
1213 2261 1339 2305 Quare
1353 2260 1471 2297 verba
1492 2260 1676 2297 editionis
1698 2259 1840 2296 latinae
1855 2271 1932 2296 non

194 2320 325 2357 minus
347 2332 391 2358 ac
411 2322 542 2357 textus
569 2320 697 2369 graeci
718 2320 935 2369 genuinum
958 2319 1145 2357 exhibent
1167 2320 1320 2357 concilii
1343 2332 1512 2365 sensum,
1546 2319 1713 2367 ideoque
1735 2318 1934 2355 immerito

195 2381 379 2428 corrupta
392 2379 455 2416 vel
476 2379 659 2416 mendosa
679 2380 900 2416 censentur.
924 2376 967 2418 2.
982 2378 1111 2416 Verba
1131 2391 1267 2427 graeca
1281 2378 1493 2415 secundum
1509 2389 1642 2414 omnes
1657 2377 1931 2427 grammaticae

193 2438 351 2488 regulas
364 2438 475 2475 red-li
490 2441 655 2486 possunt
669 2437 1010 2486 ‚quemadmodum
1025 2437 1156 2474 etiam‘
1172 2440 1255 2479 etc.‚
1270 2437 1347 2474 imo
1361 2437 1415 2473 ita
1429 2436 1541 2474 reddi
1563 2436 1648 2473 deb
1658 2438 1754 2481 ent,
1778 2436 1932 2473 etiamsi

194 2497 397 2535 concilium
428 2496 589 2534 illorum
618 2509 777 2534 sensum
818 2496 1044 2533 authentice
1075 2508 1154 2533 non
1186 2496 1495 2533 determinasset.
1545 2495 1643 2532 Sane
1674 2505 1716 2535 a.
1748 2495 1790 2531 in
1821 2507 1932 2543 prae-

195 2555 425 2593 cedentibus
447 2555 724 2604 plenitudo
755 2555 963 2603 potestatis
995 2555 1183 2592 asseritur
1203 2566 1365 2592 romano
1386 2554 1582 2603 pontifici;
1614 2562 1818 2602 nequeunt.
1840 2566 1932 2602 erg-f

194 2615 314 2653 verba
332 2614 557 2652 immediate
579 2614 783 2662 sequentia
804 2614 922 2662 hujus
943 2613 1150 2663 potestatis
1171 2613 1449 2650 limitationem
1470 2612 1697 2663 significare,
1721 2612 1819 2661 quin
1841 2624 1930 2649 con-

194 2675 326 2711 textus
357 2673 488 2711 minus
522 2675 612 2722 apte
643 2673 863 2717 cohaereat3
895 2672 1127 2720 praesertim
1158 2670 1205 2712 b.
1230 2684 1317 2709 cum
1346 2672 1553 2710 concilium
1576 2672 1782 2720 potestatis
1806 2671 1930 2720 pleni-

194 2732 377 2770 tudinem
386 2733 477 2781 jure
499 2732 547 2769 di
559 2732 643 2769 vin
655 2745 675 2770 0
697 2732 825 2769 inesse
838 2743 932 2768 rom.
946 2730 1125 2780 pontifici
1140 2731 1328 2775 declaret;
1354 2734 1472 2779 atque
1486 2731 1660 2780 profecto
1668 2731 1737 2779 jus
1752 2730 1929 2767 divinum

195 2790 462 2829 circumscribi
491 2791 632 2839 nequit
656 2791 747 2840 jure
778 2790 1036 2828 ecclesiastico
1068 2802 1137 2827 seu
1169 2790 1424 2827 conciliorum
1451 2790 1676 2829 canonibus.
1718 2790 1928 2837 Nequeunt

195 2862 288 2900 ergo
319 2849 525 2898 sequentia
554 2850 746 2898 primatus
778 2849 1054 2886 limitationem
1081 2861 1126 2885 ex
1147 2849 1360 2886 canonibus
1383 2849 1557 2887 obortam
1581 2848 1813 2898 significare.
1856 2847 1930 2883 De-

194 2909 287 2946 inde
318 2918 358 2949 (3.
380 2909 421 2946 hi
450 2921 614 2947 canones
645 2908 1010 2946 circumscribentes
1041 2907 1330 2956 plenitudinem
1360 2907 1568 2957 potestatis
1590 2906 1810 2956 pontificiae
1832 2906 1928 2942 hanc

195 2968 276 3005 vim
306 2967 452 3005 habent
472 2968 536 3005 vel
566 2980 588 3004 a
618 2967 711 3004 solis
740 2966 928 3016 episcopis
949 2966 1011 3003 vel
1043 2971 1237 3014 quatenus
1269 2969 1363 3004 sunt
1384 2967 1601 3004 confirmati
1623 2966 1670 3003 ab
1692 2966 1776 3013 ipso
1798 2964 1927 3012 ponti-

195 3025 276 3066 fice.
317 3026 422 3063 Illud
453 3026 610 3063 admitti
639 3026 779 3075 nequit
799 3038 843 3062 ex
875 3024 978 3062 infra
999 3025 1173 3063 dicendis
1195 3026 1242 3063 de
1264 3025 1555 3063 confirmatione
1577 3023 1776 3073 pontificia
1796 3034 1927 3059 neces-

197 3084 298 3122 saria
327 3085 374 3122 ad
396 3085 568 3122 valorem
599 3097 791 3139 canonum
822 3083 1077 3121 conciliorum
1108 3084 1445 3122 oecumenicorum
1477 3086 1515 3120 et
1547 3083 1650 3131 quod
1678 3082 1813 3119 falsam
1835 3093 1927 3129 sup-
