2175 3382
164 159 249 196 ‘lb—‘l
624 149 743 183 'l'ract.
763 148 821 182 111.
840 148 884 182 tle
906 147 1075 182 Ecclesia.
1096 147 1147 181 De
1166 146 1417 191 prohibitione

166 272 217 311 de
249 269 387 310 studio
421 269 601 321 pertinet
632 267 685 309 ad
718 279 827 309 eum.
863 268 933 320 qui
964 271 1133 319 praeest
1164 265 1422 318 reipublicae
1454 269 1495 305 et
1525 265 1823 316 praecipue
1845 263 1899 304 ad

166 341 462 381 auctoritatem
475 338 736 391 apostolicae
752 339 875 386 sedis,
899 350 983 391 qua
995 336 1243 378 universalis
1258 335 1445 376 Ecclesia
1459 334 1752 387 gubernatur.“
1782 333 1900 376 Unde

165 424 217 452 ne
240 422 397 451 nornen
420 410 588 462 quidem
604 410 833 458 christiani,
860 409 990 450 multo
1015 409 1152 449 minus
1175 407 1372 448 catholici
1395 405 1462 447 ille
1485 410 1630 455 meret,
1652 406 1723 458 qui
1744 405 1797 446 de
1818 405 1901 446 hoc

158 484 254 535 jure
278 481 491 522 Ecclesiae
515 481 691 529 dubitat,
724 481 809 521 imo
840 480 1010 533 plenum
1034 478 1360 530 absolutumque
1379 477 1448 530 jus
1471 477 1743 518 institutionis
1764 475 1901 528 publi-

166 565 242 594 cae
264 552 458 594 societati
479 551 614 592 laicae
637 563 766 603 saepe
793 551 946 591 atheae
969 549 1165 590 vindicat.
1199 547 1294 588 Non
1317 548 1455 588 solum
1478 559 1579 588 num
1603 546 1698 588 fidei
1720 546 1786 588 vel
1807 559 1902 588 um-

167 624 287 665 bram
310 623 465 664 habeat
490 622 641 664 merito
664 633 864 674 quaeras.
887 632 1034 661 verum
1058 620 1185 661 etiarn
1209 631 1263 660 an
1288 619 1452 659 ratione
1474 622 1628 661 utatur.

286 710 381 750 260.
414 704 737 749 Corollarium
769 704 860 746 III.
906 702 1011 744 Cum
1045 703 1152 754 ,jure‚
1187 701 1324 742 officio
1360 706 1401 742 et
1436 701 1691 742 auctoritate
1723 699 1905 742 docendi

167 777 407 819 doctrinam
429 776 661 817 revelatam
687 780 727 816 et
753 773 1046 827 proscribendi
1060 773 1299 814 doctrinam
1314 772 1563 814 revelationi
1585 771 1846 812 contrariam
1863 775 1905 812 et

169 849 409 889 animarum
432 847 556 888 saluti
578 847 752 887 noxiam
775 846 922 885 intime
938 845 1140 886 cohaeret
1153 843 1360 885 Ecclesiae
1377 844 1462 897 jus²
1485 842 1668 884 osticium
1691 846 1734 883 et
1755 846 1905 883 aucto-

172 920 275 960 ritas
297 917 600 971 proscribendi,
633 915 878 958 damnandi.
905 915 1313 971 prohspendt-Zikros
1327 914 1556 967 goch-inae
1588 913 1787 954 revelatae
1817 912 1906 954 sive

170 990 429 1036 theoreticae
451 989 538 1029 sive
561 988 777 1042 practic—ae
801 987 1034 1037 cooemrtos
1065 990 1106 1027 et
1138 986 1377 1026 animarum
1399 984 1513 1026 bono
1536 983 1743 1037 spirituali
1764 983 1906 1036 perni-

170 1062 321 1104 ciosos,
365 1058 560 1100 Absurde
584 1059 696 1099 enim
719 1070 762 1101 a„
788 1056 1085 1106 affirmaretur,
1110 1056 1348 1097 doctrinam
1372 1067 1445 1096 ore
1467 1055 1678 1108 prolatam
1693 1054 1907 1096 Ecclesiae

162 1131 323 1184 judicio
355 1130 543 1178 subesse,
576 1128 769 1170 subtrahi
805 1140 920 1176 vero,
951 1128 987 1169 si
1016 1127 1147 1168 literis
1180 1127 1469 1179 consignetur:
1502 1138 1553 1167 ac
1584 1137 1711 1178 posse
1736 1125 1907 1179 quidem

169 1202 401 1243 Ecclesiam
425 1199 651 1253 prohibere
675 1199 904 1240 haeresum
928 1198 1199 1248 auditionem,
1222 1198 1394 1238 minime
1416 1209 1516 1238 vere
1537 1197 1776 1238 lectionem.
1799 1195 1908 1247 Quid

171 1273 286 1326 quod
310 1274 354 1316 b.
377 1271 589 1325 quaelibet
611 1271 796 1312 societas
821 1270 954 1311 civilis
971 1270 1041 1323 jus
1062 1270 1145 1310 hoc
1167 1269 1247 1310 sibi
1268 1269 1453 1310 vindicet
1473 1267 1767 1321 proscribendi
1789 1266 1910 1320 quid-

170 1343 270 1397 quid
292 1343 422 1384 literis
444 1342 739 1394 consignatum
763 1341 878 1382 bono
902 1341 1118 1382 communi
1150 1341 1203 1381 sit
1233 1340 1409 1381 noxium
1440 1339 1779 1392 rigidissimeque
1810 1336 1910 1378 illud

171 1402 350 1455 subinde
373 1418 571 1455 exerceat
589 1414 650 1470 1)'?
689 1412 979 1454 Asserendum
1002 1424 1102 1464 ergo
1125 1412 1253 1453 etiam
1277 1416 1341 1452 est
1362 1410 1557 1452 societati
1579 1409 1910 1451 ecclesiasticae.

170 1485 276 1526 Hinc
299 1498 339 1529 c.
359 1486 449 1538 J'am
471 1485 618 1538 primis
641 1485 702 1525 rei
725 1485 988 1525 christianae
1011 1483 1163 1525 seculis
1186 1482 1374 1524 Ecclesia
1395 1482 1464 1535 jus
1486 1481 1586 1522 illud
1608 1479 1688 1522 sibi
1709 1479 1910 1521 asseruit:

174 1558 232 1597 ita
254 1557 297 1597 in
319 1555 497 1596 concilio
521 1556 645 1596 nica
659 1567 757 1596 eno
780 1555 1027 1621 inpsit
1057 1553 1093 1594 A
1081 1554 1172 1606 -r-ij
1192 1553 1358 1602 librum,
1380 1553 1447 1594 cui
1471 1551 1664 1593 Thalia
1693 1550 1910 1603 inscriptio

170 1632 265 1668 erat
280 1628 335 1683 2);
366 1627 408 1667 in
441 1626 619 1682 conciflo
644 1626 874 1678 ephffiin
889 1638 913 1667 o
932 1625 965 1682 3)
991 1624 1344 1666 messalianorum
1367 1624 1390 1664 1.
1413 1623 1712 1664 Asceticon
1732 1622 1797 1663 ins
1824 1621 1911 1674 rip-

172 1703 273 1738 tum.
302 1696 513 1748 Quocirca
527 1698 680 1738 merito
703 1697 769 1738 Le
778 1697 855 1748 9,,1,
879 1696 1082 1737 Thuribio
1105 1696 1215 1737 inter
1238 1695 1321 1736 alia
1343 1695 1487 1736 scribit
1504 1706 1566 1747 ep.
1586 1696 1638 1738 15
1653 1706 1686 1737 C.
1704 1695 1780 1737 16:
1800 1726 1816 1743 „
1863 1703 1912 1733 ec

174 1771 282 1810 inter
305 1769 538 1809 catholicos
562 1773 799 1817 censeatur,
824 1768 1012 1821 quisquis
1035 1768 1165 1808 utitur
1189 1767 1355 1844 SCrfftiS
1378 1779 1465 1807 non
1488 1765 1542 1806 ab
1565 1764 1753 1806 Ecclesia
1774 1763 1912 1805 solum

171 1839 396 1888 catholica,
418 1839 493 1880 sed
515 1839 645 1880 etiam
668 1851 693 1880 a
716 1852 795 1880 suo
819 1843 994 1880 auctore
1017 1838 1264 1879 damnatis.“
1312 1837 1406 1888 Qua
1426 1838 1469 1877 in
1490 1849 1536 1878 re
1560 1837 1607 1879 d.
1630 1835 1818 1876 Ecclesia
1841 1846 1913 1875 ca-

0 1897 111 1984 :ffae
174 1911 332 1951 tholica
362 1911 548 1951 imitatur
570 1909 691 1951 Pauli
724 1910 977 1962 exemplum,
1009 1909 1080 1962 qui
1115 1909 1327 1960 ingentem
1350 1907 1554 1949 librorum
1576 1906 1914 1960 perniciosorum

0 1972 343 2042 mpiam
374 1981 540 2034 publice
572 1980 843 2022 combustam
873 1981 1006 2021 voluit
1039 1979 1146 2036 (Act.
1175 1983 1238 2035 192
1272 1980 1352 2035 19).
1401 1978 1541 2030 Quare
1573 1978 1699 2031 plane
1731 1976 1914 2030 pueriles

0 2045 92 2075 Ψ
177 2057 274 2093 sunt
296 2052 506 2093 clamores
529 2052 654 2092 toties
679 2051 885 2092 adversus
908 2050 1280 2104 congregationem
1302 2049 1453 2090 Indicis
1476 2049 1658 2090 excitati.

293 2137 391 2178 261.
418 2133 749 2177 Corollarium
772 2133 853 2178 IV.
899 2131 1004 2173 Cum
1032 2133 1125 2185 jure
1159 2132 1351 2181 docendi,
1385 2131 1677 2184 proscribendi
1699 2130 1915 2171 doctrinas

177 2205 449 2257 perniciosas,
474 2204 707 2245 damnandi
721 2203 852 2244 libros
867 2205 1029 2254 noxios,
1052 2204 1186 2246 verbo
1201 2202 1459 2257 procurandi
1473 2202 1624 2243 ovibus
1640 2200 1795 2242 Christi
1815 2212 1915 2241 san-

178 2276 302 2327 guine
324 2275 553 2328 redemptis
568 2287 730 2328 pascua
753 2287 870 2323 sana,
894 2275 1097 2316 cohaeret
1119 2276 1247 2316 etiam
1265 2276 1336 2328 jus
1358 2274 1561 2328 eoeiyencli,
1586 2286 1633 2314 ne
1654 2271 1751 2312 libri
1772 2271 1916 2312 saltem

0 2380 88 2401 m
176 2346 383 2400 theoloyict
404 2351 489 2387 sine
511 2347 734 2387 authentici
759 2347 991 2401 maqisterii
1013 2346 1314 2401 approbatione
1349 2346 1390 2386 in
1422 2344 1550 2386 lucem
1573 2344 1762 2385 edantur.
1806 2340 1916 2382 Nam

0 2409 130 2455 h...-
176 2431 219 2460 a.
245 2417 458 2470 quaelibet
479 2418 663 2458 societas
678 2417 841 2458 malum
856 2429 985 2468 grave
999 2417 1195 2470 prudenti
1210 2416 1395 2469 quadam
1410 2415 1626 2468 vigilantia
1639 2418 1780 2467 potest
1792 2424 1916 2466 prae-

0 2482 139 2551 f*
180 2499 353 2528 cavere:
376 2499 428 2528 ex
449 2487 564 2528 libris
587 2499 688 2529 vero
703 2488 965 2561 theologicis²
988 2487 1260 2529 si-erroribus
1274 2486 1383 2529 infici
1446 2491 1514 2527 tur
1603 2498 1665 2526 rm
1725 2483 1918 2538 nani-ala

0 2561 117 2588 *⁴¹⁶*-
176 2559 219 2598 in
251 2557 394 2599 fideles
417 2558 659 2599 redundare
682 2538 871 2611 poss‘ii‘nt.
914 2559 979 2599 Ad
1012 2548 1120 2600 haec
1152 2560 1197 2602 b.
1228 2558 1443 2599 Ecclesiae
1467 2569 1512 2599 es
1541 2497 1916 2610 ι3ρρϊοὲἒέιῖἷ“””θ(ῑοῐι-

0 2604 195 2663 Μήνα
1239 2612 1665 2675 ‹sm-wazua

325 2687 350 2732 ¹)
368 2687 409 2720 ln
427 2697 539 2731 regno
560 2685 701 2720 Galliae
721 2687 767 2720 ab
787 2699 818 2720 a.
841 2690 1077 2722 1814-1847
1104 2686 1285 2732 prohibiti
1311 2687 1414 2720 fuere
1440 2685 1487 2719 ab
1518 2684 1739 2719 auctoritate
1768 2682 1918 2729 publica

176 2751 288 2784 supra
305 2740 344 2774 ll.
364 2743 451 2778 500;
470 2740 509 2773 in
526 2740 682 2784 imperio
701 2739 923 2775 Germaniae
941 2742 988 2775 ab
1007 2752 1038 2775 a.
1062 2743 1153 2776 1878
1170 2741 1268 2774 ultra
1284 2743 1354 2775 800
1373 2740 1510 2784 scripta
1528 2738 1761 2773 socialistica.

324 2795 350 2838 2)
369 2792 421 2827 Cf.
440 2792 670 2827 Socrates
687 2792 732 2826 H.
752 2794 790 2827 E.
812 2795 836 2833 L
857 2795 897 2832 6:
918 2794 1213 2829 Sozomenus
1232 2794 1275 2830 H.
1294 2794 1334 2828 E.
1355 2795 1380 2833 Ι,
1401 2794 1456 2830 29,
1491 2792 1659 2826 Diximus
1676 2792 1715 2825 in
1732 2790 1918 2836 prioribus

179 2847 265 2881 edit.
285 2845 470 2880 Gelasium
489 2845 504 2878 Ι
535 2846 573 2879 in
592 2856 693 2880 conc.
711 2856 864 2880 romano
884 2858 916 2881 a.
934 2849 1098 2883 435—96
1125 2847 1286 2892 primum
1313 2846 1351 2880 ll.
1369 2842 1643 2891 prohibitorum
1671 2843 1919 2889 composuisse

178 2900 350 2934 indicem.
384 2899 522 2933 Verum
551 2898 612 2932 Ro
625 2910 681 2932 ux
708 2899 746 2933 in
777 2909 834 2943 op.
854 2899 888 2933 le
906 2900 1004 2944 Pape
1022 2912 1048 2934 s.
1068 2901 1209 2941 Gfflase,
1236 2899 1337 2933 Paris
1358 2901 1448 2933 1880
1466 2908 1495 2932 c.
1513 2899 1535 2931 7
1563 2897 1793 2942 argumentis
1819 2896 1919 2931 haud

180 2952 392 2998 spernendis
410 2952 558 2986 innixus
576 2951 685 2995 hujus
702 2952 840 2986 decreti
858 2954 1128 2997 genuinitatem
1145 2953 1276 2998 rejicit.

326 3006 353 3051 2)
371 3006 452 3039 Act.
475 3010 489 3040 1
510 3016 568 3049 ap.
587 3004 691 3038 Man
706 3005 744 3038 si
765 3005 826 3046 IV,
849 3008 936 3041 1239
956 3018 1002 3042 s.:
1031 3009 1068 3040 et
1085 3017 1120 3051 p,
1140 3010 1161 3041 3
1179 3019 1215 3051 p.
1234 3010 1280 3040 45
1298 3017 1362 3044 ss:
1389 3005 1427 3046 V,
1445 3008 1526 3040 413.
1562 3004 1616 3039 Cf.
1633 3004 1827 3039 chsler
1855 3004 1918 3038 das

179 3058 309 3093 lzirchl.
329 3058 620 3095 Biicherverbot2
650 3057 672 3091 S
684 3057 696 3090 i
708 3069 744 3091 m
757 3067 777 3091 o
789 3070 806 3091 r
835 3057 935 3102 apud
951 3058 982 3092 R
994 3069 1014 3093 o
1027 3071 1042 3092 s
1053 3058 1078 3092 k
1090 3069 1110 3092 o
1122 3071 1143 3093 v
1155 3059 1177 3093 a
1187 3071 1210 3092 n
1221 3070 1246 3102 y
1271 3068 1361 3092 rom.
1381 3059 1484 3102 pont.
1501 3057 1758 3095 V1.234—66;
1786 3056 1816 3090 D
1827 3057 1839 3090 i
1852 3067 1870 3091 e
1882 3068 1920 3090 n-

181 3112 203 3144 <t
216 3122 235 3145 o
247 3111 318 3145 rfe
328 3122 346 3144 r
364 3109 435 3144 KL.
453 3109 498 3150 ΙῘ,
519 3110 609 3144 1437
628 3120 692 3145 ss.:
713 3111 807 3143 Arn
820 3109 868 3142 dt
888 3112 1084 3144 comment.
1103 3111 1147 3144 de
1165 3109 1271 3144 libris
1287 3109 1498 3154 prohibitis.

2151 327 2175 693 -2..--aeu1—·.e·-.„„'.-„
2161 307 2169 315 2
2161 269 2170 294 2.
2159 225 2170 252 2·
2158 190 2163 196 ·
