2175 3382
228 90 305 130 1438
609 80 728 114 'Fr-act.
749 80 789 113 ll.
813 79 861 113 De
880 79 1092 114 traditione.
1114 79 1164 113 De
1184 89 1320 113 canone
1340 78 1441 112 Vinc.
1465 78 1560 112 lirin.

219 207 344 254 doque
368 205 416 241 ob
440 203 645 241 hominum
668 202 964 252 negligentiam,
999 202 1059 239 vel
1082 201 1319 250 proterviam
1342 203 1381 238 et
1404 201 1550 250 ingenii
1576 200 1870 249 perversitatem
1894 201 1958 238 ‹le-

218 277 363 302 mersae
387 264 604 306 latuerunt,
629 264 666 299 et
691 262 850 299 fortasse
874 261 999 298 latent
1022 260 1148 298 adhuc
1171 260 1212 297 in
1236 259 1408 297 Ecclesia
1430 260 1584 308 aliquae
1604 258 1645 299 ¹).

335 343 378 385 4.
403 345 503 382 Hinc
525 348 734 393 praeeunte
768 344 930 381 liis-toria
960 344 1100 391 triplex
1121 343 1361 392 quorundam
1386 343 1608 392 doymalecm
1628 342 1796 378 stadium
1817 342 1954 379 distin-

215 416 330 454 ιφαῖνε
361 406 453 441 licet.
486 405 516 441 P
530 404 709 441 rimum
745 403 915 440 stadium
951 403 1163 450 implicitae
1196 402 1294 444 fidei.
1327 403 1482 449 quando
1515 401 1625 438 nulla
1646 400 1774 438 adhuc
1794 403 1961 450 urgente

219 463 483 501 controversia
505 476 575 501 nec
597 463 828 512 quaestione
852 462 979 499 adhuc
1003 461 1215 510 diligenter
1236 461 1423 505 discussa,
1448 466 1566 509 caput
1580 459 1740 508 aliquod
1764 459 1962 497 doctrinae

218 523 428 560 tenebatur
459 535 502 559 ea
533 535 612 571 qua
645 533 732 559 mox
756 521 925 558 diximus
954 520 1117 565 ratione,
1149 532 1220 557 nec
1243 520 1387 557 diserta
1409 519 1654 567 instantique
1677 518 1962 567 praedicatione

218 582 522 631 proponebatur.
547 604 603 609 -—
626 581 864 618 Alterum
895 579 1066 616 stadium
1090 581 1159 623 est,
1194 579 1350 626 quando
1378 578 1601 627 hujusmodi
1625 580 1743 626 caput
1764 576 1963 615 doctrinae

219 653 296 678 non
319 640 375 677 ita
397 640 554 680 diserte.
581 640 800 684 articulate,
825 638 1006 687 explicite
1029 637 1277 686 propositum
1299 637 1428 685 coepit
1443 637 1570 675 vocari
1588 637 1628 674 in
1643 635 1961 681 controversiam,

219 702 257 736 et
280 700 366 737 ideo
389 700 622 749 investigari
645 702 684 736 et
707 697 917 736 examinari
940 696 1183 746 diligentius.
1228 698 1322 733 Orta
1344 699 1384 733 et
1406 695 1574 733 durante
1596 695 1862 733 controversia
1883 694 1965 732 sine

219 759 338 796 dubio
362 759 566 796 fluctuatio
589 758 721 806 aliqua
734 757 996 794 inducebatur
1010 762 1049 793 et
1062 755 1166 804 apud
1180 756 1335 803 aliquos
1351 756 1475 803 major
1489 754 1710 792 obscuritas
1733 757 1772 791 et
1787 753 1964 799 dubium,

220 831 338 866 quam
353 818 483 855 fuerat
497 821 586 854 ante
603 815 922 859 controversiam,
939 816 1059 852 donec
1073 814 1266 863 paulatim
1280 814 1537 863 inquisitione
1552 814 1638 862 ipsa
1653 814 1727 851 sub
1741 812 1966 851 assistentia

219 880 258 914 et
290 876 503 914 directione
527 876 698 925 Spiritus
723 875 846 912 sancti
875 887 937 912 res
962 874 1009 911 ad
1034 873 1228 922 liquidum
1252 873 1331 910 fuit
1352 873 1529 911 deducta.
1553 895 1609 899 —
1631 872 1862 910 Tertium
1884 874 1964 909 sta-

219 936 329 973 dium
360 940 430 981 est,
464 935 619 983 quando
652 934 817 972 solemni
839 933 1058 983 magisterii
1083 932 1303 970 authentici
1327 931 1478 981 judicio
1499 932 1562 969 vel
1584 943 1776 969 consensu
1797 931 1964 968 invales-

220 999 329 1032 cente
361 994 408 1031 de
440 994 635 1044 dogmatis
663 993 900 1031 revelatione
927 993 1084 1029 demum
1107 994 1213 1028 certo
1237 993 1398 1036 constat,
1433 990 1614 1039 illudque
1636 990 1867 1039 quaestione
1887 990 1965 1039 jam

220 1053 392 1102 eliquata
421 1054 567 1091 transit
599 1054 640 1090 in
672 1052 901 1101 explicitum
929 1052 1180 1088 intellectum
1203 1050 1440 1088 catholicum
1463 1051 1502 1087 et
1524 1050 1565 1087 in
1586 1049 1834 1087 manifestam
1854 1061 1966 1097 prae-

220 1112 454 1150 dicationem
477 1112 780 1150 ecclesiasticam
798 1109 845 1153 ²).

344 1203 435 1236 150.
461 1192 804 1236 Corollarium,
829 1194 888 1230 De
909 1206 1054 1231 canone
1078 1193 1266 1246 Vincelzt-ic'
1286 1193 1493 1241 lirinensis.
1513 1213 1566 1218 ---
1580 1191 1635 1228 Ex
1657 1190 1719 1236 iis,
1743 1202 1843 1238 quae
1865 1190 1966 1226 dixi-

222 1267 322 1298 mus,
346 1254 485 1303 liquet,
510 1266 697 1292 canonem
714 1253 983 1290 Vincentii
1006 1252 1066 1290 lir.
1091 1237 1483 1295 commonitoriff2
1500 1262 1577 1299 quo
1601 1250 1760 1287 statuit:
1786 1249 1861 1293 „In
1882 1248 1968 1298 ipsa

220 1313 412 1352 catholica
433 1314 602 1351 Ecclesia
635 1325 870 1362 magnopere
902 1311 1121 1349 curandum
1143 1313 1221 1348 est:
1254 1313 1299 1347 ut
1322 1311 1360 1346 isl
1384 1312 1599 1354 teneamus,
1632 1309 1739 1357 quod
1760 1308 1966 1356 ubique,

221 1373 325 1421 quod
349 1385 569 1422 semper.
603 1372 708 1421 quod
730 1372 778 1408 ab
811 1371 1047 1409 omnibus
1080 1370 1272 1407 creditum
1307 1371 1386 1406 est:
1418 1369 1489 1406 hoc
1511 1370 1572 1406 est
1593 1368 1740 1405 etenim
1763 1379 1854 1404 vere
1875 1379 1966 1415 pro-

220 1431 384 1481 prieque
426 1432 701 1477 catholicum‚«
735 1443 812 1479 quo
845 1443 936 1479 ergo
968 1430 1141 1478 assignat
1171 1432 1375 1477 tamquam
1407 1427 1604 1465 doctrinae
1636 1426 1846 1464 catholicae
1877 1425 1968 1463 cha-

220 1495 388 1528 racteres
410 1490 728 1535 universitatem,
753 1489 1031 1538 antiquitatem
1058 1492 1097 1526 et
1111 1488 1416 1532 consensionem,
1429 1486 1681 1524 verissimum
1697 1497 1780 1523 esse
1800 1483 1837 1525 l.
1853 1496 1970 1522 sensu

222 1550 546 1595 affirmante,
580 1562 668 1587 cum
700 1549 912 1587 certissime
943 1548 1046 1585 illud
1068 1547 1120 1584 sit
1142 1547 1282 1596 dogma
1304 1546 1395 1583 fidei
1417 1545 1627 1583 catholicae
1651 1545 1746 1595 (non
1767 1543 1968 1581 definibile

224 1609 290 1646 sed
307 1610 389 1658 jam
413 1609 647 1657 definitum),
672 1608 776 1656 quod
799 1608 846 1645 ab
870 1607 1054 1645 omnibus
1078 1619 1231 1655 semper
1253 1609 1292 1642 et
1306 1605 1456 1653 ubique
1477 1605 1659 1654 explicite
1677 1604 1751 1640 fuit
1764 1603 1968 1641 creditum.

223 1669 311 1706 Non
333 1671 464 1706 tamen
497 1667 539 1708 ⁸2.
563 1680 701 1705 verum
729 1679 814 1704 esse
836 1679 955 1704 sensu
977 1665 1291 1703 excludente
1313 1664 1379 1710 ita,
1413 1667 1459 1701 ut
1481 1664 1529 1700 ad
1551 1663 1774 1712 depositum
1796 1661 1887 1699 fidei
1907 1661 1969 1699 ni-

224 1728 279 1765 hil
313 1727 509 1776 pertinere
545 1727 709 1775 ideoque
744 1739 815 1763 nec
842 1725 999 1762 definiri
1025 1725 1164 1774 possit,
1198 1724 1301 1773 quod
1336 1736 1415 1761 non
1450 1723 1598 1771 ubique
1632 1725 1671 1759 et
1705 1722 1754 1759 ab
1787 1720 1970 1759 omnibus

1481 1787 1544 1854 Wd

372 1880 392 1917 ¹)
413 1877 616 1910 comment.
636 1876 798 1921 theolog.
819 1882 844 1912 t.
865 1878 885 1910 3
905 1875 997 1919 disp.
1022 1879 1036 1909 1
1058 1887 1081 1918 q
1116 1880 1131 1910 l
1152 1887 1184 1918 p.
1205 1877 1238 1909 6.
1273 1874 1330 1907 lta
1348 1883 1402 1907 ex.
1422 1885 1475 1918 gr.
1494 1873 1533 1906 in
1553 1871 1675 1906 Gallia
1702 1881 1817 1914 usque
1843 1870 1891 1903 ad
1908 1880 1972 1903 an-

225 1943 314 1965 num
335 1932 423 1965 1630
441 1929 653 1974 praevaluit
671 1929 855 1963 sententia
873 1928 1135 1973 theologorum
1154 1927 1197 1961 de
1218 1926 1363 1961 romani
1381 1925 1567 1970 pontificis
1585 1922 1869 1959 infallibilitate.
1899 1921 1973 1957 Sed

225 1984 367 2018 artibus
386 1984 421 2017 et
441 1984 581 2016 astutia
599 1983 749 2016 tandem
769 1983 914 2016 extorta
931 1982 1003 2015 fuit
1022 1982 1163 2014 famosa
1191 1979 1277 2014 cleri
1305 1978 1484 2024 gallicani
1511 1978 1727 2018 declaratio,
1753 1987 1827 2021 qua
1843 1975 1972 2010 eadem

225 2039 442 2082 negaretur:
462 2035 531 2069 hac
550 2035 683 2070 deinde
703 2035 874 2069 omnibus
893 2034 1105 2078 theologiae
1123 2033 1313 2077 magistris
1342 2032 1562 2077 rigidissime
1581 2031 1806 2075 praescripta.
1824 2029 1974 2064 severis-

226 2091 315 2125 sime
332 2089 563 2135 prohibitum
595 2088 678 2130 fuit,
707 2100 752 2123 ne
781 2089 864 2132 quis
892 2087 1000 2122 aliter
1029 2087 1183 2121 doceret.
1219 2085 1315 2128 Quid
1343 2095 1428 2130 ergo
1456 2085 1601 2125 mirum,
1629 2085 1659 2118 si
1686 2088 1771 2128 post
1788 2086 1834 2118 30
1852 2083 1909 2118 vel
1927 2087 1972 2117 40

226 2155 341 2178 annos
359 2143 476 2188 aliqui
496 2144 589 2177 serio
607 2143 646 2176 in
666 2142 783 2176 Gallia
803 2141 847 2174 de
866 2141 935 2175 hac
953 2140 1217 2175 dubitaverunt
1244 2140 1412 2178 veritate,
1441 2138 1485 2172 de
1513 2148 1586 2181 qua.
1611 2148 1804 2181 nunquam
1831 2135 1974 2180 aliquid

226 2197 424 2232 audierint.
461 2196 556 2230 Hinc
575 2195 733 2230 candida
760 2193 827 2228 illa.
853 2194 912 2227 To
925 2206 1011 2228 urn
1025 2193 1115 2228 elii
1143 2193 1322 2227 confessio
1341 2191 1385 2225 de
1404 2190 1568 2225 Ecclesia
1588 2190 1632 2232 ss,
1658 2192 1739 2224 134:
1777 2189 1883 2228 ,Non
1901 2189 1974 2222 dis-

228 2250 488 2290 simulandum,
510 2250 661 2284 difficile
682 2259 757 2283 esse
776 2249 815 2282 in
834 2250 941 2282 tanta.
957 2247 1258 2281 testimoniorum
1278 2244 1375 2279 mole
1393 2271 1400 2279 .
1421 2271 1428 2278 .
1449 2270 1457 2279 .
1475 2255 1551 2278 non
1579 2254 1777 2289 agnoscere
1799 2241 1975 2287 apostoli-

229 2314 290 2337 cae
308 2303 402 2337 sedis
421 2314 483 2337 sen
501 2313 675 2337 romanae
695 2302 880 2336 Ecclesiae
899 2302 1037 2335 certam
1055 2304 1092 2334 et
1109 2299 1349 2333 infallibilem
1368 2298 1630 2332 auctoritatem
1660 2298 1697 2331 et
1713 2296 1824 2340 longe
1844 2294 1978 2329 diffici-

228 2357 300 2390 lius
319 2367 395 2391 esse
414 2367 454 2390 ea
474 2355 670 2390 conciliare
690 2366 773 2389 cum
791 2355 1041 2388 declaratione
1059 2353 1258 2397 gallicana,
1277 2363 1298 2385 a
1312 2362 1385 2395 qua
1399 2350 1567 2385 recedere
1582 2349 1688 2384 nobis
1701 2361 1777 2384 non
1791 2348 1976 2394 permitti-

228 2412 323 2447 tui-,³
345 2409 435 2443 Cum
453 2410 620 2444 utilitate
639 2408 712 2452 legi
732 2409 906 2452 possunt:
934 2406 1054 2441 Ueber
1081 2406 1140 2440 die
1158 2405 1455 2450 gallikanischen
1472 2403 1681 2438 Freiheiten
1709 2402 1784 2437 und
1802 2402 1862 2436 die
1880 2401 1975 2436 Frei-

230 2463 309 2496 heit
327 2463 391 2495 der
408 2462 681 2496 franziisischen
696 2459 979 2501 Wissenschafr,
994 2458 1174 2493 Katholik
1196 2460 1282 2494 1865
1302 2458 1326 2491 Ι.
1345 2469 1431 2503 pag.
1451 2460 1520 2493 385
1539 2468 1603 2495 ss.;
1629 2456 1688 2490 die
1705 2455 1976 2501 gallikanische

232 2516 465 2550 Declaration
484 2527 565 2550 vom
585 2517 617 2550 J.
639 2517 740 2554 1682,
759 2514 809 2549 ib.
831 2516 918 2548 1866
939 2513 966 2547 Ι.
980 2524 1066 2558 pag.
1085 2515 1125 2547 11
1143 2523 1188 2546 ss.
1204 2525 1211 2550 ;
1229 2512 1444 2556 praesertim
1464 2522 1547 2545 vero
1566 2510 1774 2544 Andries
1793 2508 1977 2543 cathedra

233 2579 384 2603 romana
404 2569 539 2603 inti-od.
560 2581 594 2612 p.
614 2572 657 2604 15
676 2580 722 2602 ss.

378 2626 401 2663 ς3)
424 2621 501 2663 Qua
522 2622 566 2656 de
583 2632 623 2655 re
651 2621 943 2666 praeclarissime
971 2620 1154 2654 disserunt
1182 2619 1209 2653 F
1221 2631 1238 2652 r
1249 2629 1267 2651 a
1281 2631 1304 2652 n
1317 2631 1334 2652 z
1346 2618 1448 2652 elin
1476 2617 1571 2651 thesi
1591 2619 1654 2655 23;
1682 2616 1714 2649 K
1726 2616 1738 2649 l
1750 2616 1867 2659 eutg
1878 2626 1897 2650 e
1908 2628 1931 2649 n
1950 2617 1977 2649 t.

238 2675 303 2709 ult.
324 2674 415 2719 disp.
436 2678 456 2709 6
475 2686 502 2711 c.
524 2679 544 2709 2
564 2676 582 2719 ξ
601 2678 633 2715 4,
652 2675 717 2708 ubi
736 2673 922 2719 duplicem
941 2673 1115 2718 reprobat
1135 2673 1360 2717 opinionem,
1385 2670 1461 2705 scil.
1479 2669 1681 2704 Ecclesiam
1699 2667 1880 2713 accepisse
1896 2669 1977 2702 tan-

235 2730 317 2761 tum
335 2738 506 2772 suprema
524 2728 707 2771 principia
725 2728 763 2761 et
776 2727 893 2761 veluti
907 2728 1049 2761 semina
1063 2725 1329 2760 credendorum
1347 2723 1391 2770 (G
1404 2727 1428 2758 ii
1438 2735 1463 2757 n
1473 2727 1489 2757 t
1500 2723 1523 2757 h
1536 2734 1555 2758 e
1565 2735 1592 2763 r,
1610 2722 1680 2756 flu
1690 2722 1714 2755 b
1726 2730 1745 2754 e
1755 2722 1797 2767 r),
1815 2723 1854 2755 et
1866 2720 1979 2755 aliam

237 2781 325 2814 huic
342 2781 452 2825 plane
471 2781 693 2824 oppositam,
713 2780 912 2814 Ecclesiam
931 2779 1027 2813 nihil
1045 2778 1267 2813 credendum
1288 2777 1439 2822 proprie
1457 2775 1620 2816 definire,
1650 2774 1799 2819 sedjam
1815 2774 1904 2809 olim
1922 2785 1980 2809 ex-

234 2833 360 2878 plicite
383 2832 523 2866 credita
552 2834 701 2866 nonnisi
729 2833 862 2867 iterum
889 2832 1096 2870 inculcare;
1126 2831 1148 2864 S
1161 2842 1178 2865 c
1190 2830 1215 2864 h
1227 2841 1244 2863 e
1260 2830 1313 2864 eb
1326 2840 1378 2864 en
1397 2831 1415 2867 5
1434 2831 1478 2862 22
1497 2830 1535 2863 et
1553 2832 1608 2867 25,
1626 2828 1689 2871 qui
1707 2839 1742 2862 n.
1760 2830 1830 2862 368
1847 2827 1979 2861 statuit

233 2885 393 2931 regulas,
411 2885 612 2919 secundum
631 2897 722 2929 quas
740 2886 885 2919 facilius
898 2885 1090 2930 judicetur
1117 2885 1162 2918 de
1189 2883 1446 2918 controversiis
1473 2880 1628 2916 subinde
1655 2881 1825 2915 excitatis
1851 2884 1979 2915 contra

233 2940 416 2984 quaedam
434 2939 620 2983 dogmata.
641 2939 804 2973 Decursu
821 2939 1086 2983 disputationis
1115 2938 1221 2982 plura
1240 2936 1409 2981 exempla.
1425 2935 1650 2979 repedemus
1667 2935 1734 2968 tri
1746 2934 1896 2979 plicis
1915 2934 1978 2968 hu-

232 2995 290 3038 jus
310 2993 421 3028 stadii
439 2993 676 3037 dogmatum:
696 2992 846 3026 interim
865 2994 908 3026 cf.
929 2993 1022 3026 circa
1041 2992 1176 3036 dogma
1196 2991 1238 3025 de
1254 2992 1376 3026 valore
1390 2988 1569 3033 baptismi
1582 2988 1629 3023 ab
1643 2988 1837 3023 haereticis
1852 2987 1980 3022 collati

236 3046 549 3091 Augustinus
569 3046 613 3079 de
631 3044 733 3090 bapt.
752 3045 778 3086 Ι,
802 3048 948 3079 12—14.
