2175 3382
230 150 314 191 45ss
475 145 593 178 Tract.
614 144 673 178 111.
694 144 738 178 de
756 144 928 189 primatu.
949 147 1025 185 Quo
1047 154 1153 178 sensu
1173 143 1356 177 Honorius
1375 144 1487 177 fuerit
1504 142 1713 178 damnatus.

233 263 499 313 intenderint,
521 263 634 303 hunc
656 267 820 304 tantum
844 263 885 303 in
907 275 1078 304 sensum
1102 263 1333 304 anathema
1355 267 1419 303 est
1441 262 1830 303 authenticum.
1853 259 1962 302 Nam

231 347 325 375 cum
350 339 492 387 patres
515 335 681 376 concilii
704 348 790 377 non
812 336 1025 388 potuerint
1056 335 1107 376 de
1129 334 1318 375 Honorio
1346 334 1539 387 J'udicare
1569 335 1650 376 nisi
1671 333 1964 375 consentiente

230 405 331 446 sede
355 405 601 458 apostolica,
623 410 669 446 ut
690 405 896 458 significat
918 405 1228 446 Hadrianus
1250 405 1292 446 II.
1317 405 1359 445 in
1382 405 1561 458 epistola
1584 405 1625 445 in
1647 404 1815 446 concilii
1837 415 1962 445 oecu-

232 476 385 517 menici
407 475 495 517 VIII
518 481 597 517 act.
623 480 645 520 7
671 476 780 518 lecta
801 479 842 529 ¹),
863 476 1014 530 synodi
1033 476 1237 529 judicium
1260 476 1338 517 crit
1361 476 1663 525 authenticum,
1694 475 1736 516 in
1758 478 1963 529 quantum

233 546 530 589 confirmatum
563 552 627 588 est
659 546 713 588 ab
746 547 895 588 eadem
919 546 1030 588 sede.
1074 545 1166 598 Quo
1189 558 1289 588 vero
1313 558 1441 588 sensu
1463 546 1585 588 sedes
1608 546 1843 599 apostolica
1864 544 1965 586 illud

234 617 546 671 approbaverit,
561 619 686 660 docet
703 631 781 659 nos
795 618 825 658 L
839 630 861 659 e
873 630 898 659 o
914 618 956 658 ll.
972 617 1025 659 ad
1041 617 1269 670 Hispaniae
1284 619 1507 670 episcopos
1522 617 1733 659 scribens:
1757 617 1966 668 „Aeterna

231 689 588 730 condemnatione
604 690 768 731 multati
791 693 889 730 sunt
902 688 1167 737 TheodoruS,
1191 688 1337 742 Cyrus,
1359 687 1529 741 Sergius
1552 693 1629 730 etc.
1652 700 1747 729 cum
1763 679 1965 736 Honorio,

233 761 304 814 qui
326 759 543 802 flammam
566 760 770 802 haeretici
783 760 1004 814 dogmatis,
1027 773 1113 802 non
1136 765 1181 801 ut
1203 760 1344 801 decuit
1360 760 1640 813 apostolicam
1655 759 1966 808 auctoritatem,

232 832 500 885 incipientem
516 832 727 881 exstinxit,
748 832 822 873 sed
846 845 873 872 n
885 844 907 873 e
919 832 966 885 gl
978 832 989 873 i
1001 844 1025 884 g
1039 844 1060 873 e
1073 845 1100 872 n
1112 832 1138 873 d
1151 844 1175 873 o
1199 831 1386 873 confovit
1396 836 1430 881 ‚·“
1461 830 1613 884 quibus
1634 829 1776 871 verbis
1791 829 1965 870 omnino

235 903 399 944 videtur
421 908 660 955 temperare
682 903 919 944 sententiae
940 903 1135 955 rigorem.
1179 901 1312 943 Simili
1343 901 1472 943 modo
1491 901 1671 943 Honorii
1693 900 1861 954 culpam
1893 911 1966 942 ex-

238 975 380 1027 primit
402 975 444 1014 in
467 986 529 1027 ep.
553 986 637 1026 qua
659 974 886 1015 concilium
901 974 1145 1015 confirmat:
1176 973 1318 1024 „Hanc
1332 973 1611 1026 apostolicam
1634 972 1858 1014 ecclesiam
1881 984 1969 1013 non

234 1045 495 1098 apostolicae
517 1045 755 1086 traditionis
778 1045 971 1086 doctrina
993 1045 1198 1092 lustravit,
1230 1044 1304 1086 sed
1336 1043 1516 1097 profana
1546 1043 1784 1097 proditione
1815 1043 1968 1084 imma-

235 1116 421 1158 culatam
454 1116 659 1157 maculari
690 1117 987 1169 permisit;“
1026 1121 1067 1157 et
1098 1117 1139 1157 in
1175 1127 1237 1169 ep.
1273 1115 1327 1157 ad
1349 1115 1582 1168 Ervigium:
1624 1113 1967 1166 „Immaculatam

233 1187 494 1241 apostolicae
532 1187 770 1228 traditionis
805 1188 995 1240 regulam
1029 1187 1235 1228 maculari
1266 1187 1502 1234 consensit3
1545 1190 1586 1227 et
1628 1186 1670 1226 in
1703 1184 1968 1238 professione

230 1258 339 1305 fidei,
371 1270 481 1312 quae
513 1258 694 1300 habetur
725 1259 766 1299 in
799 1259 933 1300 diario
965 1271 1069 1300 rom.
1093 1258 1352 1310 pontificum,
1383 1258 1578 1310 legimus:
1619 1256 1789 1307 „Pravis
1820 1267 1968 1298 eorum

236 1329 544 1371 assertionibus
566 1329 799 1371 fomentum
822 1329 1061 1382 impendit.“
1110 1329 1166 1370 Cf.
1191 1327 1225 1370 G
1239 1329 1424 1370 arnier
1446 1328 1543 1371 diss,
1567 1332 1592 1372 2
1615 1328 1657 1368 in
1678 1326 1832 1369 librum
1855 1326 1969 1368 diur-

236 1414 337 1442 num
360 1414 399 1442 n.
423 1405 476 1446 37
503 1401 655 1456 (Mign
670 1413 692 1442 e
714 1401 863 1454 patrol.
885 1400 954 1443 lat.
981 1404 1075 1445 105.
1103 1404 1185 1445 154
1208 1401 1292 1457 ss).

352 1495 448 1529 438.
471 1489 587 1525 Haud
610 1488 806 1526 immerito
829 1488 996 1526 conferri
1018 1490 1150 1537 potest
1173 1488 1265 1525 haec
1287 1487 1562 1525 condemnatio
1584 1499 1663 1524 non
1684 1498 1764 1523 una
1786 1484 1832 1522 de
1856 1496 1971 1522 causa

230 1561 317 1585 cum
340 1547 409 1584 illa
430 1547 746 1596 reprehensione,
770 1560 847 1596 qua
868 1547 1015 1584 Paulus
1037 1547 1077 1584 in
1100 1559 1216 1585 causa
1237 1546 1428 1597 legalium
1451 1547 1489 1583 in
1505 1547 1640 1595 faciem
1657 1545 1802 1593 Cephae
1816 1544 1967 1590 restitit,

230 1608 321 1657 quia
352 1607 658 1655 reprehensibilis
689 1611 770 1644 erat
793 1607 874 1644 Gal.
900 1612 935 1651 2,
976 1614 1037 1646 11.
1082 1607 1190 1644 Sicut
1221 1606 1326 1644 enim
1356 1606 1498 1644 Petrus
1527 1618 1654 1654 neque
1686 1615 1728 1644 a.
1753 1603 1897 1641 erravit
1926 1602 1969 1639 in

230 1665 324 1710 fide;
347 1679 473 1714 neque
495 1663 543 1706 b.
565 1666 740 1715 peccavit
761 1666 842 1703 sive
864 1666 1055 1714 objective
1078 1665 1228 1714 aliquid
1250 1665 1390 1703 illicite
1412 1664 1563 1715 agendo
1587 1663 1746 1716 (legalia
1767 1662 1872 1700 enim
1886 1674 1968 1699 ser-

230 1737 321 1763 vare
343 1728 439 1762 tunc
461 1726 586 1763 adhuc
609 1728 693 1763 erat
714 1723 897 1778 licitum),
931 1725 1012 1763 sive
1036 1725 1263 1771 subjective,
1297 1737 1385 1762 cum
1408 1737 1562 1762 servare
1585 1723 1726 1773 legalia
1747 1725 1853 1760 esset
1881 1721 1968 1759 lici-

231 1787 319 1822 tum
341 1786 460 1833 atque
482 1785 565 1833 ipse
587 1784 629 1822 in
651 1785 712 1822 his
745 1784 945 1822 servandis
978 1784 1188 1822 duceretur
1218 1784 1367 1822 motivo
1399 1784 1572 1828 honesto,
1605 1781 1868 1821 sollicitudine
1897 1792 1968 1830 pro

226 1844 383 1892 judaeis
405 1844 481 1892 ipsi
506 1844 732 1893 specialiter
753 1844 983 1881 concreditis
1006 1841 1059 1896 (v.
1085 1841 1147 1896 8);
1182 1843 1248 1881 sed
1281 1852 1323 1884 e.
1346 1842 1491 1880 idcirco
1523 1840 1843 1891 reprehensibilis
1875 1841 1970 1885 erat,

231 1903 336 1952 quod
358 1903 442 1951 ejus
465 1903 605 1953 agendi
627 1903 729 1941 ratio
751 1903 832 1940 illis
855 1904 895 1940 in
919 1903 1114 1952 adjunctis
1144 1903 1275 1940 minus
1297 1904 1381 1940 erat
1401 1902 1586 1951 prudens,
1618 1902 1697 1938 imo
1728 1902 1768 1938 et
1788 1899 1973 1950 gentibus

234 1975 367 2000 recens
390 1963 588 2000 conversis
611 1963 727 2000 noxia
749 1960 1007 2013 (colligebant
1038 1962 1141 1999 enim
1178 1975 1222 1999 ex
1244 1961 1382 2011 agendi
1416 1961 1566 1999 ratione
1596 1960 1785 2010 principis
1815 1959 1972 2008 aposto-

232 2023 372 2064 lorum,
406 2022 716 2059 observationem
739 2022 928 2071 legalium
959 2034 1039 2059 esse
1071 2021 1339 2066 necessariam,
1374 2033 1473 2069 quae
1503 2019 1703 2068 persuasio
1734 2019 1882 2056 multos
1911 2029 1972 2054 re·

377 2162 402 2201 1)
420 2158 476 2193 Ita
491 2160 589 2193 enim
604 2159 732 2193 scribit
745 2173 753 2198 ;
775 2158 1003 2198 ,Romanum
1021 2158 1234 2203 pontificem
1249 2158 1293 2192 de
1308 2159 1474 2192 omnium
1488 2157 1727 2192 ecclesiarum
1742 2154 1975 2201 praesulibus

234 2211 424 2256 judicasse
443 2212 610 2257 legimus,
630 2213 674 2246 de
692 2222 734 2246 eo
752 2223 836 2247 vero
857 2223 1076 2257 quemquam
1093 2212 1278 2257 judicasse
1296 2222 1369 2245 non
1388 2211 1556 2256 legimus.
1575 2211 1678 2244 Licet
1696 2210 1794 2244 enim
1813 2206 1975 2242 Honorio

236 2265 282 2299 ab
302 2265 545 2299 orientalibus
562 2266 648 2309 post·
665 2267 823 2300 mortem
841 2267 1041 2300 anathema
1058 2266 1106 2299 sit
1123 2265 1274 2306 dictum,
1303 2265 1492 2299 sciendum
1509 2266 1633 2298 tamen
1653 2264 1717 2303 est,
1749 2261 1837 2307 quia
1854 2260 1977 2296 fuerat

236 2329 345 2363 super
363 2319 505 2352 haeresi
524 2321 728 2361 accusatus,
744 2321 897 2364 propter
914 2330 1025 2363 quam
1045 2319 1159 2352 solam
1176 2318 1319 2352 licitum
1334 2320 1389 2351 est
1403 2318 1609 2351 minoribus
1628 2317 1809 2361 majorum
1827 2324 1975 2349 suorum

240 2371 403 2405 motibus
422 2373 615 2406 resistendi
633 2373 688 2407 vel
709 2383 843 2417 pravos
863 2383 988 2406 sensus
1014 2372 1130 2406 libere
1157 2371 1372 2415 respuendi:
1400 2371 1569 2415 quamvis
1596 2377 1634 2404 et
1659 2370 1712 2404 ibi
1739 2379 1805 2402 nec
1822 2366 1977 2413 patriar·
2164 2355 2175 2408 1

235 2425 387 2459 charum
406 2435 471 2459 nec
491 2431 693 2461 ceterorum
713 2427 925 2461 antistitum
945 2426 1107 2470 cuipiam
1125 2427 1169 2460 de
1189 2436 1230 2459 eo
1248 2426 1454 2469 quamlibet·
1472 2426 1527 2459 fas
1545 2425 1658 2459 fuerit
1675 2422 1885 2469 proferendi
1899 2432 1977 2456 sen·
2165 2409 2175 2446 Ι

234 2481 402 2519 tentiam,
433 2479 505 2513 nisi
543 2480 707 2524 ejusdem
736 2481 877 2525 primae
907 2480 1002 2514 sedis
1032 2479 1219 2524 pontificis
1250 2489 1448 2514 consensus
1481 2478 1742 2523 praecessisset
1775 2475 1978 2511 auctoritas
2162 2452 2175 2540 ξ

234 2532 405 2578 (Mansi
426 2535 478 2574 16,
501 2535 613 2579 126).‘
650 2532 768 2574 Quare
795 2536 920 2567 autem
946 2544 1100 2567 romana
1127 2534 1231 2567 sedes
1258 2532 1468 2578 pti-miserit
1491 2531 1707 2572 Honorium,
1736 2530 1800 2574 qui
1818 2540 1891 2564 non
1909 2530 1975 2563 im-

233 2585 477 2631 probabiliter
496 2586 566 2620 dici
585 2589 707 2631 potest
725 2587 912 2628 innocens,
934 2598 954 2620 a
973 2587 1113 2632 synodo
1132 2586 1194 2620 VI.
1212 2588 1291 2621 tam
1307 2585 1428 2631 rigide
1447 2584 1653 2630 dijudicaii,
1680 2585 1774 2619 bene
1792 2583 1976 2627 significa·
2160 2546 2175 2619 i

235 2639 288 2673 vit
305 2638 528 2684 Pitrajur.
547 2652 600 2684 gr.
622 2640 664 2678 ΙΙ,
683 2644 749 2675 85:
785 2640 996 2680 ,Summam
1015 2651 1091 2674 rem
1112 2650 1230 2684 aequo
1249 2640 1372 2674 animo
1391 2638 1642 2674 consideranti
1656 2637 1895 2682 perspicuum
1914 2637 1980 2677 est,

235 2704 314 2727 eam
333 2692 444 2726 fuisse
472 2703 685 2737 graecorum
712 2694 932 2728 indomitam
959 2693 1169 2738 superbiam
1197 2695 1278 2728 tum
1306 2692 1465 2726 maxime
1484 2702 1505 2725 a
1524 2691 1585 2726 VI.
1616 2692 1651 2724 et
1670 2690 1747 2725 vu.
1776 2690 1915 2734 synodo
1943 2691 1981 2724 et,
2166 2690 2175 2734 1

235 2745 322 2779 inde
341 2745 386 2779 ad
404 2745 590 2780 Photium.
614 2748 655 2779 ut
683 2757 799 2790 neque
827 2747 1095 2781 baereticorum
1124 2746 1273 2780 nomina
1293 2756 1312 2779 e
1331 2757 1358 2779 s.
1378 2744 1575 2789 dyptychis
1605 2743 1696 2783 erui,
1727 2753 1848 2788 neque
1864 2741 1978 2776 inseri
2168 2747 2175 2807 ἱ

234 2809 469 2833 romanorum
490 2799 695 2839 memorias,
718 2810 835 2843 neque
859 2800 1038 2845 Sergium,
1063 2799 1256 2844 Pyrrhum,
1285 2797 1440 2833 Paulum
1460 2798 1627 2841 aliosque
1646 2797 1753 2831 istius
1771 2795 1872 2830 modi
1891 2796 1976 2830 hae·
2168 2810 2175 2836 4

234 2852 431 2886 reticorum
451 2852 714 2897 antesignanos
740 2852 888 2896 publice
916 2854 1114 2897 aperteque
1140 2851 1331 2896 reprobari
1358 2851 1534 2891 licuisset,
1560 2848 1664 2884 nulla
1691 2850 1851 2893 denique
1879 2848 1977 2882 inter

235 2908 431 2949 utramque
448 2905 603 2940 Romam
621 2906 883 2950 permansisset
897 2905 1102 2945 concordia,
1116 2905 1189 2939 nisi
1203 2905 1397 2948 antiquior
1412 2903 1554 2949 (Roma)
1568 2914 1675 2947 passa
1697 2901 1840 2946 aliquid
1853 2902 1985 2936 suisset
2165 2891 2175 2921 l·

244 2959 284 2993 in
301 2959 457 2993 Honorii
475 2959 750 2992 detrimentum.
786 2958 986 3001 Propterea
1003 2959 1243 3002 integerrima
1260 2957 1329 2991 fide
1348 2969 1374 2991 s.
1394 2957 1490 2990 sedis
1507 2958 1719 2990 remanente
1742 2956 1897 2999 ipsoque
1910 2954 1981 2988 Ho-

238 3013 342 3047 norio
371 3013 408 3047 in
437 3022 527 3057 pace
545 3011 728 3045 Ecclesiae
756 3011 967 3045 certissimis
994 3011 1216 3046 testimoniis
1245 3011 1352 3055 quies
1368 3012 1474 3044 cente
1498 3009 1720 3054 peimissum
1745 3010 1888 3042 interea
1913 3007 1985 3041 fuit

239 3078 322 3100 eum
342 3067 387 3099 de
404 3066 558 3099 incauta
575 3063 771 3110 vigilantia
789 3064 905 3109 argui,
925 3065 1035 3108 ,quod
1057 3077 1132 3099 non
1146 3065 1188 3098 ut
1201 3064 1328 3098 decuit
1352 3062 1595 3108 apostolicam
1617 3062 1881 3096 auctoritatem
1898 3062 1982 3096 bae-

245 3119 352 3153 resim
371 3118 612 3163 incipientem
631 3117 817 3158 exstinsit,
838 3117 901 3150 sed
918 3117 1138 3162 negligendo
1158 3116 1355 3152 confovit.‘
