2175 3382
241 163 329 204 260
521 157 640 191 Tract.
662 157 720 191 [ΙΙ.
739 155 791 191 De
811 156 981 190 Ecclesia.
1003 155 1052 189 De
1071 156 1204 190 axiom.
1225 154 1335 188 Extra
1355 153 1450 189 Eccl.
1469 154 1572 188 nulla
1590 153 1699 187 salus.

239 281 392 318 effinxit
413 281 625 317 humanam
649 281 840 324 naturam,
865 290 981 326 quam
1004 277 1209 321 inhabitat,
1234 276 1302 313 sed
1316 288 1393 324 qua
1406 288 1483 313 non
1498 274 1851 321 circumscribitur,
1876 275 1982 313 ultra

239 340 348 377 illam
370 339 473 376 enim
498 341 559 376 est
581 341 620 375 et
641 339 844 386 operatur;
882 337 936 375 ita
958 339 1038 374 tam
1061 335 1224 385 spiritus
1245 335 1371 373 bonus
1393 334 1560 382 alicujus
1584 336 1719 371 coetus
1743 334 1805 371 vel
1829 333 1981 371 ordinis

239 398 413 448 religiosi
436 410 502 436 cor
518 397 679 446 juvenis
702 396 868 441 invadit,
892 395 1027 439 allicit,
1050 395 1217 432 attrahit
1231 394 1400 436 demum,
1424 395 1470 430 ut
1485 405 1525 430 se
1539 393 1667 442 palam
1684 392 1744 430 illi
1763 392 1982 442 adjungat;

241 470 360 505 quam
394 456 560 506 spiritus
591 456 718 493 malus
748 467 954 504 perversae
984 454 1189 502 cujusdam
1221 453 1399 490 factionis
1432 452 1656 489 deminutas
1688 452 1817 500 copias
1850 451 1981 488 redin-

239 519 370 565 tegrat
392 519 592 566 augetque
615 528 658 552 ex
682 515 740 559 iis,
763 526 862 562 quos
884 514 994 563 prius
1016 513 1148 550 inficit.
1182 512 1289 549 Idem
1304 511 1510 549 considera
1524 511 1585 548 vel
1599 511 1640 548 in
1655 510 1784 548 anima
1797 510 1981 554 humana,

240 588 338 624 quae
360 575 512 613 virtute
535 587 608 612 sua
630 574 736 611 cibos
760 573 913 621 corpori
935 572 1061 610 adhuc
1095 571 1306 609 dissimiles
1340 570 1485 617 digerit
1515 572 1555 607 et
1585 569 1799 618 multiplici
1829 569 1983 610 influxu

241 635 397 672 demum
421 634 463 672 in
486 646 645 671 succum
679 635 719 670 et
741 632 974 681 sanguinem
1006 631 1178 680 corporis
1210 630 1268 668 sui
1301 641 1508 666 conversos
1539 629 1580 666 in
1612 629 1718 666 idem
1748 627 1890 677 recipit
1921 627 1981 665 in-

242 693 427 742 seritque.
471 692 593 737 Quem
627 692 667 729 in
702 703 860 729 sensum
882 690 986 727 belle
1020 702 1048 727 s.
1079 689 1412 738 Augustinus
1447 688 1735 736 interpretatur
1767 698 1900 725 vocem
1935 687 1983 724 ad

241 753 402 790 Petrum
424 752 584 789 factam:
622 750 754 800 Surye,
780 749 898 793 Petra),
933 750 1054 787 occide
1078 753 1110 785 et
1130 748 1321 785 manduca
1343 746 1446 795 (Act.
1478 754 1539 792 10,
1571 744 1637 800 13)
1670 747 1717 784 de
1747 746 1982 795 populorum

241 811 494 849 conversione
516 810 705 847 Ecclesiae
728 809 879 847 virtute
901 808 1048 853 effecta,
1082 820 1159 855 qua
1189 807 1321 845 eadem
1345 806 1536 844 dilatatur
1557 808 1604 843 ut
1635 818 1776 855 corpus
1807 805 1981 843 ciborum

241 870 490 908 comestione.

363 935 456 970 232.
489 923 812 969 Corollarlum
834 923 931 966 III.
975 924 1102 969 Quare
1124 925 1273 963 axioma
1295 924 1417 961 illud:
1450 925 1577 962 Extra
1601 921 1812 962 Ecclesiam
1835 935 1909 960 non
1933 927 1984 960 est

241 989 360 1036 salus,
383 989 422 1025 in
444 989 529 1025 toto
552 999 621 1024 suo
643 986 775 1035 rigore
797 998 932 1023 verum
956 986 1018 1022 est
1037 996 1199 1034 prorsus
1222 984 1268 1021 de
1291 983 1481 1020 Ecclesiae
1504 996 1560 1020 an
1574 983 1585 1020 i
1599 996 1690 1020 ma:
1725 995 1813 1020 nam
1838 982 1872 1020 si
1894 981 1984 1030 quis

242 1048 289 1084 ad
311 1048 410 1084 hanc
430 1047 542 1084 nullo
565 1045 679 1083 modo
714 1046 877 1094 spectat,
908 1045 1014 1081 caret
1044 1044 1126 1081 vita
1156 1042 1456 1091 supernaturali.
1500 1041 1611 1086 Quod
1641 1042 1674 1080 si
1705 1041 1793 1090 quis
1819 1042 1901 1091 jam
1935 1041 1982 1078 ad

241 1106 437 1144 Ecclesiae
459 1105 627 1143 animam
650 1104 837 1153 pertinet,
870 1103 972 1140 bona
1002 1114 1094 1140 vero
1126 1102 1201 1140 fide
1234 1104 1295 1139 est
1325 1101 1452 1138 adhuc
1482 1108 1591 1138 extra
1621 1101 1811 1138 Ecclesiae
1843 1112 1981 1149 corpus

245 1163 356 1217 (quia
377 1164 553 1203 nondum
576 1163 770 1213 cognovit,
794 1162 955 1210 quinam
978 1165 1115 1199 coetus
1136 1161 1305 1199 visibilis
1328 1173 1420 1198 vera
1442 1160 1495 1197 sit
1508 1160 1652 1197 Christi
1667 1156 1866 1212 Ecclesia),
1890 1161 1982 1197 voto

244 1225 382 1262 saltem
405 1223 597 1273 implicito
622 1235 692 1259 ¹seu
714 1222 835 1259 animi
856 1221 1153 1270 praeparatione
1175 1220 1223 1258 ad
1246 1220 1318 1257 hoc
1339 1219 1536 1268 pertinere
1558 1219 1769 1256 dicendum
1792 1220 1871 1262 est,
1893 1230 1981 1268 gra·

243 1283 457 1331 datimque,
493 1282 571 1320 nisi
593 1282 742 1330 gratiae
762 1283 884 1330 ponat
905 1280 1117 1320 obstacula.
1143 1279 1291 1328 Spiritu
1315 1279 1384 1315 Dei
1406 1281 1547 1328 agente
1570 1278 1792 1322 inducetur,
1825 1280 1872 1315 ut
1892 1279 1983 1315 actu

243 1342 392 1391 corpori
415 1341 606 1379 Ecclesiae
628 1341 836 1378 inseratur.
880 1339 986 1384 Quae
1007 1339 1150 1376 mirum
1173 1339 1215 1375 in
1236 1337 1398 1375 modum
1420 1338 1673 1375 illustrantur
1694 1350 1739 1375 ex
1754 1336 1983 1386 biographia

245 1401 417 1448 illorum,
441 1401 510 1449 qui
532 1402 641 1438 extra
661 1400 874 1437 EcclesPam
896 1398 991 1441 nati,
1014 1398 1266 1446 postmodum
1289 1397 1417 1446 gratia
1431 1397 1565 1434 divina
1579 1396 1738 1434 excitati
1752 1399 1792 1434 et
1806 1395 1903 1433 moti
1919 1407 1983 1433 ve-

242 1460 398 1498 ritatem
432 1459 686 1508 quaesierunt
716 1459 894 1506 miroque
929 1457 1178 1494 suavissimae
1209 1455 1479 1505 providentiae
1510 1456 1634 1494 ductu
1674 1456 1716 1493 in
1747 1455 1880 1493 sinum
1911 1454 1983 1492 Ec-

243 1519 382 1557 clesiae
413 1518 628 1556 redierunt.
670 1516 933 1555 Phaenomeni
965 1528 1036 1553 seu
1067 1516 1160 1553 facti
1189 1516 1307 1564 hujus
1338 1515 1598 1564 multiplicem
1632 1515 1764 1552 reddit
1793 1514 1983 1552 rationem

243 1578 515 1628 Passaglia
537 1577 584 1614 de
605 1576 776 1615 Ecclesia
797 1576 822 1613 l.
849 1582 871 1616 3
895 1588 933 1614 n.
958 1581 1023 1619 40,
1046 1576 1256 1624 postquam
1278 1576 1474 1612 statuerat
1488 1600 1505 1619 »
1516 1574 1601 1612 fieri
1614 1574 1776 1612 minime
1790 1585 1915 1623 posse,
1938 1576 1986 1610 ut

245 1637 334 1686 quis
354 1637 482 1687 gratia
504 1636 675 1685 Spiritus
697 1636 858 1684 vitaque
880 1634 1012 1672 divina
1025 1632 1185 1688 ἀμέςως
1199 1633 1473 1682 locupletetur.
1498 1633 1595 1682 quin
1609 1634 1655 1671 ad
1670 1633 1881 1671 ineundam
1896 1643 1984 1670 cum

244 1696 413 1734 Ecclesia
436 1695 665 1734 societatem
687 1694 874 1732 continuo
897 1693 1088 1731 excitetur
1109 1705 1152 1730 ac
1173 1706 1264 1731 vero
1286 1692 1405 1730 etiam
1427 1693 1684 1730 adducatur.«
1729 1692 1984 1741 ,Cujus-con-

243 1755 408 1801 sectarii,
439 1755 574 1803 inquit
604 1754 761 1799 ibidem,
795 1753 1002 1791 veritatem
1025 1752 1271 1790 demonstrat
1307 1751 1344 1792 1.
1369 1751 1428 1790 lex
1451 1752 1522 1789 illa
1542 1751 1800 1796 nobilissima,
1832 1763 1912 1799 qua
1943 1761 1985 1788 se

245 1814 389 1852 similia
410 1816 554 1863 petunt
575 1815 833 1861 mutuamque
867 1811 1182 1861 conjunctionem
1213 1811 1452 1848 exambiunt.
1495 1811 1748 1848 Demonstrat
1769 1809 1813 1851 2.
1836 1810 1898 1847 lex
1930 1810 1984 1847 al-

243 1876 340 1919 tera,
373 1886 453 1922 qua
484 1873 702 1922 particulae
733 1883 868 1909 omnes
898 1872 945 1908 ad
978 1883 1095 1908 suum
1127 1872 1258 1908 totum
1297 1870 1470 1908 tendunt
1502 1882 1698 1919 suumque
1734 1871 1775 1908 in
1806 1871 1984 1906 centrum

245 1933 447 1973 feruntur;
469 1931 676 1980 plenitudo
698 1943 867 1979 namque
891 1930 1062 1979 Spiritus
1084 1930 1247 1978 ejusque
1270 1929 1380 1967 sedes
1412 1929 1454 1965 in
1475 1929 1649 1967 Ecclesia
1669 1928 1878 1978 reperitur.
1909 1928 1985 1965 De·

244 1993 441 2029 monstrat
463 1988 506 2030 3.
531 1991 590 2027 lex
613 1989 883 2039 oppositionis,
908 2001 1008 2037 quae
1030 1989 1215 2037 spiritum
1237 1989 1426 2026 carnalem
1451 2001 1472 2025 a
1495 1988 1646 2037 Spiritu
1669 1988 1801 2025 divino
1823 1989 1864 2025 et
1886 1987 1983 2025 cari-

245 2051 340 2088 tatis
364 2049 552 2093 secernit;
587 2049 687 2087 sicut
709 2048 814 2086 enim
835 2045 903 2085 ille
925 2048 1033 2097 origo
1055 2050 1114 2085 est
1135 2047 1419 2097 segregationis
1450 2049 1491 2085 et
1513 2060 1677 2097 pugnae,
1702 2047 1755 2084 sic
1777 2046 1851 2084 iste
1873 2046 1985 2095 prin—

246 2109 397 2157 cipium
419 2111 480 2146 est
501 2107 727 2146 concordiae
749 2109 867 2155 atque
888 2106 1068 2144 unitatis.
1103 2107 1355 2144 Demonstrat
1375 2104 1417 2146 4.
1440 2107 1500 2143 lex
1517 2105 1781 2156 perfectionis,
1803 2105 1852 2143 ad
1866 2117 1984 2154 quam

247 2168 417 2217 Spiritus
438 2169 653 2217 promovet,
677 2169 716 2204 et
738 2179 837 2215 quae
859 2166 1016 2203 nonnisi
1037 2166 1079 2203 in
1100 2166 1286 2203 societate
1309 2165 1478 2203 obtineri
1500 2165 1716 2213 augerique
1736 2167 1877 2214 potest.
1911 2164 1984 2201 De-

244 2229 438 2264 monstrat
459 2224 500 2266 5.
525 2227 608 2275 ipsa
629 2226 730 2263 ratio
754 2225 935 2274 Spiritus,
969 2225 1037 2273 qui
1070 2237 1113 2262 eo
1136 2224 1254 2262 etiam
1285 2224 1442 2262 nomine
1473 2227 1533 2262 est
1563 2224 1788 2272 diciturque
1811 2223 1985 2273 Spiritus

245 2285 403 2327 Christi,
428 2285 533 2334 quod
555 2285 604 2322 ad
627 2285 822 2322 Christum
845 2284 1010 2333 ejusque
1032 2284 1246 2333 mysticum
1268 2295 1407 2332 corpus
1429 2283 1605 2321 homines
1627 2295 1698 2321 suo
1720 2283 1870 2320 lumine
1884 2282 1984 2320 suis-

245 2358 321 2394 que
343 2344 608 2382 incitamentis
630 2343 798 2384 adducit.
842 2344 1091 2381 Demonstrat
1121 2342 1165 2383 6.
1189 2342 1410 2380 concredita
1440 2342 1564 2380 eidem
1595 2342 1757 2387 functio,
1788 2341 1858 2391 qui
1888 2340 1984 2378 mis-

247 2416 314 2441 sus
336 2406 544 2452 propterea
564 2403 643 2440 fuit
663 2415 706 2440 ac
725 2415 842 2452 porro
862 2402 1054 2447 mittitur,
1077 2404 1124 2439 ut
1144 2402 1382 2451 glorificaret
1403 2414 1446 2439 ac
1453 2401 1607 2451 jugiter
1619 2401 1762 2439 Filium
1777 2400 1985 2451 glorificet.

247 2462 378 2500 Gloria
399 2464 530 2500 autem
553 2462 646 2499 Filii
668 2462 710 2499 in
731 2462 816 2510 ejus
838 2473 959 2510 regno
981 2462 1087 2498 lucet
1109 2463 1227 2510 atque
1249 2473 1294 2498 ex
1317 2461 1400 2510 ejus
1422 2473 1552 2510 regno,
1588 2460 1693 2509 quod
1715 2462 1776 2497 est
1800 2458 1984 2504 Ecclesia,

247 2521 493 2569 splendescit.
505 2526 523 2544 «
566 2521 676 2565 Quod
698 2521 788 2558 dein
821 2533 866 2558 ex
888 2520 1111 2558 oeconomia
1132 2520 1325 2557 divinitus
1358 2521 1511 2557 servata
1532 2519 1574 2556 in
1594 2519 1833 2556 adducendis
1854 2518 1902 2556 ad
1923 2529 1983 2556 sa-

245 2580 371 2618 lutem
394 2580 632 2618 Cornelio
654 2581 738 2617 Act.
767 2587 816 2620 10
841 2581 882 2617 et
903 2579 1063 2617 Paulo
1084 2579 1169 2616 Act.
1187 2585 1208 2618 9
1233 2579 1409 2616 illustrat
1429 2581 1470 2616 et
1491 2578 1705 2616 confirmat.
1741 2577 1793 2615 Cf.
1815 2579 1983 2626 Augu-

246 2639 418 2676 stinus
439 2639 487 2676 de
509 2638 686 2677 moribus
708 2639 808 2676 Eccl.
831 2651 860 2676 c.
890 2645 937 2679 17
964 2650 1095 2687 opusc.
1116 2638 1258 2675 XXVII
1279 2651 1316 2675 n.
1342 2644 1407 2678 31.
1432 2643 1498 2683 32,
1521 2637 1592 2674 ubi
1615 2635 1808 2674 inter-alia.
1821 2635 1981 2674 scribit:

249 2697 376 2741 ,Nam
399 2698 433 2734 si
457 2697 648 2746 sapientia
669 2700 708 2735 et
728 2698 876 2735 veritas
909 2710 990 2735 non
1010 2697 1106 2734 totis
1141 2697 1292 2734 viribus
1324 2696 1634 2745 concupiscatur,
1667 2695 1838 2733 inveniri
1871 2694 1985 2732 nullo

245 2758 360 2805 pacto
382 2759 524 2804 potest.
566 2757 620 2793 At
641 2756 672 2793 si
694 2756 750 2793 ita
771 2758 996 2804 quaeratur,
1019 2759 1066 2793 ut
1087 2756 1250 2805 dignum
1272 2757 1343 2800 est,
1367 2755 1597 2793 subtrahere
1619 2767 1659 2792 se
1681 2757 1800 2802 atque
1820 2754 1982 2799 abscon·

247 2815 338 2852 dere
359 2828 381 2852 a
403 2815 481 2852 suis
504 2815 758 2853 dilectoribus
780 2828 858 2853 non
879 2817 1007 2864 potest
1029 2845 1037 2853 .
1061 2844 1068 2852 .
1092 2844 1100 2852 .
1122 2816 1265 2852 Amore
1285 2815 1449 2863 petitur,
1472 2826 1602 2851 amore
1617 2813 1830 2861 quaeritur,
1854 2824 1986 2850 amore

246 2874 440 2922 pulsatur,
464 2886 593 2911 amore
615 2875 823 2918 revelatur,
856 2886 985 2911 amore
1007 2874 1175 2922 denique
1197 2873 1239 2910 in
1260 2884 1317 2918 cO,
1341 2873 1446 2921 quod
1479 2873 1697 2910 revelatum
1728 2871 1861 2916 fuerit,
1892 2883 1981 2919 per-

246 2934 428 2969 manetur
450 2961 457 2968 .
482 2961 489 2969 .
513 2961 520 2969 .
545 2932 574 2970 O
598 2933 750 2970 utinam
782 2931 869 2985 (vos
891 2930 1124 2984 manichaei)
1161 2933 1321 2981 possetis
1351 2931 1575 2981 intelligere
1605 2943 1704 2980 quae
1734 2931 1839 2968 dicta
1868 2931 1981 2967 sunt:

247 2991 450 3029 confestim
473 2991 690 3039 abjiceretis
724 3004 857 3029 omnes
891 2991 1061 3041 ineptias
1083 2991 1316 3029 fabellarum
1346 2993 1386 3028 et
1415 2990 1647 3028 vanissimas
1677 2989 1867 3039 imagines
1897 3000 1984 3026 cor·

246 3062 385 3098 porum
409 3052 593 3098 totosque
615 3062 684 3087 vos
705 3063 846 3099 magna
866 3051 1081 3095 alacritate,
1115 3051 1262 3087 sincero
1284 3062 1426 3095 amore,
1450 3049 1673 3087 firmissima
1692 3048 1780 3094 fide,
1815 3047 1983 3086 sanctis-

247 3109 346 3145 simo
367 3108 560 3146 Ecclesiae
582 3108 793 3146 catholicae
814 3110 964 3159 gremio
986 3109 1213 3149 conderetis,
