2175 3382
931 170 1117 204 Ecclesiae
1136 169 1273 204 sociali.
1885 172 1970 214 311

351 292 393 335 5.
417 290 627 331 Probatur
650 301 701 331 ex
723 289 926 342 patribus,
959 289 1030 341 qui
1062 294 1104 329 et
1139 288 1309 329 disertis
1330 287 1483 336 verbis,
1515 288 1849 340 quotiescunque
1871 299 1971 340 pos-

235 367 344 408 sunt,
366 362 478 402 hanc
499 361 722 401 veritatem
745 360 974 412 inculcant,
1000 363 1042 400 et
1064 358 1393 412 aequivalenter,
1427 370 1523 398 cum
1546 358 1788 398 schismatis
1810 358 1971 399 crimen

237 432 550 473 atrocissimum
569 430 772 483 Judicant,
795 430 916 482 qu'us
937 429 1107 470 macula
1129 441 1209 470 nec
1230 428 1435 481 sanguine
1459 427 1574 468 ablui
1595 428 1739 480 possit.

355 518 416 555 lta
437 530 481 554 ex
504 530 559 566 gr.
583 529 610 554 s.
632 517 817 554 Irenaeus
839 515 902 560 IV,
930 521 980 556 33
1014 529 1050 552 n.
1077 523 1097 554 7
1123 515 1208 552 adv.
1230 515 1352 554 haer.:
1387 541 1403 558 »
1417 514 1491 558 Qui
1523 514 1731 551 schismata
1761 515 1973 562 operantur

234 606 242 614 .
267 606 274 612 .
299 605 306 612 .
328 577 489 625 propter
510 576 677 613 modicas
700 577 740 612 et
761 575 957 624 quaslibet
979 586 1126 618 causas,
1148 586 1336 623 magnum
1358 576 1398 610 et
1419 573 1636 619 gloriosum
1660 584 1800 621 corpus
1824 572 1968 609 Christi

234 635 420 673 scindunt
441 636 481 673 et
502 635 687 672 dividunt
709 636 748 671 et
770 636 963 682 quantum
986 634 1027 670 in
1048 633 1145 681 ipsis
1167 637 1226 670 est
1247 632 1492 669 interficiunt
1509 661 1515 668 .
1533 661 1541 669 .
1557 646 1587 677 ,3
1609 632 1722 669 nulla
1744 630 1849 668 enim
1864 633 1974 668 tanta

235 695 282 732 ab
314 695 368 732 eis
398 696 529 743 potest
559 693 643 730 fieri
666 693 863 738 correctio,
895 694 1044 741 quanta
1067 695 1128 729 est
1158 691 1376 729 schismatis
1408 691 1639 739 pernicies«
1684 690 1974 738 Cyprianus

234 757 317 791 toto
351 753 419 790 lib.
454 753 500 790 de
534 752 633 790 unit.
667 752 768 789 Eccl.
803 750 951 801 (opusc.
981 749 1028 803 1),
1064 751 1133 788 ubi
1167 751 1271 788 inter
1302 751 1428 787 multa
1458 750 1656 798 praeclara
1677 749 1815 786 scribit
1835 761 1872 785 n.
1900 755 1972 788 17:

236 811 515 856 ,Aversandus
538 814 596 849 est
616 810 709 848 talis
731 813 850 859 atque
872 810 1097 860 fugiendus,
1131 809 1314 858 quisquis
1335 809 1456 847 fuerit
1477 809 1525 846 ab
1546 808 1720 846 Ecclesia
1749 809 1973 856 separatus3

233 883 441 920 perversus
463 872 522 908 est
542 870 780 919 hujusmodi,
803 873 843 907 et
863 871 999 918 peccat
1021 872 1059 906 et
1083 871 1143 906 est
1165 882 1186 906 a
1209 868 1422 916 semetipso
1445 868 1665 905 damnatus.
1707 868 1770 904 An
1792 879 1877 904 esse
1899 866 1977 903 sibi

235 943 324 968 cum
346 930 500 967 Christo
522 929 692 973 videtur,
726 929 795 977 qui
818 928 1006 966 adversus
1030 928 1250 966 sacerdotes
1274 927 1420 964 Christi
1440 927 1545 973 facit,
1579 927 1646 975 qui
1670 938 1710 963 00
1732 939 1754 963 3
1775 925 1870 963 cleri
1891 926 1976 970 ejus

234 992 275 1026 et
294 989 430 1039 populi
454 989 639 1026 societate
662 988 888 1026 seem-nim«
913 988 965 1025 cf.
981 1000 1099 1036 supra
1120 1000 1157 1024 n.
1176 986 1282 1026 2205
1305 988 1344 1023 et
1366 987 1451 1035 ejus
1474 999 1532 1035 ep.
1559 993 1623 1026 55.
1641 992 1693 1026 69
1711 982 1859 1036 (opusc.
1875 983 1974 1028 XXI,

240 1055 314 1089 131
345 1060 413 1090 ss.;
445 1055 521 1088 117
548 1045 636 1100 00.);
672 1048 770 1084 Cons
772 1046 981 1084 titutiones
1013 1046 1340 1095 apostolicae
1362 1046 1426 1090 VI,
1455 1053 1497 1085 1:
1530 1047 1604 1098 πρὸ
1636 1047 1790 1085 πάντων
1822 1044 1975 1097 φυλάσ-

236 1122 278 1147 σε
281 1109 369 1154 otis,
391 1105 422 1146 ὦ
445 1105 664 1151 ἐπίσκοποι,
688 1108 758 1152 τὰς
780 1106 906 1151 δεινὰς
928 1107 994 1146 καὶ
1008 1107 1194 1160 χαλεπὰς
1216 1107 1284 1145 καὶ
1307 1103 1385 1144 ἀθε
1389 1107 1566 1150 (υτάτους
1588 1100 1718 1157 nipe-35
1723 1117 1756 1149 ις
1769 1116 1816 1156 goe
1819 1104 1953 1153 {refovit
1937 1116 1976 1147 ις

234 1164 355 1212 αὐτὰς
388 1164 520 1219 ὥσπερ
552 1171 640 1219 πῦρ
674 1166 751 1218 <pis
754 1180 822 1217 (οκ
854 1166 946 1211 τοὺς
977 1161 1082 1217 αὐτῶ
1114 1165 1415 1217 πλησιάζοντας.
1460 1161 1518 1202 Φε
1524 1165 1636 1214 ίηετε
1665 1163 1732 1202 καὶ
1763 1176 1830 1215 07!-
1824 1159 1975 1216 ’3ματα.

232 1225 552 1275 Fulgentius
574 1225 620 1261 de
642 1207 717 1261 fide
740 1225 787 1261 ad
809 1225 970 1262 Petrum
994 1237 1023 1261 c.
1050 1230 1101 1263 39
1126 1237 1162 1260 n.
1188 1230 1263 1264 80:
1290 1224 1360 1267 »ἢ
1350 1222 1558 1260 ’11111001ωο
1580 1224 1671 1259 tene
1694 1224 1733 1259 et
1746 1221 1976 1258 nullatenus

231 1284 387 1322 dubites
409 1284 627 1332 quemlibet
648 1283 889 1321 haereticum
912 1283 993 1320 sive
1016 1283 1317 1326 schismaticum,
1348 1282 1390 1318 in
1412 1282 1569 1319 nomine
1592 1281 1720 1318 Patris
1752 1283 1791 1317 et
1813 1279 1904 1316 Filii
1937 1282 1975 1316 et

233 1343 404 1392 Spiritus
427 1356 455 1380 s.
478 1343 731 1391 baptizatum,
756 1342 787 1379 si
810 1342 1003 1380 Ecclesiae
1025 1341 1236 1379 catholicae
1258 1354 1338 1378 non
1360 1341 1481 1378 fuerit
1503 1342 1749 1390 aggregatus,
1786 1340 1974 1388 quantas-

232 1415 385 1451 cunque
408 1403 674 1451 eleemosynas
696 1401 845 1445 fecerit,
870 1402 945 1439 etsi
968 1414 1037 1450 pro
1061 1401 1205 1439 Christi
1228 1400 1386 1438 nomine
1409 1400 1529 1437 etiam
1553 1399 1783 1449 sanguinem
1815 1397 1975 1441 fuderit,

231 1461 461 1499 nullatenus
483 1473 595 1510 posse
619 1461 772 1498 salvari.
796 1461 912 1498 Omni
934 1461 1039 1497 enim
1061 1460 1223 1502 homini,
1248 1460 1317 1508 qui
1339 1460 1532 1497 Ecclesiae
1547 1458 1758 1496 catholicae
1772 1470 1850 1495 non
1866 1459 1976 1494 tenet

232 1521 437 1565 unitatem,
460 1533 588 1569 neque
610 1520 843 1569 baptismus,
867 1532 994 1568 neque
1018 1520 1265 1568 eleemosyna
1286 1518 1505 1567 quamlibet
1527 1517 1693 1567 copiosa,
1717 1528 1844 1565 neque
1871 1528 1977 1553 mors

230 1592 301 1629 pro
322 1580 479 1617 nomine
502 1579 647 1616 Christi
663 1581 857 1627 suscepta,
880 1579 1069 1627 proficere
1083 1578 1231 1627 poterit
1246 1578 1293 1615 ad
1309 1578 1490 1622 salutem,
1514 1577 1670 1625 quando
1686 1573 1752 1629 (al.
1767 1571 1974 1627 quamdiu)

232 1640 275 1676 in
295 1651 339 1676 eo
363 1639 425 1676 vel
449 1639 640 1675 haeretica
663 1639 726 1675 vel
749 1638 996 1676 schismatica
1017 1638 1191 1687 pravitas
1206 1639 1442 1686 perseverat,
1467 1648 1567 1684 quae
1580 1635 1690 1673 ducit
1704 1635 1751 1672 ad
1767 1636 1974 1671 mortem«

233 1697 385 1742 Quibus
409 1698 507 1735 adde
530 1698 840 1734 Clementem
863 1709 1067 1734 romanum
1091 1709 1149 1746 ep.
1171 1705 1203 1736 1.
1226 1696 1274 1733 ad
1298 1697 1379 1733 Cor.
1401 1709 1438 1732 n.
1458 1702 1507 1736 37
1527 1707 1555 1733 s.
1579 1692 1729 1747 (opusc.
1744 1693 1862 1737 XVII,
1882 1690 1973 1746 98);

232 1770 260 1794 s.
284 1757 547 1807 Ignatium
569 1757 618 1794 M.
650 1756 692 1792 in
728 1756 894 1806 singulis
926 1756 1005 1793 fere
1040 1755 1231 1804 epistolis,
1267 1757 1305 1792 et
1328 1754 1682 1804 Augustinum
1717 1753 1760 1789 in
1794 1752 1974 1790 omnibus

233 1816 429 1865 operibus,
454 1828 552 1864 quae
575 1815 762 1852 adversus
785 1815 999 1852 donatistas
1023 1814 1183 1863 scripsit
1206 1812 1354 1866 (opusc.
1378 1813 1531 1858 XXVII,
1560 1818 1639 1853 128
1657 1808 1739 1864 00.)
1774 1811 1975 1849 Praeclare

232 1875 372 1912 fratres
393 1874 734 1912 Walenburch
757 1874 803 1911 de
825 1874 925 1913 unit.
948 1874 1048 1911 Eccl.
1073 1886 1102 1911 0.
1123 1880 1169 1914 15
1196 1873 1413 1911 doctrinam
1429 1872 1653 1921 Scripturae
1668 1871 1711 1908 in
1724 1871 1857 1920 paucis
1871 1882 1975 1907 com-

232 1935 474 1983 plectuntur:
492 1960 508 1977 »
520 1933 621 1983 Ergo
635 1936 838 1982 peccatum
854 1933 1073 1970 schismatis
1089 1935 1147 1970 est
1163 1935 1298 1970 contra
1313 1932 1436 1969 Deum
1452 1932 1608 1968 Patrem
1622 1927 1751 1983 (Joan.
1772 1937 1831 1974 17,
1848 1936 1895 1969 21
1914 1926 1975 1982 0.),

234 1995 370 2031 contra
391 1992 627 2042 dignitatem
641 1992 732 2029 Filii
746 1989 781 2045 (1
795 2000 816 2032 Ο
840 1990 920 2045 16),
945 1994 1082 2029 contra
1104 1992 1322 2029 orationem
1345 1990 1489 2028 Christi
1504 1990 1586 2039 (17,
1608 1986 1690 2042 11),
1714 1991 1850 2027 contra
1863 2001 1974 2037 prae-

233 2054 388 2101 ceptum
413 2051 555 2089 Christi
577 2048 663 2104 (12.
691 2058 743 2091 34
769 2053 826 2098 0.),
851 2053 988 2089 contra
1010 2051 1231 2100 passionem
1249 2050 1395 2088 Christi
1419 2047 1504 2102 (11,
1525 2046 1607 2102 52),
1632 2051 1768 2086 contra
1783 2048 1977 2097 Spiritum

233 2113 412 2149 sanctum
434 2109 547 2163 (Eph.
572 2117 608 2155 4,
633 2107 690 2163 4).
727 2112 863 2148 contra
895 2111 1053 2160 angelos
1075 2109 1182 2162 (Luc.
1208 2116 1243 2155 2,
1273 2106 1353 2161 14),
1387 2110 1522 2147 contra
1552 2108 1777 2157 symbolum
1800 2107 1960 2158 (Eph.2

238 2167 319 2223 14),
344 2172 479 2208 contra
500 2170 737 2218 baptismum
765 2167 820 2222 (1.
844 2170 925 2209 Cor
955 2166 1127 2221 12,13),
1162 2171 1298 2206 contra
1328 2181 1377 2206 ss.
1410 2167 1688 2205 eucharistiam
1720 2164 1777 2219 (1.
1800 2166 1882 2203 Cor.
1911 2174 1973 2210 10,

237 2230 318 2280 17),
343 2231 477 2267 contra
497 2229 708 2266 Ecclesiam
724 2226 840 2281 (Eph.
871 2236 903 2275 l,
924 2226 1006 2280 23),
1031 2231 1169 2266 contra
1191 2228 1368 2265 doctoies
1382 2227 1575 2264 Ecclesiae
1591 2224 1659 2278 (ib.
1676 2232 1712 2271 4,
1735 2222 1817 2278 11),
1841 2227 1977 2263 contra

233 2288 541 2326 aedificationem
563 2287 736 2325 fidelium
761 2285 877 2340 (Heb.
906 2295 968 2333 10,
987 2294 1039 2327 24
1057 2286 1116 2340 0.,)
1140 2289 1275 2325 contia
1296 2286 1590 2323 conversionem
1611 2284 1831 2322 infidelium
1845 2282 1975 2336 (Joan.

237 2354 301 2393 17,
328 2344 411 2400 21),
435 2348 571 2384 contra
590 2346 695 2395 ipsos
718 2346 984 2384 schismaticos
1007 2344 1152 2399 (Judae
1181 2343 1261 2399 19).
1304 2346 1490 2383 Potestne
1520 2344 1605 2381 fieri
1637 2346 1840 2398 peccatum
1861 2343 1976 2392 plura

232 2406 397 2444 afferens
419 2406 617 2443 damna?«
661 2405 714 2444 Cf.
736 2406 1010 2454 Passaglia
1031 2406 1099 2449 III,
1137 2412 1187 2445 36
1214 2417 1264 2442 ss.
1278 2404 1483 2449 3Palm
1474 2403 1575 2441 1011
1605 2403 1703 2452 pr.ol
1735 2405 1754 2449 S
1779 2408 1831 2442 48
1856 2402 1913 2439 ed.

355 2471 842 2516 294.Corollari11m.
894 2475 1239 2513 Peotestantesrei
1274 2480 1362 2512 sunt
1397 2475 1628 2511 schismatis
1661 2496 1718 2500 --
1753 2473 1849 2511 Cum
1882 2485 1974 2522 ergo

234 2536 378 2573 summi
399 2535 577 2572 facienda
598 2535 652 2572 sit
672 2534 865 2572 Ecclesiae
888 2534 1031 2579 unitas,
1063 2546 1193 2582 neque
1217 2534 1322 2570 enim
1344 2535 1454 2571 extra
1475 2533 1597 2582 ipsam
1622 2534 1683 2570 est
1713 2533 1833 2577 salus,
1867 2544 1974 2569 cum-

233 2607 310 2644 que
331 2594 610 2644 gravissimum
633 2593 685 2631 sit
706 2593 925 2630 schismatis
948 2593 1106 2637 crimen,
1131 2605 1336 2641 nunquam
1359 2593 1452 2630 licet
1475 2605 1515 2630 se
1531 2593 1578 2629 31)
1593 2592 1769 2629 Ecclesia
1783 2603 1973 2639 separare,

232 2653 463 2703 praesertim
485 2665 574 2690 cum
596 2654 760 2698 constet,
783 2652 904 2689 factas
925 2652 987 2689 illi
1010 2664 1095 2689 esse
1127 2653 1189 2689 tot
1219 2651 1512 2700 promissiones.
1555 2651 1679 2699 Atqui
1711 2652 1975 2699 protestantes

234 2724 306 2750 sec.
329 2712 427 2750 XVI.
450 2724 490 2749 se
512 2714 743 2761 separarunt
763 2712 811 2748 ab
833 2711 1014 2748 omnibus
1038 2710 1226 2755 ecclesiis,
1251 2723 1349 2759 quae
1372 2715 1469 2748 tunc
1483 2710 1735 2755 exstiterunt,
1758 2709 1863 2746 inter
1877 2721 1974 2757 quas

233 2771 314 2808 fuit
333 2783 426 2808 vera
446 2770 629 2819 Ecclesia,
653 2782 744 2819 ergo
767 2770 887 2807 etiam
909 2770 957 2807 ab
979 2769 1049 2807 1130
1073 2782 1113 2807 00
1135 2769 1369 2807 diviserunt.
1412 2770 1514 2819 Ergo
1545 2769 1609 2807 vel
1641 2769 1712 2806 hoc
1743 2769 1836 2813 solo⁷
1869 2767 1974 2815 quod

233 2889 396 2926 Frustra
416 2900 508 2926 vero
531 2900 623 2926 suae
645 2888 902 2937 separationis
925 2899 1079 2925 causam
1102 2887 1288 2936 rejiciunt
1310 2888 1371 2925 vel
1406 2887 1448 2924 in
1479 2899 1633 2924 morum
1668 2885 1970 2934 corruptionem.

234 2948 297 2984 vel
317 2947 359 2984 in
380 2959 630 2984 romanorum
652 2947 898 2995 pontificum,
932 2949 980 2984 ut
1000 2947 1124 2995 ajunt,
1156 2946 1419 2996 tyrannidem,
1453 2945 1730 2994 usurpationes
1753 2947 1824 2981 etc.
1866 2943 1973 2980 Licet

235 3006 341 3043 enim
364 3003 403 3046 l.
425 3005 537 3043 nobis
557 3007 746 3054 repetere,
772 3006 876 3054 quod
894 3007 974 3055 jam
997 3017 1068 3043 sec.
1083 3005 1151 3042 III.
1185 3005 1406 3043 Novatiano
1429 3005 1577 3042 similes
1598 3004 1770 3041 rationes
1792 3006 1971 3051 praeten—

236 3064 345 3102 denti
357 3064 562 3113 respondit
581 3064 670 3102 Dio
681 3077 708 3101 11
718 3078 744 3114 y
755 3065 834 3102 siu
845 3076 862 3101 s
885 3065 980 3102 alex.
995 3063 1115 3116 (apud
1128 3064 1157 3101 E
1169 3077 1196 3101 u
1207 3077 1224 3101 s
1236 3077 1255 3101 e
1266 3064 1291 3101 b
1303 3064 1317 3101 i
1327 3077 1354 3101 11
1366 3077 1404 3101 111
1426 3064 1473 3100 H.
1488 3064 1530 3100 E.
1545 3063 1608 3106 VI,
1626 3060 1698 3114 45)
1710 3076 1717 3098 ;
1742 3088 1759 3106 ,,
1772 3060 1971 3109 Siquidem

236 3124 397 3162 invitus.
420 3125 468 3160 ut
488 3123 638 3168 asseris,
662 3136 706 3161 eo
728 3123 887 3161 adactus
910 3135 949 3160 es
973 3120 1036 3176 (ut
1057 3125 1095 3160 te
1116 3123 1163 3160 ab
1185 3123 1354 3160 Ecclesia
1376 3122 1600 3171 separares),
1633 3121 1671 3157 id
1695 3120 1807 3157 nobis
1840 3121 1971 3156 osten-
