2175 3382
185 144 268 183 342
523 136 643 170 Trai-t.
664 136 724 170 ΙΙΙ.
744 136 787 170 tle
806 136 979 180 primatu.
1000 135 1051 170 De
1070 135 1232 180 primatu
1251 135 1338 178 quid
1359 135 1570 169 tenendum.

184 257 288 312 quod
323 256 695 309 vranyelieamssnms
729 255 852 308 vobis,
898 255 1121 296 anathema
1158 255 1233 298 sit:
1278 254 1407 294 nimis
1444 253 1627 294 terrifica
1661 258 1759 294 sunt
1793 253 1924 295 verba

184 327 355 368 Christi:
390 328 435 368 δι’
463 327 685 368 Ecclesiam
718 340 796 368 non
832 328 1028 380 audierit,
1059 329 1110 367 sit
1142 326 1214 367 tibi?
1244 327 1349 366 sicut
1381 326 1562 366 ethnicus
1594 329 1629 365 et
1658 325 1923 380 publicanus,

183 397 323 449 Quare
346 397 560 450 pendeant
584 397 726 439 fideles
749 398 803 438 ab
827 410 901 439 ore
919 397 1131 438 Ecclesiae
1147 396 1604 445 romano-catholicae,
1627 408 1755 448 quam
1779 407 1924 437 veram

183 468 337 509 Christi
359 467 590 510 Ecclesiam
618 481 711 510 esse
743 469 1144 520 comprobavimus3
1179 480 1274 508 cum
1308 468 1388 509 hac
1421 468 1534 509 enim
1567 464 1854 522 esthhristus
1885 472 1926 508 et

183 537 362 592 Spiritus
385 540 590 589 veritatis,
622 545 741 580 extra
764 540 874 579 hanc
902 552 986 579 non
1020 544 1084 580 est
1115 538 1241 588 salus,
1272 539 1381 579 haec
1414 537 1590 579 fundata
1613 542 1676 578 est
1698 524 1926 591 supra-pg-

182 615 304 658 tram‚
328 609 534 651 adversus
557 622 685 662 quain
708 615 856 662 portae
879 610 999 650 inferi
1021 621 1107 650 non
1131 609 1448 662 praevalebunt.
1481 607 1754 649 Absolvimus
1777 612 1927 649 tenera

183 681 479 722 exhortatione
513 694 542 723 S.
576 680 889 732 Augustini.
923 693 1006 733 qua
1038 680 1276 721 donatistas
1300 690 1533 732 omnesque
1557 678 1611 719 ab
1633 677 1822 721 Ecclesia
1854 692 1925 722 ro-

183 752 551 792 mano-catholica
566 751 829 798 dissidentes.v
853 756 897 792 ut
920 751 972 792 ad
997 752 1112 792 illam
1134 751 1324 800 redeant,
1349 752 1497 792 invitat
1518 750 1562 790 in
1585 751 1750 801 psalmo
1775 755 1925 792 contra

182 829 348 875 partem
370 822 547 863 Donati:

302 892 464 942 Venite,
489 893 650 941 fratres.¹
674 894 707 934 si
730 894 866 941 vultis,
889 898 934 934 ut
957 894 1203 934 inseramini
1226 894 1268 934 in
1292 894 1386 935 vite.

303 964 433 1005 Dolor
455 969 530 1013 est,
553 976 649 1005 cum
671 977 748 1005 vos
770 965 963 1005 videmus
986 965 1206 1017 praecisos
1229 966 1288 1005 ita
1305 965 1465 1017 J'acere.

303 1033 533 1076 Numerate
554 1035 802 1077 sacerdotes
824 1035 890 1076 vel
913 1035 967 1076 ab
990 1036 1083 1088 ipsa
1104 1034 1219 1076 Petri
1241 1035 1357 1084 sede,

301 1105 351 1146 Et
372 1106 414 1146 in
437 1106 584 1147 ordine
606 1106 676 1147 illo
699 1111 880 1159 patrum,
904 1107 998 1159 quis
1021 1107 1088 1148 cui
1111 1107 1327 1155 successit,
1350 1106 1513 1147 videte:

301 1177 395 1229 Ipsa
418 1182 481 1217 est
503 1182 634 1230 petra.
658 1190 786 1231 quam
809 1190 895 1218 non
918 1178 1092 1218 vincunt
1115 1177 1326 1230 superbae
1351 1176 1583 1218 inferorum
1608 1181 1769 1229 portae.

303 1245 472 1297 Omnes,
497 1249 566 1301 qui
589 1248 780 1299 gaudetis
805 1249 856 1289 de
881 1261 998 1301 pace,
1021 1248 1148 1290 modo
1172 1260 1321 1289 verum
1340 1247 1541 1301 judicate.

930 1381 1080 1433 Pars
1120 1383 1180 1432 II.

680 1474 760 1517 DE
795 1473 1040 1518 ROMANO
1073 1472 1420 1517 PONTIFIGE.

301 1570 397 1612 328.
421 1567 532 1617 Quid
551 1567 599 1608 de
616 1573 807 1621 primatu
834 1569 887 1608 sit
908 1568 1140 1608 tenendum.
1158 1593 1214 1598 --
1229 1566 1374 1608 Mutuo
1399 1567 1564 1608 collatis
1586 1566 1740 1619 regulis
1760 1567 1805 1622 1),
1829 1567 1922 1619 qui-

182 1637 260 1679 bus
284 1638 494 1679 catholica
516 1637 716 1679 credendi
747 1638 1041 1691 sentiendique
1073 1638 1125 1679 de
1157 1639 1343 1690 primatu
1376 1638 1544 1679 romani
1574 1636 1785 1690 pontificis
1811 1638 1921 1678 ratio

182 1708 388 1756 definitur,
411 1709 657 1762 colligimus,
680 1722 851 1751 omnem
874 1710 1115 1750 doctrinam
1137 1709 1254 1750 hisce
1277 1708 1487 1761 capitibus
1511 1708 1696 1749 absolvi:

305 1780 342 1824 1.
365 1781 548 1822 voluisse
564 1779 790 1831 Christum,
813 1787 858 1822 ut
879 1786 1049 1834 praeter
1063 1781 1287 1833 episcopos
1302 1779 1622 1832 particularium
1647 1779 1925 1820 ecclesiarum

180 1856 367 1892 rectores
389 1864 500 1892 unus
522 1852 574 1892 sit
597 1864 647 1893 ex
670 1852 761 1902 illis,
785 1853 855 1905 qui
876 1852 1071 1893 universi
1096 1851 1216 1892 ovilis
1239 1851 1442 1892 dominici
1466 1855 1586 1902 gerat
1608 1862 1777 1898 curam;

295 1923 335 1966 2.
360 1923 542 1974 primum
565 1923 775 1975 ejusmodi
797 1928 1018 1976 pastorem
1041 1922 1171 1964 fuisse
1192 1922 1367 1963 Petrum
1393 1921 1648 1975 apostolum,
1672 1922 1740 1962 cui

296 1994 338 2036 3.
363 1994 449 2033 vita
472 1994 614 2035 functo
637 1995 707 2035 alii
728 1995 952 2036 debuerint
987 1994 1040 2035 ad
1073 1994 1492 2035 consummationem
1519 2004 1654 2045 usque
1676 1993 1808 2033 seculi
1830 2003 1930 2033 suc-

178 2063 348 2111 cedere-3
373 2069 498 2117 atque
521 2065 599 2106 hos
621 2077 893 2107 successores
916 2077 1009 2106 esse
1033 2066 1243 2106 antistites
1275 2076 1500 2112 romanos3
1523 2063 1699 2104 tandem

298 2135 341 2178 4.
367 2135 479 2176 Petri
501 2136 674 2189 ejusque
697 2148 995 2177 successorum
1017 2136 1247 2188 primatum
1272 2135 1498 2188 complecti
1519 2134 1825 2187 plenitudinem
1849 2146 1928 2186 po-

178 2207 354 2246 testatis.
396 2206 482 2247 Etsi
505 2219 606 2248 vero
630 2207 854 2248 consilium
876 2205 1031 2248 Christi
1054 2206 1272 2248 evidenter
1296 2206 1503 2257 colligitur
1526 2217 1578 2246 ex
1604 2206 1698 2257 ipsa
1718 2205 1929 2257 primatus

179 2277 453 2327 institutione,
476 2278 559 2318 alia
580 2279 746 2319 ratione
769 2278 869 2319 illud
883 2277 1200 2326 illustrabimus‚
1230 2289 1339 2330 quae
1364 2276 1488 2317 simul
1511 2277 1625 2317 viam
1648 2280 1813 2317 sternat
1838 2275 1930 2316 ani-

182 2360 382 2400 mumque
406 2349 610 2390 adversus
632 2350 862 2402 primatum
884 2361 971 2390 non
992 2352 1355 2401 praeoccupatum
1377 2347 1576 2399 disponat
1599 2346 1654 2388 ad
1677 2358 1729 2387 ea
1750 2358 1926 2399 promp=
1974 2340 1975 2343 ’

178 2417 260 2458 tius
282 2419 575 2470 perspicienda
607 2425 648 2460 et
679 2419 987 2473 amplectenda,
1031 2431 1141 2472 quae
1175 2431 1226 2460 ex
1258 2419 1409 2460 divinis
1441 2418 1572 2459 literis
1598 2417 1928 2470 traditionisque

180 2490 467 2530 monumentis
490 2503 566 2542 pro
591 2490 784 2532 doctrina
806 2490 1017 2531 catholica
1040 2489 1279 2531 afferemus.
1303 2488 1703 2530 Demonstrabimus
1725 2487 1925 2528 nimirum

327 2620 348 2654 ¹)
367 2618 532 2652 Potiores
550 2619 702 2663 regulae
721 2621 824 2653 sunt:
846 2618 1020 2653 Formula
1038 2620 1073 2654 H
1085 2630 1106 2653 o
1117 2631 1135 2652 1·
1148 2632 1182 2653 m
1195 2619 1234 2653 is
1243 2619 1266 2652 d
1277 2630 1298 2652 a
1311 2630 1329 2652 e
1348 2619 1529 2663 episcopis
1541 2617 1714 2656 Orientis,
1733 2616 1798 2660 qui
1814 2617 1928 2650 schis-

181 2670 291 2704 matis
305 2671 471 2704 acaciani
494 2672 693 2716 participes
717 2673 875 2712 fuerant,
901 2673 1133 2717 praescripta
1151 2673 1218 2713 (th.
1236 2673 1314 2713 7913
1344 2672 1373 2706 G
1386 2671 1534 2706 clasii
1562 2670 1730 2705 definitio
1761 2669 1802 2703 in
1827 2679 1926 2704 conc.

178 2737 194 2758 r
206 2734 225 2758 0
238 2736 275 2758 m
286 2735 342 2758 an
353 2736 373 2759 o
401 2736 432 2759 a.
460 2728 529 2761 496
542 2739 548 2763 ;
576 2725 818 2769 professiones
846 2726 930 2760 fidei
965 2727 1076 2761 Mich.
1105 2726 1133 2760 P
1144 2737 1165 2760 a
1180 2726 1193 2759 1
1205 2737 1225 2760 a
1237 2736 1256 2759 e
1267 2726 1343 2760 olo
1355 2726 1404 2770 gi
1430 2725 1520 2769 imp.
1554 2725 1595 2758 in
1627 2734 1728 2760 conc.
1759 2724 1927 2768 lugdu-

178 2791 203 2812 n
214 2789 233 2812 e
244 2791 266 2812 n
281 2778 320 2812 si
350 2779 394 2813 Il.
422 2778 549 2813 oblata
574 2779 677 2816 ibid..
705 2781 721 2813 t
732 2779 806 2813 rid
819 2790 837 2813 e
850 2792 871 2813 n
883 2780 957 2814 tin
969 2791 999 2820 a,
1029 2781 1059 2815 G
1069 2792 1086 2814 1·
1098 2789 1152 2824 eg
1162 2791 1182 2814 o
1195 2791 1212 2812 1·
1222 2779 1235 2813 i
1247 2779 1260 2813 i
1275 2778 1383 2825 lxiii.
1411 2779 1554 2824 graecis
1579 2777 1827 2822 praescripta,
1855 2777 1885 2812 U
1896 2789 1928 2811 r-

176 2833 201 2867 b
212 2843 233 2866 a
243 2833 290 2866 ni
316 2832 411 2868 VIH.
440 2834 477 2866 et
503 2833 530 2867 B
542 2842 561 2866 e
571 2843 596 2866 n
608 2843 626 2866 e
637 2832 660 2866 d
671 2833 682 2865 i
693 2843 712 2866 c
724 2833 764 2867 ti
790 2832 884 2866 XIV.
912 2833 1157 2867 orientalibus
1175 2833 1372 2877 proposita
1385 2846 1393 2870 ;
1421 2831 1658 2866 definitiones
1686 2830 1928 2865 conciliorum

178 2885 249 2920 lat
262 2896 280 2920 e
291 2897 308 2919 1·
319 2897 341 2919 a
351 2898 376 2919 n
387 2894 406 2918 e
416 2896 441 2918 n
452 2886 518 2918 sis
537 2885 596 2920 IV.
616 2896 694 2929 cap.
714 2891 753 2924 5;
773 2886 810 2919 fl
822 2897 842 2920 o
855 2898 871 2919 r
883 2897 901 2920 e
915 2898 938 2919 n
950 2887 965 2919 t
977 2886 988 2919 i
1000 2887 1048 2920 ni
1078 2886 1117 2919 in
1135 2886 1281 2920 decreto
1299 2885 1446 2919 unionis
1465 2895 1548 2918 cum
1566 2883 1708 2928 graecis
1745 2884 1794 2929 (n.
1813 2884 1925 2928 408⁸),

178 2940 224 2974 la,
234 2941 251 2973 tv
262 2949 281 2972 e
291 2951 309 2972 1·
320 2949 341 2972 a
352 2951 377 2973 n
388 2949 406 2972 e
418 2951 441 2972 n
453 2939 518 2972 sis
548 2938 593 2973 V.
630 2940 666 2972 et
700 2951 720 2972 v
732 2949 752 2972 a
763 2942 778 2972 t
790 2939 802 2972 i
814 2950 832 2971 c
843 2949 865 2972 a
876 2940 922 2972 ni
959 2950 1043 2973 sess.
1062 2944 1102 2975 4:
1138 2938 1396 2973 damnationes
1423 2936 1723 2983 propositionum
1755 2935 1877 2971 editae
1904 2947 1926 2970 a

178 2994 221 3028 Jo
233 3004 255 3027 a
265 3005 290 3026 n
300 3005 326 3026 n
336 3003 355 3027 e
382 2991 505 3032 XXII„
532 2992 568 3026 M
580 3002 628 3025 ar
638 2991 712 3025 tin
724 3002 744 3025 o
762 2991 806 3026 V.
835 2992 872 3025 et
899 3002 999 3026 conc,
1028 2992 1293 3026 constantiensi
1320 2994 1448 3026 contra
1464 2990 1675 3024 Wicleffum
1708 2991 1745 3024 et
1760 2989 1875 3027 Huss;
1904 3001 1925 3024 a

179 3045 206 3079 L
217 3057 235 3080 e
247 3056 267 3079 o
279 3058 304 3079 n
316 3055 334 3079 e
352 3045 394 3081 X.
414 3046 542 3079 contra
558 3045 770 3084 Lutheruxu,
789 3046 827 3079 et
853 3044 936 3079 Pio
956 3045 1016 3079 VI.
1043 3046 1171 3079 contra
1194 3044 1373 3089 synodum
1389 3043 1645 3089 pistoriensem
1666 3044 1747 3084 etc„
1769 3054 1859 3087 quas
1873 3052 1926 3076 re-

178 3099 296 3144 peries
316 3109 372 3141 ap.
393 3098 423 3132 D
436 3108 454 3132 e
465 3110 489 3132 n
501 3110 517 3131 z
529 3098 576 3130 in
587 3110 612 3143 g
623 3107 642 3132 e
652 3110 669 3131 1·
689 3096 929 3131 Euchiridion
947 3098 1202 3142 symbolorum
1221 3098 1258 3131 et
1277 3097 1545 3131 definitionum.
