2175 3382
352 107 640 151 Exceptionibus
657 108 785 141 contra
802 105 1109 140 infallibilitatem
1126 115 1217 139 rom.
1234 106 1422 149 pontificis
1440 105 1692 150 respondetur.
1803 108 1895 150 445

159 229 428 268 ecclesiarum:
462 229 532 266 tali
562 229 665 266 enim
696 240 856 266 assensu
886 230 1106 276 exspectato
1127 229 1250 276 janua
1271 227 1491 275 aperiretur
1512 227 1751 275 pervicaciae
1774 239 1893 264 nova-

158 291 300 334 torum,
332 288 401 337 qui
431 301 631 336 nunquam
664 287 904 325 sufficienter
935 287 1143 335 probatum
1164 288 1233 323 aut
1255 286 1507 323 manifestum
1531 285 1812 323 contenderent
1834 298 1896 323 ec-

158 347 362 385 clesiarum
382 347 486 396 ipsos
508 346 827 384 condemnatium
840 358 1006 390 sensum,
1022 347 1069 382 ut
1081 345 1237 382 funesta
1258 345 1408 392 saepius
1424 345 1600 382 constitit
1612 344 1893 393 experientia<

159 406 296 454 Neque
317 406 537 443 timendum
559 407 628 450 est,
651 417 744 442 rom.
766 404 987 454 pontificem
1009 416 1122 452 posse
1145 404 1294 452 aliquid
1317 403 1489 447 definire,
1519 404 1623 451 quod
1647 404 1817 440 alienum
1841 404 1895 440 sit

159 479 182 502 a
211 477 326 502 sensu
347 464 540 502 Ecclesiae
571 467 610 501 et
640 466 752 501 coetu
783 464 1066 512 episcoporum,
1100 464 1193 500 tunc
1215 463 1320 499 enim
1343 472 1384 502 a.
1409 475 1487 499 non
1509 463 1678 510 amplius
1701 464 1800 499 esset
1822 462 1893 499 Ec-

160 524 299 562 clesiae
320 526 447 572 caput.
469 523 529 560 Ad
551 523 644 560 haec
665 521 712 563 b.
737 522 906 571 Spiritus
929 534 958 559 s.
981 521 1133 568 efficiet,
1156 524 1203 558 ut
1225 524 1265 558 et
1285 522 1555 570 episcoporum
1578 523 1711 558 coetus
1733 533 1893 558 romano

159 582 334 632 pontifici
363 582 517 620 unitate
547 582 637 619 fidei
665 582 717 619 sit
741 582 969 630 conjunctus
994 582 1034 618 et
1054 580 1117 618 hic
1139 581 1299 618 definiat
1321 580 1372 626 id,
1407 580 1512 628 quod
1534 580 1576 616 in
1598 580 1791 617 Ecclesiae
1813 582 1894 616 tra-

161 641 310 679 ditione
341 640 577 686 continetur,
610 640 788 689 quamvis
819 652 863 677 ea
893 640 934 677 in
956 639 1158 677 nonnullis
1181 639 1353 677 ecclesiis
1375 638 1681 687 particularibus
1704 639 1802 675 sorte
1827 638 1896 675 ob-

162 702 317 738 scurata
337 699 458 737 fuerit
480 696 532 752 (n.
560 706 638 739 149
659 697 702 751 3).
735 698 860 743 Quare
883 709 925 739 (3.
950 711 994 736 ex
1026 698 1220 747 pontificis
1243 698 1472 736 definitione
1493 698 1608 735 nobis
1632 697 1826 734 constabit
1848 697 1895 733 de

161 759 431 808 episcoporum
444 770 644 796 consensu.
667 758 770 796 Hinc
783 756 829 798 (l.
843 758 1171 807 propositionem:
1195 758 1373 795 Pontifex
1396 769 1413 794 s
1425 769 1445 794 0
1457 770 1478 794 0
1490 770 1509 794 r
1521 757 1608 794 sim
1632 757 1678 793 ab
1702 756 1897 804 episcopis

161 819 221 856 est
241 817 472 861 infallibilis,
495 818 551 855 ita
572 817 791 867 distingue:
822 817 864 854 in
887 817 1021 855 ordine
1053 817 1372 866 ontologico‚
1400 829 1521 866 nego:
1554 818 1650 853 tunc
1672 815 1776 852 enim
1798 827 1895 863 pon-

160 876 256 914 tifex
277 880 379 914 esset
400 889 528 924 neque
551 878 678 925 caput,
701 889 828 925 neque
842 876 986 924 primas
1001 876 1214 920 Ecclesiae;
1237 876 1280 912 in
1294 875 1430 913 ordine
1451 876 1498 912 lo
1511 875 1592 925 gic
1605 887 1647 920 o,
1672 886 1787 918 00110,
1813 873 1898 910 scil.

160 935 359 985 pontificis
382 935 554 973 definitio
585 938 646 973 est
672 935 905 981 infallibilis,
937 936 1056 973 etiam
1078 935 1109 972 si
1131 947 1211 972 non
1233 935 1490 984 cognoscatur
1513 934 1783 982 episcoporum
1805 945 1895 970 0011-
2072 931 2104 979 0ss
2131 956 2135 959 -

164 1006 308 1032 sensus.
352 994 404 1032 Of.
427 995 610 1032 Gasser
632 995 787 1044 egregie
819 995 1075 1032 disserentem
1105 994 1211 1043 apud
1233 993 1558 1032 Granderath
1589 1006 1625 1042 p.
1652 999 1672 1032 2
1700 1004 1834 1029 comm.
1860 997 1900 1035 8,
1982 1029 2006 1061 A
2048 997 2123 1029 1

283 1083 378 1118 425.
401 1074 634 1119 Scholion
656 1075 725 1118 II.
757 1078 1052 1126 Exceptionibns
1073 1078 1220 1125 satisfit.
1242 1100 1300 1105 —
1321 1078 1506 1115 Fatemur
1527 1077 1654 1114 multa
1676 1077 1811 1112 contra
1833 1087 1895 1111 ro-
1952 1064 2074 1123 7¹2³}
2092 1118 2095 1123 y
2127 1098 2153 1116 a

163 1136 270 1174 mani
300 1136 494 1185 pontificis
515 1136 841 1174 infallibilitatem
863 1137 910 1174 ab
942 1136 1173 1174 adversariis
1196 1136 1327 1185 objici,
1357 1136 1423 1173 sed
1445 1136 1641 1185 quodnam
1663 1137 1724 1171 est
1745 1133 1896 1182 dogma,
1952 1124 1998 1168 «Γ
2072 1139 2073 1143 ’

165 1195 227 1233 0111
248 1207 328 1232 11011
348 1196 474 1233 multa
495 1196 691 1234 adversari
713 1196 925 1233 dicantur?
947 1197 1065 1244 atque
1087 1195 1192 1232 haud
1212 1196 1327 1244 pauci
1349 1198 1442 1233 sunt
1464 1195 1554 1232 fidei
1576 1193 1787 1231 catholicae
1802 1192 1907 1229 arti-.

164 1254 256 1300 culi,
278 1256 413 1292 contra
443 1267 538 1303 quos
568 1255 669 1292 forte
690 1256 824 1303 plures
846 1254 963 1292 etiam
985 1254 1258 1304 gravioresque
1281 1255 1423 1303 opponi
1454 1254 1621 1303 possunt
1642 1252 1896 1300 exceptiones,

165 1313 310 1362 quibus
331 1321 463 1351 tamen
484 1326 562 1351 non
584 1314 833 1352 obstantibus
860 1313 1091 1351 inconcusse
1113 1327 1135 1350 a
1156 1314 1294 1362 quovis
1317 1313 1531 1351 creduntur
1553 1312 1752 1350 catholico.
1797 1310 1899 1376 Quot

164 1372 391 1410 testimonia
421 1375 480 1410 sat
501 1373 669 1421 implexa
698 1375 737 1410 et
763 1372 938 1410 difficilia
960 1372 1178 1410 afferuntur
1200 1386 1222 1410 a
1244 1373 1453 1410 socinianis
1477 1374 1610 1410 contra
1633 1369 1862 1417 Chiist'
1915 1372 2000 1398 ‘W'
1987 1360 2055 1382 m
1961 1347 2175 1447 ff

164 1432 330 1469 nitatem
359 1444 379 1468 0
409 1437 566 1480 patrum
597 1432 940 1470 antenicaenorum
969 1432 1161 1481 operibus,
1194 1432 1271 1469 imo
1303 1444 1347 1468 ex
1379 1432 1474 1481 ipsis
1509 1431 1652 1468 divinis
1674 1429 1828 1466 liter‘is?
1861 1421 1954 1484 et¹

165 1492 296 1528 tamen
324 1491 407 1539 ejus
447 1490 634 1528 divinitas
661 1493 738 1528 stat
759 1491 998 1528 inconcussa.
1042 1491 1145 1535 Quot
1166 1494 1308 1540 patres,
1332 1490 1410 1527 imo
1433 1490 1594 1528 concilia
1615 1488 1811 1527 adversari
1841 1487 1899 1524 vi-

167 1549 310 1587 dentur
331 1550 468 1587 canoni
500 1563 528 1587 s.
552 1550 775 1599 Scripturae
797 1550 973 1587 Tridenti
993 1550 1223 1599 proposito?
1255 1552 1294 1587 et
1314 1552 1447 1587 tamen
1468 1550 1583 1587 unice
1604 1548 1806 1598 legitimus
1828 1549 1899 1586 est.

167 1608 366 1646 Adversus
381 1609 522 1658 dogma
544 1609 590 1646 de
613 1609 845 1647 eucharistia
867 1612 964 1657 quot
985 1622 1091 1646 arma
1112 1610 1305 1658 petuntur
1327 1609 1408 1646 sive
1430 1622 1450 1646 e
1468 1608 1713 1657 quorundam
1743 1608 1900 1655 patrum

169 1667 325 1716 scriptis
347 1667 429 1705 sive
451 1680 471 1704 e
492 1668 655 1706 rationis
677 1670 809 1717 penu?
832 1670 871 1705 et
892 1668 1157 1706 niholominus
1180 1681 1224 1705 ea
1245 1670 1305 1705 est
1320 1680 1412 1705 vera
1434 1667 1788 1714 substantialisque
1811 1676 1902 1701 caro

169 1726 382 1764 Salvatoris
411 1727 548 1764 nostri.
591 1727 735 1764 Mirum
765 1740 856 1776 ergo
887 1739 968 1764 esse
1000 1740 1078 1764 non
1101 1727 1227 1773 debet,
1261 1727 1294 1764 si
1317 1740 1386 1775 pro
1410 1728 1600 1775 cujusque
1621 1724 1816 1775 dogmatis
1838 1735 1898 1760 ca-

167 1785 304 1823 tholici
327 1786 549 1823 conditione
570 1799 641 1823 nec
661 1786 758 1823 fides
782 1787 828 1823 de
858 1787 1009 1823 romani
1030 1786 1227 1835 pontificis
1248 1786 1530 1823 infallibilitate
1552 1799 1573 1822 a
1595 1783 1901 1822 difficultatibus

167 1844 219 1881 sit
238 1844 445 1888 immunis3
470 1857 568 1893 quae
590 1845 854 1891 difficultates,
879 1845 974 1882 dum
995 1848 1141 1895 augent
1154 1845 1342 1882 meritum
1356 1845 1454 1889 fidei,
1479 1844 1674 1894 dogmatis
1690 1843 1899 1880 falsitatem

168 1916 369 1951 nunquam
401 1904 592 1942 evincent.
636 1905 714 1941 Deo
746 1906 878 1941 tamen
909 1904 1057 1953 gratiae
1090 1906 1183 1942 sunt
1211 1904 1392 1954 agendae,
1425 1904 1530 1952 quod
1551 1904 1643 1940 illae
1665 1903 1779 1951 longe
1801 1913 1900 1949 pau-

1970 1492 1992 1503 „-

168 1962 288 2000 ciores
319 1964 358 1999 et
387 1963 556 2000 minores
589 1963 680 2009 sint,
713 1976 830 2012 quam
861 1966 995 2000 contra
1016 1964 1132 2012 plura
1153 1964 1228 2000 alia
1250 1963 1431 2012 dogmata
1453 1963 1648 2000 catholica.
1693 1962 1788 1999 Cum
1808 1971 1902 1997 vero

167 2021 385 2070 praecipua,
418 2034 516 2070 quae
539 2024 674 2059 contra
694 2022 910 2059 vaticanam
937 2022 1061 2071 excipi
1081 2023 1233 2071 possint
1255 2022 1532 2067 definitionem,
1560 2022 1643 2070 jam
1664 2021 1701 2057 in
1727 2022 1899 2056 anteces-

169 2092 254 2117 sum
276 2080 476 2130 collegerit
506 2081 683 2118 Dollin
693 2094 779 2130 ger
797 2078 839 2133 1),
872 2081 1041 2119 sufficiet
1072 2081 1300 2131 expendisse
1327 2083 1488 2130 potiora,
1520 2081 1568 2118 iis
1598 2077 1901 2128 praetermissis,

171 2151 269 2187 quae
285 2140 367 2188 jam
390 2152 433 2177 ex
457 2140 571 2177 dictis
603 2140 839 2177 solutionem
862 2141 1016 2180 habent.

288 2215 383 2249 426.
409 2207 447 2250 1.
469 2210 599 2248 Jactat
630 2223 674 2248 ex
705 2211 862 2248 ecclesia
898 2212 1149 2249 orientali
1179 2211 1375 2248 neminem
1398 2210 1592 2259 pontificis
1614 2208 1817 2262 agnovisse
1839 2207 1899 2243 in-

168 2267 464 2306 fallibilitatem.
506 2270 559 2306 At
590 2270 798 2307 orientales
821 2272 932 2307 erant
953 2270 1133 2319 episcopi,
1157 2271 1225 2318 qui
1247 2270 1566 2318 subscripserunt
1586 2268 1777 2305 formulae
1799 2266 1900 2303 Hor-

169 2326 314 2364 misdae
338 2324 390 2379 (n.
415 2334 496 2368 408
519 2326 568 2380 1);
592 2329 799 2366 orientales
821 2329 1116 2367 Theodorus
1139 2329 1296 2366 Studita
1318 2328 1368 2378 (p.
1394 2328 1508 2377 439),
1539 2327 1782 2365 Maximus
1809 2337 1899 2362 con-

169 2385 305 2435 fessor,
331 2386 354 2423 S
367 2387 515 2436 ergiu
527 2399 544 2424 s
567 2387 781 2436 cypriensis
794 2385 848 2440 (p.
863 2388 974 2437 432),
1000 2389 1023 2425 S
1035 2390 1052 2425 t
1064 2400 1118 2436 ep
1130 2389 1262 2425 hanu
1274 2401 1290 2425 s
1312 2388 1487 2424 (lorensis
1504 2384 1555 2439 (p.
1576 2383 1677 2438 434)
1694 2388 1776 2429 etc.‚
1800 2395 1903 2432 quos

171 2456 288 2493 supra
317 2445 553 2483 audivimus.
596 2446 705 2490 Quod
736 2447 767 2483 si
799 2447 1019 2491 contendat,
1052 2459 1114 2485 eos
1147 2447 1290 2484 diserte
1312 2446 1410 2483 hanc
1431 2446 1666 2483 sententiam
1686 2457 1764 2482 non
1784 2443 1902 2488 tueri,

169 2504 406 2552 reponimus,
440 2504 615 2542 sufficere
648 2506 750 2553 quod
784 2506 1021 2553 aequival
1034 2508 1180 2543 enter
1210 2519 1291 2543 eam
1324 2505 1545 2542 enuncient.
1587 2505 1765 2542 Ceterum
1796 2502 1900 2539 haud

169 2562 257 2609 scio,
288 2575 385 2600 num
415 2576 518 2601 unus
549 2566 706 2612 patrum
741 2564 993 2601 orientalium
1016 2564 1158 2602 diserte
1190 2564 1382 2614 significet
1403 2564 1658 2602 conciliorum
1681 2561 1903 2599 oecumeni-

171 2633 300 2658 corum
320 2622 657 2667 infallibilitatem,
682 2635 780 2671 quae
803 2625 905 2660 certe
927 2623 1006 2661 illis
1028 2624 1148 2660 dubia
1168 2637 1246 2661 non
1267 2623 1355 2661 fuit.
1396 2623 1504 2661 Idem
1526 2622 1753 2672 reponimus
1776 2633 1898 2658 asser-

170 2679 269 2717 tioni
289 2681 437 2726 audaci,
461 2694 506 2718 ex
518 2682 692 2719 Ecclesia
713 2682 945 2719 occidentali
966 2682 1193 2720 testimonia
1214 2696 1291 2720 non
1313 2683 1441 2720 afferri
1454 2682 1626 2720 indubia.
1648 2681 1773 2718 Multa
1795 2679 1900 2716 enim

170 2739 281 2776 valde
302 2740 403 2777 clara
424 2740 700 2789 disputationis
722 2741 927 2778 attulimus
948 2754 1166 2791 progressu,

318 2866 341 2909 ¹)
356 2865 398 2898 ln
408 2865 471 2899 lib.
484 2865 742 2910 Erwagungen
753 2866 810 2900 fiir
822 2867 880 2900 die
891 2866 1060 2901 Bischofe
1072 2867 1133 2901 des
1146 2867 1372 2901 Conciliums
1392 2868 1481 2901 fiber
1499 2867 1557 2901 die
1566 2867 1680 2911 Frage
1700 2866 1763 2898 der
1773 2865 1898 2908 papst-

173 2917 294 2951 lichen
321 2917 613 2959 Unfehlbarkeit,
643 2919 830 2953 Monachii
860 2922 958 2955 1869.
994 2920 1198 2954 Adversum
1225 2931 1334 2963 quem
1363 2920 1407 2955 cf.
1435 2921 1624 2965 egregium
1643 2929 1763 2963 opusc.
1794 2918 1901 2951 Neue

171 2969 428 3015 Erwagungen
455 2971 545 3004 iiber
572 2972 630 3005 die
648 2972 761 3017 Frage
788 2972 852 3005 der
879 2973 1110 3016 papstliehen
1137 2973 1421 3007 Unfehlbarkeit
1449 2985 1514 3007 aus
1542 2974 1611 3007 den
1643 2971 1897 3005 anerkannten

170 3021 413 3109 llizistorbischen
424 3021 607 3112 Sclhriften
619 3023 829 3068 Dollingers
846 3024 1068 3058 urkundlich
1084 3025 1446 3069 zusammengestellt
1464 3027 1624 3071 (auctore
1647 3025 1668 3058 S
1678 3035 1694 3058 c
1704 3024 1727 3056 h
1736 3033 1753 3056 e
1764 3032 1782 3056 0
1791 3022 1813 3055 b
1823 3032 1840 3055 e
1850 3023 1901 3067 n),

205 3082 274 3108 atis
303 3085 394 3108 onae
413 3078 455 3109 18
481 3079 513 3113 Ο.
