<?xml version="1.0" encoding="UTF-8"?>
<!DOCTYPE html PUBLIC "-//W3C//DTD XHTML 1.0 Transitional//EN"
    "http://www.w3.org/TR/xhtml1/DTD/xhtml1-transitional.dtd">
<html xmlns="http://www.w3.org/1999/xhtml" xml:lang="en" lang="en">
 <head>
  <title>
</title>
<meta http-equiv="Content-Type" content="text/html;charset=utf-8" />
  <meta name='ocr-system' content='tesseract 3.04.00' />
  <meta name='ocr-capabilities' content='ocr_page ocr_carea ocr_par ocr_line ocrx_word'/>
</head>
<body>
  <div class='ocr_page' id='page_1' title='image "./theologiaedogmat01hurt/theologiaedogmat01hurt_0361.png"; bbox 0 0 2175 3382; ppageno 0'>
   <div class='ocr_carea' id='block_1_1' title="bbox 696 122 1915 172">
    <p class='ocr_par' dir='ltr' id='par_1_1' title="bbox 696 122 1915 172">
     <span class='ocr_line' id='line_1_1' title="bbox 696 122 1915 172; baseline 0.001 -16"><span class='ocrx_word' id='word_1_1' title='bbox 696 122 901 157; x_wconf 73' lang='lat' dir='ltr'>conservati</span> <span class='ocrx_word' id='word_1_2' title='bbox 919 123 1099 166; x_wconf 66' lang='lat' dir='ltr'>primatus</span> <span class='ocrx_word' id='word_1_3' title='bbox 1118 134 1227 166; x_wconf 86' lang='lat' dir='ltr'>quam</span> <span class='ocrx_word' id='word_1_4' title='bbox 1248 123 1393 157; x_wconf 87' lang='lat' dir='ltr'>mirum.</span> <span class='ocrx_word' id='word_1_5' title='bbox 1833 130 1915 172; x_wconf 78' lang='lat'>351</span> 
     </span>
    </p>
   </div>
   <div class='ocr_carea' id='block_1_2' title="bbox 183 240 1937 2349">
    <p class='ocr_par' dir='ltr' id='par_1_2' title="bbox 184 240 1922 437">
     <span class='ocr_line' id='line_1_2' title="bbox 185 240 1920 297; baseline -0.001 -11"><span class='ocrx_word' id='word_1_6' title='bbox 185 257 235 286; x_wconf 83' lang='lat' dir='ltr'>ex</span> <span class='ocrx_word' id='word_1_7' title='bbox 268 243 572 297; x_wconf 89' lang='lat' dir='ltr'>specialissimo</span> <span class='ocrx_word' id='word_1_8' title='bbox 595 241 671 282; x_wconf 88' lang='lat' dir='ltr'>Dei</span> <span class='ocrx_word' id='word_1_9' title='bbox 702 243 952 282; x_wconf 88' lang='lat' dir='ltr'>interventu.</span> <span class='ocrx_word' id='word_1_10' title='bbox 995 240 1123 293; x_wconf 85' lang='lat' dir='ltr'><strong>Atqui</strong></span> <span class='ocrx_word' id='word_1_11' title='bbox 1155 240 1311 280; x_wconf 88' lang='lat' dir='ltr'>factum</span> <span class='ocrx_word' id='word_1_12' title='bbox 1344 244 1585 283; x_wconf 82' lang='lat' dir='ltr'>conservati</span> <span class='ocrx_word' id='word_1_13' title='bbox 1608 243 1770 284; x_wconf 87' lang='lat' dir='ltr'>tamdiu</span> <span class='ocrx_word' id='word_1_14' title='bbox 1792 249 1920 297; x_wconf 87' lang='lat' dir='ltr'>atque</span> 
     </span>
     <span class='ocr_line' id='line_1_3' title="bbox 184 311 1922 365; baseline -0.001 -8"><span class='ocrx_word' id='word_1_15' title='bbox 184 315 323 357; x_wconf 91' lang='lat' dir='ltr'>adhuc</span> <span class='ocrx_word' id='word_1_16' title='bbox 343 313 533 355; x_wconf 85' lang='lat' dir='ltr'>florentis</span> <span class='ocrx_word' id='word_1_17' title='bbox 556 313 680 353; x_wconf 90' lang='lat' dir='ltr'>unius</span> <span class='ocrx_word' id='word_1_18' title='bbox 701 312 885 364; x_wconf 90' lang='lat' dir='ltr'>pastoris</span> <span class='ocrx_word' id='word_1_19' title='bbox 907 311 1113 363; x_wconf 78' lang='lat' dir='ltr'>primatus</span> <span class='ocrx_word' id='word_1_20' title='bbox 1146 311 1187 350; x_wconf 89' lang='lat' dir='ltr'>in</span> <span class='ocrx_word' id='word_1_21' title='bbox 1210 311 1311 352; x_wconf 88' lang='lat' dir='ltr'>sede</span> <span class='ocrx_word' id='word_1_22' title='bbox 1334 324 1515 353; x_wconf 88' lang='lat' dir='ltr'>romana</span> <span class='ocrx_word' id='word_1_23' title='bbox 1538 313 1747 365; x_wconf 82' lang='lat' dir='ltr'>ejusmodi</span> <span class='ocrx_word' id='word_1_24' title='bbox 1770 319 1844 363; x_wconf 90' lang='lat' dir='ltr'>est,</span> <span class='ocrx_word' id='word_1_25' title='bbox 1876 321 1922 356; x_wconf 89' lang='lat' dir='ltr'>ut</span> 
     </span>
     <span class='ocr_line' id='line_1_4' title="bbox 184 381 1687 437; baseline -0.001 -11"><span class='ocrx_word' id='word_1_26' title='bbox 184 386 258 426; x_wconf 90' lang='lat' dir='ltr'>Dei</span> <span class='ocrx_word' id='word_1_27' title='bbox 280 385 411 437; x_wconf 89' lang='lat' dir='ltr'>ipsius</span> <span class='ocrx_word' id='word_1_28' title='bbox 434 388 638 436; x_wconf 86' lang='lat' dir='ltr'>exposcat</span> <span class='ocrx_word' id='word_1_29' title='bbox 659 382 888 435; x_wconf 83' lang='lat' dir='ltr'>specialem</span> <span class='ocrx_word' id='word_1_30' title='bbox 910 383 1207 424; x_wconf 76' lang='lat' dir='ltr'>interventum.</span> <span class='ocrx_word' id='word_1_31' title='bbox 1251 381 1553 424; x_wconf 86' lang='lat' dir='ltr'>Consideretur</span> <span class='ocrx_word' id='word_1_32' title='bbox 1575 385 1687 424; x_wconf 88' lang='lat' dir='ltr'>enim</span> 
     </span>
    </p>

    <p class='ocr_par' dir='ltr' id='par_1_3' title="bbox 183 452 1922 715">
     <span class='ocr_line' id='line_1_5' title="bbox 304 452 1920 507; baseline 0 -10"><span class='ocrx_word' id='word_1_33' title='bbox 304 457 344 498; x_wconf 93' lang='lat' dir='ltr'>l.</span> <span class='ocrx_word' id='word_1_34' title='bbox 369 454 557 507; x_wconf 85' lang='lat' dir='ltr'>ejusdem</span> <span class='ocrx_word' id='word_1_35' title='bbox 581 453 881 503; x_wconf 87' lang='lat' dir='ltr'>chronologica</span> <span class='ocrx_word' id='word_1_36' title='bbox 905 457 967 493; x_wconf 89' lang='lat' dir='ltr'>tot</span> <span class='ocrx_word' id='word_1_37' title='bbox 985 453 1075 504; x_wconf 84' lang='lat' dir='ltr'>jam</span> <span class='ocrx_word' id='word_1_38' title='bbox 1098 452 1339 493; x_wconf 90' lang='lat' dir='ltr'>seculorum</span> <span class='ocrx_word' id='word_1_39' title='bbox 1362 453 1581 494; x_wconf 89' lang='lat' dir='ltr'>duratio</span> <span class='ocrx_word' id='word_1_40' title='bbox 1607 455 1767 507; x_wconf 82' lang='lat' dir='ltr'>absque</span> <span class='ocrx_word' id='word_1_41' title='bbox 1790 457 1920 497; x_wconf 87' lang='lat' dir='ltr'>inter-</span> 
     </span>
     <span class='ocr_line' id='line_1_6' title="bbox 183 523 1922 579; baseline 0 -12"><span class='ocrx_word' id='word_1_42' title='bbox 183 527 392 579; x_wconf 77' lang='lat' dir='ltr'>ruptione,</span> <span class='ocrx_word' id='word_1_43' title='bbox 414 537 524 578; x_wconf 90' lang='lat' dir='ltr'>quae</span> <span class='ocrx_word' id='word_1_44' title='bbox 548 536 598 565; x_wconf 91' lang='lat' dir='ltr'>eo</span> <span class='ocrx_word' id='word_1_45' title='bbox 622 524 757 575; x_wconf 88' lang='lat' dir='ltr'>magis</span> <span class='ocrx_word' id='word_1_46' title='bbox 780 523 975 564; x_wconf 87' lang='lat' dir='ltr'>miranda</span> <span class='ocrx_word' id='word_1_47' title='bbox 1000 529 1074 565; x_wconf 88' lang='lat' dir='ltr'>est.</span> <span class='ocrx_word' id='word_1_48' title='bbox 1098 524 1211 576; x_wconf 93' lang='lat' dir='ltr'>quod</span> <span class='ocrx_word' id='word_1_49' title='bbox 1235 524 1437 576; x_wconf 85' lang='lat' dir='ltr'>primates</span> <span class='ocrx_word' id='word_1_50' title='bbox 1460 537 1546 565; x_wconf 89' lang='lat' dir='ltr'>non</span> <span class='ocrx_word' id='word_1_51' title='bbox 1569 531 1815 574; x_wconf 74' lang='lat' dir='ltr'>nascuntur,</span> <span class='ocrx_word' id='word_1_52' title='bbox 1847 527 1922 568; x_wconf 92' lang='lat' dir='ltr'>sed</span> 
     </span>
     <span class='ocr_line' id='line_1_7' title="bbox 184 594 1922 649; baseline -0.001 -11"><span class='ocrx_word' id='word_1_53' title='bbox 184 598 413 649; x_wconf 88' lang='lat' dir='ltr'>eliguntur:</span> <span class='ocrx_word' id='word_1_54' title='bbox 444 596 515 637; x_wconf 91' lang='lat' dir='ltr'>ubi</span> <span class='ocrx_word' id='word_1_55' title='bbox 548 600 691 636; x_wconf 88' lang='lat' dir='ltr'>autem</span> <span class='ocrx_word' id='word_1_56' title='bbox 715 595 877 642; x_wconf 79' lang='lat' dir='ltr'>electio,</span> <span class='ocrx_word' id='word_1_57' title='bbox 910 594 967 634; x_wconf 89' lang='lat' dir='ltr'>ibi</span> <span class='ocrx_word' id='word_1_58' title='bbox 998 594 1122 646; x_wconf 89' lang='lat' dir='ltr'>longe</span> <span class='ocrx_word' id='word_1_59' title='bbox 1145 594 1308 635; x_wconf 78' lang='lat' dir='ltr'>facilius</span> <span class='ocrx_word' id='word_1_60' title='bbox 1332 596 1502 635; x_wconf 80' lang='lat' dir='ltr'>occasio</span> <span class='ocrx_word' id='word_1_61' title='bbox 1526 595 1755 647; x_wconf 83' lang='lat' dir='ltr'>praebetur</span> <span class='ocrx_word' id='word_1_62' title='bbox 1777 596 1922 638; x_wconf 87' lang='lat' dir='ltr'>turbis.</span> 
     </span>
     <span class='ocr_line' id='line_1_8' title="bbox 186 662 1154 715; baseline -0.004 -7"><span class='ocrx_word' id='word_1_63' title='bbox 186 666 449 715; x_wconf 70' lang='lat' dir='ltr'>factionibus,</span> <span class='ocrx_word' id='word_1_64' title='bbox 473 666 558 706; x_wconf 88' lang='lat' dir='ltr'>imo</span> <span class='ocrx_word' id='word_1_65' title='bbox 583 670 625 706; x_wconf 89' lang='lat' dir='ltr'>et</span> <span class='ocrx_word' id='word_1_66' title='bbox 646 665 805 706; x_wconf 88' lang='lat' dir='ltr'>ruinae.</span> <span class='ocrx_word' id='word_1_67' title='bbox 850 662 1154 705; x_wconf 88' lang='lat' dir='ltr'>Consideretur</span> 
     </span>
    </p>

    <p class='ocr_par' dir='ltr' id='par_1_4' title="bbox 183 735 1924 860">
     <span class='ocr_line' id='line_1_9' title="bbox 301 735 1924 787; baseline -0.002 -8"><span class='ocrx_word' id='word_1_68' title='bbox 301 738 344 779; x_wconf 71' lang='lat'>2.</span> <span class='ocrx_word' id='word_1_69' title='bbox 369 736 706 787; x_wconf 88' lang='lat' dir='ltr'>chorographica</span> <span class='ocrx_word' id='word_1_70' title='bbox 729 735 1033 787; x_wconf 83' lang='lat' dir='ltr'>amplitudo</span> <span class='ocrx_word' id='word_1_71' title='bbox 1058 747 1133 787; x_wconf 86' lang='lat' dir='ltr'>per</span> <span class='ocrx_word' id='word_1_72' title='bbox 1150 740 1213 776; x_wconf 89' lang='lat' dir='ltr'>tot</span> <span class='ocrx_word' id='word_1_73' title='bbox 1235 736 1441 787; x_wconf 76' lang='lat' dir='ltr'>regiones,</span> <span class='ocrx_word' id='word_1_74' title='bbox 1466 736 1566 776; x_wconf 91' lang='lat' dir='ltr'>dum</span> <span class='ocrx_word' id='word_1_75' title='bbox 1581 735 1734 776; x_wconf 87' lang='lat' dir='ltr'>nullius</span> <span class='ocrx_word' id='word_1_76' title='bbox 1751 736 1924 777; x_wconf 86' lang='lat' dir='ltr'>alterius</span> 
     </span>
     <span class='ocr_line' id='line_1_10' title="bbox 183 806 1781 860; baseline -0.001 -12"><span class='ocrx_word' id='word_1_77' title='bbox 183 808 389 860; x_wconf 83' lang='lat' dir='ltr'>primatus</span> <span class='ocrx_word' id='word_1_78' title='bbox 406 806 644 859; x_wconf 84' lang='lat' dir='ltr'>jurisdictio</span> <span class='ocrx_word' id='word_1_79' title='bbox 667 806 778 847; x_wconf 88' lang='lat' dir='ltr'>ultra</span> <span class='ocrx_word' id='word_1_80' title='bbox 799 807 929 858; x_wconf 90' lang='lat' dir='ltr'>regni,</span> <span class='ocrx_word' id='word_1_81' title='bbox 952 807 994 846; x_wconf 91' lang='lat' dir='ltr'>in</span> <span class='ocrx_word' id='word_1_82' title='bbox 1017 818 1100 858; x_wconf 90' lang='lat' dir='ltr'>quo</span> <span class='ocrx_word' id='word_1_83' title='bbox 1125 813 1327 856; x_wconf 89' lang='lat' dir='ltr'>moratur,</span> <span class='ocrx_word' id='word_1_84' title='bbox 1350 806 1504 847; x_wconf 89' lang='lat' dir='ltr'>limites</span> <span class='ocrx_word' id='word_1_85' title='bbox 1527 819 1572 847; x_wconf 92' lang='lat' dir='ltr'>se</span> <span class='ocrx_word' id='word_1_86' title='bbox 1596 807 1781 859; x_wconf 87' lang='lat' dir='ltr'>porrigit.</span> 
     </span>
    </p>

    <p class='ocr_par' dir='ltr' id='par_1_5' title="bbox 185 876 1937 1284">
     <span class='ocr_line' id='line_1_11' title="bbox 304 876 1923 930; baseline -0.002 -10"><span class='ocrx_word' id='word_1_87' title='bbox 304 879 347 921; x_wconf 80' lang='lat'>3.</span> <span class='ocrx_word' id='word_1_88' title='bbox 371 876 674 918; x_wconf 88' lang='lat' dir='ltr'>Consideretur</span> <span class='ocrx_word' id='word_1_89' title='bbox 688 877 911 917; x_wconf 88' lang='lat' dir='ltr'>character</span> <span class='ocrx_word' id='word_1_90' title='bbox 932 876 1020 917; x_wconf 91' lang='lat' dir='ltr'>bio</span> <span class='ocrx_word' id='word_1_91' title='bbox 1033 890 1087 928; x_wconf 86' lang='lat' dir='ltr'>gr</span> <span class='ocrx_word' id='word_1_92' title='bbox 1100 889 1124 917; x_wconf 87' lang='lat' dir='ltr'>a</span> <span class='ocrx_word' id='word_1_93' title='bbox 1138 890 1162 929; x_wconf 91' lang='lat' dir='ltr'>p</span> <span class='ocrx_word' id='word_1_94' title='bbox 1175 877 1299 918; x_wconf 90' lang='lat' dir='ltr'>hicu</span> <span class='ocrx_word' id='word_1_95' title='bbox 1312 890 1331 917; x_wconf 89' lang='lat' dir='ltr'>s</span> <span class='ocrx_word' id='word_1_96' title='bbox 1355 882 1397 918; x_wconf 92' lang='lat' dir='ltr'>et</span> <span class='ocrx_word' id='word_1_97' title='bbox 1417 878 1643 918; x_wconf 88' lang='lat' dir='ltr'>historicus</span> <span class='ocrx_word' id='word_1_98' title='bbox 1667 889 1829 926; x_wconf 88' lang='lat' dir='ltr'>eorum,</span> <span class='ocrx_word' id='word_1_99' title='bbox 1852 878 1923 930; x_wconf 93' lang='lat' dir='ltr'>qui</span> 
     </span>
     <span class='ocr_line' id='line_1_12' title="bbox 185 945 1922 1002; baseline -0.001 -12"><span class='ocrx_word' id='word_1_100' title='bbox 185 950 390 1002; x_wconf 87' lang='lat' dir='ltr'>primatus</span> <span class='ocrx_word' id='word_1_101' title='bbox 412 948 711 1000; x_wconf 86' lang='lat' dir='ltr'>praerogativa</span> <span class='ocrx_word' id='word_1_102' title='bbox 732 945 849 988; x_wconf 88' lang='lat' dir='ltr'>fuere</span> <span class='ocrx_word' id='word_1_103' title='bbox 872 948 1067 998; x_wconf 84' lang='lat' dir='ltr'>insignes.</span> <span class='ocrx_word' id='word_1_104' title='bbox 1113 947 1225 998; x_wconf 86' lang='lat' dir='ltr'>Quot</span> <span class='ocrx_word' id='word_1_105' title='bbox 1247 948 1360 988; x_wconf 91' lang='lat' dir='ltr'>enim</span> <span class='ocrx_word' id='word_1_106' title='bbox 1382 948 1637 989; x_wconf 79' lang='lat' dir='ltr'>refulserunt</span> <span class='ocrx_word' id='word_1_107' title='bbox 1669 949 1807 989; x_wconf 90' lang='lat' dir='ltr'>omnis</span> <span class='ocrx_word' id='word_1_108' title='bbox 1838 949 1922 988; x_wconf 84' lang='lat' dir='ltr'>vir-</span> 
     </span>
     <span class='ocr_line' id='line_1_13' title="bbox 186 1018 1937 1072; baseline -0.001 -12"><span class='ocrx_word' id='word_1_109' title='bbox 186 1020 286 1061; x_wconf 87' lang='lat' dir='ltr'>tutis</span> <span class='ocrx_word' id='word_1_110' title='bbox 309 1019 544 1072; x_wconf 76' lang='lat' dir='ltr'>splendore,</span> <span class='ocrx_word' id='word_1_111' title='bbox 578 1018 794 1070; x_wconf 82' lang='lat' dir='ltr'>martyrio,</span> <span class='ocrx_word' id='word_1_112' title='bbox 826 1018 1004 1059; x_wconf 85' lang='lat' dir='ltr'>scientia</span> <span class='ocrx_word' id='word_1_113' title='bbox 1026 1019 1192 1067; x_wconf 80' lang='lat' dir='ltr'>eximia,</span> <span class='ocrx_word' id='word_1_114' title='bbox 1220 1019 1461 1060; x_wconf 91' lang='lat' dir='ltr'>animarum</span> <span class='ocrx_word' id='word_1_115' title='bbox 1483 1019 1573 1059; x_wconf 86' lang='lat' dir='ltr'>zelo</span> <span class='ocrx_word' id='word_1_116' title='bbox 1598 1024 1640 1060; x_wconf 93' lang='lat' dir='ltr'>et</span> <span class='ocrx_word' id='word_1_117' title='bbox 1661 1019 1800 1060; x_wconf 90' lang='lat' dir='ltr'>studio</span> <span class='ocrx_word' id='word_1_118' title='bbox 1826 1031 1937 1071; x_wconf 81' lang='lat' dir='ltr'>pro-¹</span> 
     </span>
     <span class='ocr_line' id='line_1_14' title="bbox 185 1089 1924 1143; baseline 0 -12"><span class='ocrx_word' id='word_1_119' title='bbox 185 1090 407 1143; x_wconf 90' lang='lat' dir='ltr'>pagandae</span> <span class='ocrx_word' id='word_1_120' title='bbox 421 1089 635 1142; x_wconf 86' lang='lat' dir='ltr'>religionis</span> <span class='ocrx_word' id='word_1_121' title='bbox 650 1089 919 1137; x_wconf 77' lang='lat' dir='ltr'>christianae,</span> <span class='ocrx_word' id='word_1_122' title='bbox 935 1090 1064 1130; x_wconf 90' lang='lat' dir='ltr'>animi</span> <span class='ocrx_word' id='word_1_123' title='bbox 1080 1089 1400 1141; x_wconf 78' lang='lat' dir='ltr'>magnitudine?</span> <span class='ocrx_word' id='word_1_124' title='bbox 1416 1095 1534 1130; x_wconf 88' lang='lat' dir='ltr'>tanto</span> <span class='ocrx_word' id='word_1_125' title='bbox 1551 1089 1719 1131; x_wconf 89' lang='lat' dir='ltr'>fuerunt</span> <span class='ocrx_word' id='word_1_126' title='bbox 1732 1101 1924 1132; x_wconf 76' lang='lat' dir='ltr'>numero,</span> 
     </span>
     <span class='ocr_line' id='line_1_15' title="bbox 187 1159 1920 1214; baseline 0.002 -13"><span class='ocrx_word' id='word_1_127' title='bbox 187 1166 345 1214; x_wconf 88' lang='lat' dir='ltr'>quanto</span> <span class='ocrx_word' id='word_1_128' title='bbox 376 1161 418 1201; x_wconf 89' lang='lat' dir='ltr'>in</span> <span class='ocrx_word' id='word_1_129' title='bbox 452 1160 566 1201; x_wconf 87' lang='lat' dir='ltr'>nulla</span> <span class='ocrx_word' id='word_1_130' title='bbox 598 1160 682 1201; x_wconf 88' lang='lat' dir='ltr'>alia</span> <span class='ocrx_word' id='word_1_131' title='bbox 715 1161 827 1209; x_wconf 88' lang='lat' dir='ltr'>sede,</span> <span class='ocrx_word' id='word_1_132' title='bbox 861 1161 1054 1209; x_wconf 73' lang='lat' dir='ltr'>ecclesia,</span> <span class='ocrx_word' id='word_1_133' title='bbox 1084 1173 1227 1213; x_wconf 88' lang='lat' dir='ltr'>regno.</span> <span class='ocrx_word' id='word_1_134' title='bbox 1270 1159 1558 1201; x_wconf 84' lang='lat' dir='ltr'>Numerantur</span> <span class='ocrx_word' id='word_1_135' title='bbox 1585 1161 1698 1201; x_wconf 87' lang='lat' dir='ltr'>enirn</span> <span class='ocrx_word' id='word_1_136' title='bbox 1731 1161 1845 1201; x_wconf 88' lang='lat' dir='ltr'>circa</span> <span class='ocrx_word' id='word_1_137' title='bbox 1870 1164 1920 1204; x_wconf 71' lang='lat'>77</span> 
     </span>
     <span class='ocr_line' id='line_1_16' title="bbox 186 1231 950 1284; baseline 0 -12"><span class='ocrx_word' id='word_1_138' title='bbox 186 1231 406 1284; x_wconf 89' lang='lat' dir='ltr'>pontifices</span> <span class='ocrx_word' id='word_1_139' title='bbox 428 1232 565 1272; x_wconf 90' lang='lat' dir='ltr'>sancti</span> <span class='ocrx_word' id='word_1_140' title='bbox 587 1236 629 1272; x_wconf 88' lang='lat' dir='ltr'>et</span> <span class='ocrx_word' id='word_1_141' title='bbox 651 1236 860 1284; x_wconf 78' lang='lat' dir='ltr'>martyres</span> <span class='ocrx_word' id='word_1_142' title='bbox 884 1235 950 1276; x_wconf 76' lang='grc'>27.</span> 
     </span>
    </p>

    <p class='ocr_par' dir='ltr' id='par_1_6' title="bbox 187 1301 1926 1639">
     <span class='ocr_line' id='line_1_17' title="bbox 304 1301 1923 1355; baseline -0.002 -10"><span class='ocrx_word' id='word_1_143' title='bbox 304 1303 347 1345; x_wconf 74' lang='lat'>4.</span> <span class='ocrx_word' id='word_1_144' title='bbox 372 1301 674 1343; x_wconf 88' lang='lat' dir='ltr'>Consideretur</span> <span class='ocrx_word' id='word_1_145' title='bbox 697 1302 945 1344; x_wconf 90' lang='lat' dir='ltr'>conditio</span> <span class='ocrx_word' id='word_1_146' title='bbox 967 1302 1147 1351; x_wconf 90' lang='lat' dir='ltr'>illorum,</span> <span class='ocrx_word' id='word_1_147' title='bbox 1170 1303 1212 1342; x_wconf 91' lang='lat' dir='ltr'>in</span> <span class='ocrx_word' id='word_1_148' title='bbox 1234 1315 1341 1355; x_wconf 90' lang='lat' dir='ltr'>quos</span> <span class='ocrx_word' id='word_1_149' title='bbox 1357 1304 1562 1354; x_wconf 87' lang='lat' dir='ltr'>primatus</span> <span class='ocrx_word' id='word_1_150' title='bbox 1573 1303 1672 1355; x_wconf 80' lang='lat' dir='ltr'>jura</span> <span class='ocrx_word' id='word_1_151' title='bbox 1690 1308 1732 1343; x_wconf 87' lang='lat' dir='ltr'>et</span> <span class='ocrx_word' id='word_1_152' title='bbox 1745 1314 1923 1343; x_wconf 86' lang='lat' dir='ltr'>munera</span> 
     </span>
     <span class='ocr_line' id='line_1_18' title="bbox 188 1372 1925 1426; baseline 0.001 -11"><span class='ocrx_word' id='word_1_153' title='bbox 188 1377 468 1415; x_wconf 87' lang='lat' dir='ltr'>exercuerunt</span> <span class='ocrx_word' id='word_1_154' title='bbox 499 1385 550 1414; x_wconf 90' lang='lat' dir='ltr'>ac</span> <span class='ocrx_word' id='word_1_155' title='bbox 579 1385 708 1425; x_wconf 87' lang='lat' dir='ltr'>porro</span> <span class='ocrx_word' id='word_1_156' title='bbox 742 1378 951 1414; x_wconf 87' lang='lat' dir='ltr'>exercent.</span> <span class='ocrx_word' id='word_1_157' title='bbox 996 1372 1091 1414; x_wconf 91' lang='lat' dir='ltr'>Non</span> <span class='ocrx_word' id='word_1_158' title='bbox 1117 1374 1231 1414; x_wconf 92' lang='lat' dir='ltr'>enim</span> <span class='ocrx_word' id='word_1_159' title='bbox 1254 1373 1528 1426; x_wconf 88' lang='lat' dir='ltr'>praefuerunt</span> <span class='ocrx_word' id='word_1_160' title='bbox 1550 1373 1725 1414; x_wconf 91' lang='lat' dir='ltr'>rudibus</span> <span class='ocrx_word' id='word_1_161' title='bbox 1747 1378 1925 1416; x_wconf 76' lang='lat' dir='ltr'>tantum.</span> 
     </span>
     <span class='ocr_line' id='line_1_19' title="bbox 187 1444 1926 1497; baseline -0.001 -12"><span class='ocrx_word' id='word_1_162' title='bbox 187 1444 262 1485; x_wconf 89' lang='lat' dir='ltr'>sed</span> <span class='ocrx_word' id='word_1_163' title='bbox 283 1450 325 1485; x_wconf 90' lang='lat' dir='ltr'>et</span> <span class='ocrx_word' id='word_1_164' title='bbox 347 1444 590 1485; x_wconf 88' lang='lat' dir='ltr'>nationibus</span> <span class='ocrx_word' id='word_1_165' title='bbox 614 1444 746 1493; x_wconf 87' lang='lat' dir='ltr'>cultis,</span> <span class='ocrx_word' id='word_1_166' title='bbox 769 1445 868 1485; x_wconf 88' lang='lat' dir='ltr'>viris</span> <span class='ocrx_word' id='word_1_167' title='bbox 893 1444 1039 1492; x_wconf 88' lang='lat' dir='ltr'>doctis,</span> <span class='ocrx_word' id='word_1_168' title='bbox 1067 1445 1237 1492; x_wconf 84' lang='lat' dir='ltr'>sanctis,</span> <span class='ocrx_word' id='word_1_169' title='bbox 1273 1445 1542 1497; x_wconf 89' lang='lat' dir='ltr'>propriorum</span> <span class='ocrx_word' id='word_1_170' title='bbox 1563 1445 1718 1497; x_wconf 87' lang='lat' dir='ltr'>jurium</span> <span class='ocrx_word' id='word_1_171' title='bbox 1741 1444 1926 1485; x_wconf 87' lang='lat' dir='ltr'>tenacis-</span> 
     </span>
     <span class='ocr_line' id='line_1_20' title="bbox 188 1515 1925 1568; baseline 0 -13"><span class='ocrx_word' id='word_1_172' title='bbox 188 1515 315 1563; x_wconf 81' lang='lat' dir='ltr'>simis,</span> <span class='ocrx_word' id='word_1_173' title='bbox 341 1515 496 1568; x_wconf 89' lang='lat' dir='ltr'>quique</span> <span class='ocrx_word' id='word_1_174' title='bbox 519 1520 641 1556; x_wconf 88' lang='lat' dir='ltr'>erant</span> <span class='ocrx_word' id='word_1_175' title='bbox 663 1516 927 1568; x_wconf 85' lang='lat' dir='ltr'>antiquitatis</span> <span class='ocrx_word' id='word_1_176' title='bbox 959 1521 1000 1556; x_wconf 88' lang='lat' dir='ltr'>et</span> <span class='ocrx_word' id='word_1_177' title='bbox 1031 1515 1270 1556; x_wconf 86' lang='lat' dir='ltr'>traditionis</span> <span class='ocrx_word' id='word_1_178' title='bbox 1288 1516 1479 1568; x_wconf 81' lang='lat' dir='ltr'>jurisque</span> <span class='ocrx_word' id='word_1_179' title='bbox 1502 1516 1630 1557; x_wconf 88' lang='lat' dir='ltr'>divini</span> <span class='ocrx_word' id='word_1_180' title='bbox 1654 1516 1773 1566; x_wconf 85' lang='lat' dir='ltr'>gnari</span> <span class='ocrx_word' id='word_1_181' title='bbox 1797 1527 1925 1568; x_wconf 92' lang='lat' dir='ltr'>quam</span> 
     </span>
     <span class='ocr_line' id='line_1_21' title="bbox 188 1586 1054 1639; baseline 0.001 -14"><span class='ocrx_word' id='word_1_182' title='bbox 188 1586 258 1638; x_wconf 90' lang='lat' dir='ltr'>qui</span> <span class='ocrx_word' id='word_1_183' title='bbox 280 1586 476 1635; x_wconf 85' lang='lat' dir='ltr'>maxime,</span> <span class='ocrx_word' id='word_1_184' title='bbox 499 1586 742 1639; x_wconf 87' lang='lat' dir='ltr'>potentibus</span> <span class='ocrx_word' id='word_1_185' title='bbox 764 1587 890 1639; x_wconf 85' lang='lat' dir='ltr'>hujus</span> <span class='ocrx_word' id='word_1_186' title='bbox 913 1587 1054 1627; x_wconf 88' lang='lat' dir='ltr'>seculi.</span> 
     </span>
    </p>

    <p class='ocr_par' dir='ltr' id='par_1_7' title="bbox 189 1656 1926 1850">
     <span class='ocr_line' id='line_1_22' title="bbox 307 1656 1925 1710; baseline -0.002 -11"><span class='ocrx_word' id='word_1_187' title='bbox 307 1657 349 1699; x_wconf 85' lang='lat'>5.</span> <span class='ocrx_word' id='word_1_188' title='bbox 382 1656 654 1709; x_wconf 83' lang='lat' dir='ltr'>Expendatur</span> <span class='ocrx_word' id='word_1_189' title='bbox 685 1657 749 1697; x_wconf 90' lang='lat' dir='ltr'>ob</span> <span class='ocrx_word' id='word_1_190' title='bbox 759 1657 967 1709; x_wconf 88' lang='lat' dir='ltr'>jectum</span> <span class='ocrx_word' id='word_1_191' title='bbox 999 1662 1087 1697; x_wconf 90' lang='lat' dir='ltr'>tam</span> <span class='ocrx_word' id='word_1_192' title='bbox 1119 1657 1400 1698; x_wconf 74' lang='lat' dir='ltr'>theoreticam</span> <span class='ocrx_word' id='word_1_193' title='bbox 1433 1669 1560 1710; x_wconf 85' lang='lat' dir='ltr'>quam</span> <span class='ocrx_word' id='word_1_194' title='bbox 1593 1658 1840 1709; x_wconf 78' lang='lat' dir='ltr'>practicum,</span> <span class='ocrx_word' id='word_1_195' title='bbox 1872 1656 1925 1697; x_wconf 90' lang='lat' dir='ltr'>ad</span> 
     </span>
     <span class='ocr_line' id='line_1_23' title="bbox 189 1726 1926 1781; baseline -0.001 -13"><span class='ocrx_word' id='word_1_196' title='bbox 189 1726 301 1780; x_wconf 92' lang='lat' dir='ltr'>quod</span> <span class='ocrx_word' id='word_1_197' title='bbox 313 1726 447 1780; x_wconf 83' lang='lat' dir='ltr'>hujus</span> <span class='ocrx_word' id='word_1_198' title='bbox 469 1730 675 1780; x_wconf 87' lang='lat' dir='ltr'>primatus</span> <span class='ocrx_word' id='word_1_199' title='bbox 693 1729 791 1780; x_wconf 90' lang='lat' dir='ltr'>jura</span> <span class='ocrx_word' id='word_1_200' title='bbox 812 1728 1071 1776; x_wconf 82' lang='lat' dir='ltr'>referuntur3</span> <span class='ocrx_word' id='word_1_201' title='bbox 1095 1729 1221 1780; x_wconf 85' lang='lat' dir='ltr'>exigit</span> <span class='ocrx_word' id='word_1_202' title='bbox 1244 1729 1356 1769; x_wconf 92' lang='lat' dir='ltr'>enim</span> <span class='ocrx_word' id='word_1_203' title='bbox 1377 1728 1630 1781; x_wconf 85' lang='lat' dir='ltr'>obsequium</span> <span class='ocrx_word' id='word_1_204' title='bbox 1652 1740 1738 1768; x_wconf 88' lang='lat' dir='ltr'>non</span> <span class='ocrx_word' id='word_1_205' title='bbox 1761 1732 1926 1768; x_wconf 89' lang='lat' dir='ltr'>tantum</span> 
     </span>
     <span class='ocr_line' id='line_1_24' title="bbox 189 1797 1593 1850; baseline 0.001 -13"><span class='ocrx_word' id='word_1_206' title='bbox 189 1798 392 1849; x_wconf 91' lang='lat' dir='ltr'>corporis,</span> <span class='ocrx_word' id='word_1_207' title='bbox 414 1798 489 1839; x_wconf 93' lang='lat' dir='ltr'>sed</span> <span class='ocrx_word' id='word_1_208' title='bbox 512 1803 553 1838; x_wconf 90' lang='lat' dir='ltr'>et</span> <span class='ocrx_word' id='word_1_209' title='bbox 574 1798 728 1839; x_wconf 90' lang='lat' dir='ltr'>mentis</span> <span class='ocrx_word' id='word_1_210' title='bbox 752 1803 793 1838; x_wconf 90' lang='lat' dir='ltr'>et</span> <span class='ocrx_word' id='word_1_211' title='bbox 815 1797 955 1838; x_wconf 85' lang='lat' dir='ltr'>cordis</span> <span class='ocrx_word' id='word_1_212' title='bbox 978 1798 1091 1838; x_wconf 89' lang='lat' dir='ltr'>circa</span> <span class='ocrx_word' id='word_1_213' title='bbox 1115 1798 1283 1850; x_wconf 83' lang='lat' dir='ltr'>objecta</span> <span class='ocrx_word' id='word_1_214' title='bbox 1305 1798 1421 1839; x_wconf 91' lang='lat' dir='ltr'>haud</span> <span class='ocrx_word' id='word_1_215' title='bbox 1444 1798 1593 1839; x_wconf 86' lang='lat' dir='ltr'>facilia.</span> 
     </span>
    </p>

    <p class='ocr_par' dir='ltr' id='par_1_8' title="bbox 189 1868 1927 2066">
     <span class='ocr_line' id='line_1_25' title="bbox 306 1868 1927 1921; baseline -0.002 -9"><span class='ocrx_word' id='word_1_216' title='bbox 306 1870 348 1912; x_wconf 87' lang='lat'>6.</span> <span class='ocrx_word' id='word_1_217' title='bbox 379 1868 504 1910; x_wconf 88' lang='lat' dir='ltr'>Ratio</span> <span class='ocrx_word' id='word_1_218' title='bbox 537 1868 746 1909; x_wconf 85' lang='lat' dir='ltr'>habeatur</span> <span class='ocrx_word' id='word_1_219' title='bbox 778 1873 819 1909; x_wconf 92' lang='lat' dir='ltr'>et</span> <span class='ocrx_word' id='word_1_220' title='bbox 851 1868 1172 1917; x_wconf 85' lang='lat' dir='ltr'>mediorum,</span> <span class='ocrx_word' id='word_1_221' title='bbox 1205 1869 1356 1921; x_wconf 91' lang='lat' dir='ltr'>quibus</span> <span class='ocrx_word' id='word_1_222' title='bbox 1384 1869 1590 1921; x_wconf 89' lang='lat' dir='ltr'>primatus</span> <span class='ocrx_word' id='word_1_223' title='bbox 1613 1868 1856 1921; x_wconf 87' lang='lat' dir='ltr'>potiebatur</span> <span class='ocrx_word' id='word_1_224' title='bbox 1887 1874 1927 1909; x_wconf 89' lang='lat' dir='ltr'>et</span> 
     </span>
     <span class='ocr_line' id='line_1_26' title="bbox 189 1938 1927 1991; baseline 0.001 -12"><span class='ocrx_word' id='word_1_225' title='bbox 189 1938 398 1988; x_wconf 88' lang='lat' dir='ltr'>utebatur,</span> <span class='ocrx_word' id='word_1_226' title='bbox 421 1951 531 1991; x_wconf 90' lang='lat' dir='ltr'>quae</span> <span class='ocrx_word' id='word_1_227' title='bbox 554 1951 641 1980; x_wconf 91' lang='lat' dir='ltr'>non</span> <span class='ocrx_word' id='word_1_228' title='bbox 665 1944 787 1980; x_wconf 91' lang='lat' dir='ltr'>erant</span> <span class='ocrx_word' id='word_1_229' title='bbox 809 1951 941 1987; x_wconf 89' lang='lat' dir='ltr'>arma,</span> <span class='ocrx_word' id='word_1_230' title='bbox 965 1939 1135 1980; x_wconf 87' lang='lat' dir='ltr'>divitiae</span> <span class='ocrx_word' id='word_1_231' title='bbox 1158 1944 1248 1989; x_wconf 76' lang='lat' dir='ltr'>etc,</span> <span class='ocrx_word' id='word_1_232' title='bbox 1270 1940 1345 1980; x_wconf 89' lang='lat' dir='ltr'>sed</span> <span class='ocrx_word' id='word_1_233' title='bbox 1366 1940 1618 1980; x_wconf 90' lang='lat' dir='ltr'>naturaliter</span> <span class='ocrx_word' id='word_1_234' title='bbox 1632 1939 1927 1980; x_wconf 88' lang='lat' dir='ltr'>insufficientia</span> 
     </span>
     <span class='ocr_line' id='line_1_27' title="bbox 191 2010 1570 2066; baseline 0.001 -16"><span class='ocrx_word' id='word_1_235' title='bbox 191 2012 248 2065; x_wconf 90' lang='lat' dir='ltr'>(n.</span> <span class='ocrx_word' id='word_1_236' title='bbox 272 2013 352 2054; x_wconf 79' lang='lat'>802</span> <span class='ocrx_word' id='word_1_237' title='bbox 373 2010 442 2066; x_wconf 86' lang='lat' dir='ltr'>b.),</span> <span class='ocrx_word' id='word_1_238' title='bbox 467 2016 508 2051; x_wconf 89' lang='lat' dir='ltr'>et</span> <span class='ocrx_word' id='word_1_239' title='bbox 530 2010 768 2051; x_wconf 87' lang='lat' dir='ltr'>effectus</span> <span class='ocrx_word' id='word_1_240' title='bbox 791 2012 1085 2062; x_wconf 89' lang='lat' dir='ltr'>potentissimi,</span> <span class='ocrx_word' id='word_1_241' title='bbox 1108 2011 1227 2063; x_wconf 81' lang='lat' dir='ltr'>cujus</span> <span class='ocrx_word' id='word_1_242' title='bbox 1250 2012 1407 2052; x_wconf 86' lang='lat' dir='ltr'>exstitit</span> <span class='ocrx_word' id='word_1_243' title='bbox 1429 2023 1570 2052; x_wconf 89' lang='lat' dir='ltr'>causa.</span> 
     </span>
    </p>

    <p class='ocr_par' dir='ltr' id='par_1_9' title="bbox 191 2081 1929 2349">
     <span class='ocr_line' id='line_1_28' title="bbox 310 2081 1928 2135; baseline -0.001 -13"><span class='ocrx_word' id='word_1_244' title='bbox 310 2081 349 2125; x_wconf 80' lang='lat'>7.</span> <span class='ocrx_word' id='word_1_245' title='bbox 376 2081 698 2122; x_wconf 88' lang='lat' dir='ltr'>Recenseantur</span> <span class='ocrx_word' id='word_1_246' title='bbox 728 2081 792 2122; x_wconf 94' lang='lat' dir='ltr'>ho</span> <span class='ocrx_word' id='word_1_247' title='bbox 807 2086 919 2122; x_wconf 89' lang='lat' dir='ltr'>stes</span> <span class='ocrx_word' id='word_1_248' title='bbox 951 2082 1106 2123; x_wconf 89' lang='lat' dir='ltr'>interni</span> <span class='ocrx_word' id='word_1_249' title='bbox 1133 2082 1378 2135; x_wconf 85' lang='lat' dir='ltr'>externique</span> <span class='ocrx_word' id='word_1_250' title='bbox 1402 2083 1444 2122; x_wconf 92' lang='lat' dir='ltr'>in</span> <span class='ocrx_word' id='word_1_251' title='bbox 1467 2083 1674 2134; x_wconf 86' lang='lat' dir='ltr'>primatus</span> <span class='ocrx_word' id='word_1_252' title='bbox 1696 2081 1928 2133; x_wconf 86' lang='lat' dir='ltr'>perniciem</span> 
     </span>
     <span class='ocr_line' id='line_1_29' title="bbox 191 2150 1929 2205; baseline 0 -14"><span class='ocrx_word' id='word_1_253' title='bbox 191 2151 399 2203; x_wconf 81' lang='lat' dir='ltr'>conjurati</span> <span class='ocrx_word' id='word_1_254' title='bbox 421 2163 656 2204; x_wconf 89' lang='lat' dir='ltr'>eorumque</span> <span class='ocrx_word' id='word_1_255' title='bbox 689 2151 834 2192; x_wconf 93' lang='lat' dir='ltr'>odium</span> <span class='ocrx_word' id='word_1_256' title='bbox 866 2150 1071 2193; x_wconf 84' lang='lat' dir='ltr'>infernale</span> <span class='ocrx_word' id='word_1_257' title='bbox 1103 2158 1367 2205; x_wconf 87' lang='lat' dir='ltr'>conatusque</span> <span class='ocrx_word' id='word_1_258' title='bbox 1398 2152 1591 2193; x_wconf 86' lang='lat' dir='ltr'>nefandi:</span> <span class='ocrx_word' id='word_1_259' title='bbox 1624 2164 1773 2193; x_wconf 88' lang='lat' dir='ltr'>omnes</span> <span class='ocrx_word' id='word_1_260' title='bbox 1805 2152 1929 2201; x_wconf 79' lang='lat' dir='ltr'>enim,</span> 
     </span>
     <span class='ocr_line' id='line_1_30' title="bbox 192 2221 1929 2279; baseline 0 -17"><span class='ocrx_word' id='word_1_261' title='bbox 192 2222 264 2274; x_wconf 88' lang='lat' dir='ltr'>qui</span> <span class='ocrx_word' id='word_1_262' title='bbox 284 2223 586 2274; x_wconf 89' lang='lat' dir='ltr'>impugnarunt</span> <span class='ocrx_word' id='word_1_263' title='bbox 607 2222 838 2264; x_wconf 89' lang='lat' dir='ltr'>Ecclesiam</span> <span class='ocrx_word' id='word_1_264' title='bbox 864 2224 920 2278; x_wconf 89' lang='lat' dir='ltr'>(n.</span> <span class='ocrx_word' id='word_1_265' title='bbox 944 2223 1030 2279; x_wconf 77' lang='lat'>83),</span> <span class='ocrx_word' id='word_1_266' title='bbox 1063 2224 1104 2263; x_wconf 90' lang='lat' dir='ltr'>in</span> <span class='ocrx_word' id='word_1_267' title='bbox 1126 2224 1273 2275; x_wconf 85' lang='lat' dir='ltr'>primis</span> <span class='ocrx_word' id='word_1_268' title='bbox 1296 2224 1482 2275; x_wconf 87' lang='lat' dir='ltr'>aggressi</span> <span class='ocrx_word' id='word_1_269' title='bbox 1505 2228 1602 2263; x_wconf 90' lang='lat' dir='ltr'>sunt</span> <span class='ocrx_word' id='word_1_270' title='bbox 1625 2223 1813 2275; x_wconf 85' lang='lat' dir='ltr'>ejusdem</span> <span class='ocrx_word' id='word_1_271' title='bbox 1837 2221 1929 2262; x_wconf 87' lang='lat' dir='ltr'>fun-</span> 
     </span>
     <span class='ocr_line' id='line_1_31' title="bbox 196 2291 1929 2349; baseline 0.001 -17"><span class='ocrx_word' id='word_1_272' title='bbox 196 2291 443 2333; x_wconf 89' lang='lat' dir='ltr'>damentum</span> <span class='ocrx_word' id='word_1_273' title='bbox 465 2294 490 2337; x_wconf 83' lang='lat' dir='ltr'>i.</span> <span class='ocrx_word' id='word_1_274' title='bbox 513 2305 547 2334; x_wconf 91' lang='lat' dir='ltr'>e.</span> <span class='ocrx_word' id='word_1_275' title='bbox 570 2293 682 2334; x_wconf 89' lang='lat' dir='ltr'>sedis</span> <span class='ocrx_word' id='word_1_276' title='bbox 703 2305 910 2334; x_wconf 87' lang='lat' dir='ltr'>romanae</span> <span class='ocrx_word' id='word_1_277' title='bbox 925 2295 1152 2346; x_wconf 89' lang='lat' dir='ltr'>primatum</span> <span class='ocrx_word' id='word_1_278' title='bbox 1172 2296 1225 2349; x_wconf 84' lang='lat'>1):</span> <span class='ocrx_word' id='word_1_279' title='bbox 1248 2294 1434 2334; x_wconf 86' lang='lat' dir='ltr'>vicissim</span> <span class='ocrx_word' id='word_1_280' title='bbox 1457 2304 1626 2346; x_wconf 91' lang='lat' dir='ltr'>quoque</span> <span class='ocrx_word' id='word_1_281' title='bbox 1650 2305 1772 2334; x_wconf 90' lang='lat' dir='ltr'>amor</span> <span class='ocrx_word' id='word_1_282' title='bbox 1794 2292 1929 2333; x_wconf 87' lang='lat' dir='ltr'>filialis</span> 
     </span>
    </p>
   </div>
   <div class='ocr_carea' id='block_1_3' title="bbox 192 2444 1945 3125">
    <p class='ocr_par' dir='ltr' id='par_1_10' title="bbox 192 2444 1945 3125">
     <span class='ocr_line' id='line_1_32' title="bbox 340 2444 1929 2489; baseline 0 -12"><span class='ocrx_word' id='word_1_283' title='bbox 340 2445 363 2488; x_wconf 88' lang='lat'>¹)</span> <span class='ocrx_word' id='word_1_284' title='bbox 384 2444 439 2477; x_wconf 91' lang='lat' dir='ltr'>Ad</span> <span class='ocrx_word' id='word_1_285' title='bbox 454 2455 526 2478; x_wconf 90' lang='lat' dir='ltr'>rem</span> <span class='ocrx_word' id='word_1_286' title='bbox 543 2447 628 2478; x_wconf 86' lang='lat' dir='ltr'>sunt</span> <span class='ocrx_word' id='word_1_287' title='bbox 642 2445 802 2479; x_wconf 83' lang='lat' dir='ltr'>Thomae</span> <span class='ocrx_word' id='word_1_288' title='bbox 818 2446 854 2479; x_wconf 81' lang='lat' dir='ltr'>M</span> <span class='ocrx_word' id='word_1_289' title='bbox 865 2456 884 2479; x_wconf 91' lang='grc' dir='ltr'>ο</span> <span class='ocrx_word' id='word_1_290' title='bbox 894 2445 942 2486; x_wconf 86' lang='lat' dir='ltr'>ri,</span> <span class='ocrx_word' id='word_1_291' title='bbox 961 2445 1092 2489; x_wconf 75' lang='lat' dir='ltr'>inclyti</span> <span class='ocrx_word' id='word_1_292' title='bbox 1106 2445 1292 2488; x_wconf 65' lang='lat' dir='ltr'>martyris,</span> <span class='ocrx_word' id='word_1_293' title='bbox 1307 2445 1419 2478; x_wconf 88' lang='lat' dir='ltr'>verba</span> <span class='ocrx_word' id='word_1_294' title='bbox 1433 2445 1472 2478; x_wconf 88' lang='lat' dir='ltr'>in</span> <span class='ocrx_word' id='word_1_295' title='bbox 1486 2455 1659 2489; x_wconf 85' lang='lat' dir='ltr'>responso</span> <span class='ocrx_word' id='word_1_296' title='bbox 1671 2445 1717 2478; x_wconf 89' lang='lat' dir='ltr'>ad</span> <span class='ocrx_word' id='word_1_297' title='bbox 1728 2444 1929 2478; x_wconf 83' lang='lat' dir='ltr'>Lutheruin</span> 
     </span>
     <span class='ocr_line' id='line_1_33' title="bbox 192 2496 1930 2542; baseline 0.001 -13"><span class='ocrx_word' id='word_1_298' title='bbox 192 2507 221 2531; x_wconf 88' lang='lat' dir='ltr'>c.</span> <span class='ocrx_word' id='word_1_299' title='bbox 242 2499 304 2531; x_wconf 90' lang='lat'>10:</span> <span class='ocrx_word' id='word_1_300' title='bbox 328 2496 414 2536; x_wconf 90' lang='lat' dir='ltr'>,Cui</span> <span class='ocrx_word' id='word_1_301' title='bbox 432 2498 509 2531; x_wconf 90' lang='lat' dir='ltr'>sedi</span> <span class='ocrx_word' id='word_1_302' title='bbox 526 2498 568 2531; x_wconf 87' lang='lat' dir='ltr'>ut</span> <span class='ocrx_word' id='word_1_303' title='bbox 581 2497 796 2532; x_wconf 86' lang='lat' dir='ltr'>obedienter</span> <span class='ocrx_word' id='word_1_304' title='bbox 807 2498 1067 2542; x_wconf 72' lang='lat' dir='ltr'>obtemperem,</span> <span class='ocrx_word' id='word_1_305' title='bbox 1089 2509 1171 2531; x_wconf 87' lang='lat' dir='ltr'>cum</span> <span class='ocrx_word' id='word_1_306' title='bbox 1183 2498 1248 2531; x_wconf 86' lang='lat' dir='ltr'>illa</span> <span class='ocrx_word' id='word_1_307' title='bbox 1259 2498 1410 2532; x_wconf 88' lang='lat' dir='ltr'>movent</span> <span class='ocrx_word' id='word_1_308' title='bbox 1424 2500 1559 2539; x_wconf 80' lang='lat' dir='ltr'>omnia,</span> <span class='ocrx_word' id='word_1_309' title='bbox 1575 2508 1668 2542; x_wconf 80' lang='lat' dir='ltr'>quae</span> <span class='ocrx_word' id='word_1_310' title='bbox 1683 2497 1784 2531; x_wconf 89' lang='lat' dir='ltr'>docti</span> <span class='ocrx_word' id='word_1_311' title='bbox 1798 2498 1930 2531; x_wconf 87' lang='lat' dir='ltr'>sancti-</span> 
     </span>
     <span class='ocr_line' id='line_1_34' title="bbox 194 2549 1945 2595; baseline 0.001 -13"><span class='ocrx_word' id='word_1_312' title='bbox 194 2559 264 2593; x_wconf 91' lang='lat' dir='ltr'>que</span> <span class='ocrx_word' id='word_1_313' title='bbox 281 2549 320 2582; x_wconf 84' lang='lat' dir='ltr'>in</span> <span class='ocrx_word' id='word_1_314' title='bbox 338 2560 418 2583; x_wconf 89' lang='lat' dir='ltr'>eam</span> <span class='ocrx_word' id='word_1_315' title='bbox 437 2561 513 2583; x_wconf 87' lang='lat' dir='ltr'>rem</span> <span class='ocrx_word' id='word_1_316' title='bbox 531 2549 769 2595; x_wconf 86' lang='lat' dir='ltr'>collegerunt,</span> <span class='ocrx_word' id='word_1_317' title='bbox 787 2552 868 2584; x_wconf 84' lang='lat' dir='ltr'>tum</span> <span class='ocrx_word' id='word_1_318' title='bbox 885 2549 977 2583; x_wconf 88' lang='lat' dir='ltr'>illud</span> <span class='ocrx_word' id='word_1_319' title='bbox 996 2550 1160 2595; x_wconf 86' lang='lat' dir='ltr'>profecto</span> <span class='ocrx_word' id='word_1_320' title='bbox 1194 2561 1266 2584; x_wconf 89' lang='lat' dir='ltr'>non</span> <span class='ocrx_word' id='word_1_321' title='bbox 1286 2553 1410 2585; x_wconf 88' lang='lat' dir='ltr'>movet</span> <span class='ocrx_word' id='word_1_322' title='bbox 1427 2552 1589 2592; x_wconf 87' lang='lat' dir='ltr'>minime,</span> <span class='ocrx_word' id='word_1_323' title='bbox 1618 2552 1716 2595; x_wconf 86' lang='lat' dir='ltr'>quod</span> <span class='ocrx_word' id='word_1_324' title='bbox 1740 2550 1853 2584; x_wconf 85' lang='lat' dir='ltr'>toties</span> <span class='ocrx_word' id='word_1_325' title='bbox 1876 2561 1945 2584; x_wconf 44' lang='lat' dir='ltr'>su:</span> 
     </span>
     <span class='ocr_line' id='line_1_35' title="bbox 194 2602 1931 2648; baseline 0.001 -13"><span class='ocrx_word' id='word_1_326' title='bbox 194 2613 274 2636; x_wconf 88' lang='lat' dir='ltr'>mus</span> <span class='ocrx_word' id='word_1_327' title='bbox 293 2603 448 2647; x_wconf 81' lang='lat' dir='ltr'>experti,</span> <span class='ocrx_word' id='word_1_328' title='bbox 467 2613 541 2637; x_wconf 89' lang='lat' dir='ltr'>non</span> <span class='ocrx_word' id='word_1_329' title='bbox 559 2605 666 2637; x_wconf 82' lang='lat' dir='ltr'>modo</span> <span class='ocrx_word' id='word_1_330' title='bbox 687 2603 870 2637; x_wconf 89' lang='lat' dir='ltr'>neminem</span> <span class='ocrx_word' id='word_1_331' title='bbox 889 2603 1078 2636; x_wconf 89' lang='lat' dir='ltr'>inimicum</span> <span class='ocrx_word' id='word_1_332' title='bbox 1106 2603 1218 2637; x_wconf 86' lang='lat' dir='ltr'>fuisse</span> <span class='ocrx_word' id='word_1_333' title='bbox 1236 2603 1460 2639; x_wconf 80' lang='lat' dir='ltr'>christianae</span> <span class='ocrx_word' id='word_1_334' title='bbox 1479 2605 1574 2645; x_wconf 87' lang='lat' dir='ltr'>fidei,</span> <span class='ocrx_word' id='word_1_335' title='bbox 1606 2605 1670 2648; x_wconf 88' lang='lat' dir='ltr'>qni</span> <span class='ocrx_word' id='word_1_336' title='bbox 1687 2614 1761 2638; x_wconf 89' lang='lat' dir='ltr'>non</span> <span class='ocrx_word' id='word_1_337' title='bbox 1778 2602 1835 2637; x_wconf 78' lang='lat' dir='ltr'>illi</span> <span class='ocrx_word' id='word_1_338' title='bbox 1854 2603 1931 2637; x_wconf 90' lang='lat' dir='ltr'>sedi</span> 
     </span>
     <span class='ocr_line' id='line_1_36' title="bbox 192 2655 1930 2702; baseline 0.001 -14"><span class='ocrx_word' id='word_1_339' title='bbox 192 2655 330 2689; x_wconf 88' lang='lat' dir='ltr'>bellum</span> <span class='ocrx_word' id='word_1_340' title='bbox 347 2656 532 2696; x_wconf 73' lang='lat' dir='ltr'>indixerit,</span> <span class='ocrx_word' id='word_1_341' title='bbox 561 2657 625 2690; x_wconf 88' lang='lat' dir='ltr'>sed</span> <span class='ocrx_word' id='word_1_342' title='bbox 653 2656 765 2690; x_wconf 88' lang='lat' dir='ltr'>etiam</span> <span class='ocrx_word' id='word_1_343' title='bbox 793 2657 979 2690; x_wconf 75' lang='lat' dir='ltr'>neminem</span> <span class='ocrx_word' id='word_1_344' title='bbox 1007 2667 1171 2700; x_wconf 86' lang='lat' dir='ltr'>unquam</span> <span class='ocrx_word' id='word_1_345' title='bbox 1205 2658 1399 2698; x_wconf 73' lang='lat' dir='ltr'>exstitisse,</span> <span class='ocrx_word' id='word_1_346' title='bbox 1428 2658 1492 2702; x_wconf 89' lang='lat' dir='ltr'>qui</span> <span class='ocrx_word' id='word_1_347' title='bbox 1518 2669 1555 2692; x_wconf 86' lang='lat' dir='ltr'>se</span> <span class='ocrx_word' id='word_1_348' title='bbox 1585 2658 1769 2702; x_wconf 85' lang='lat' dir='ltr'>professus</span> <span class='ocrx_word' id='word_1_349' title='bbox 1787 2659 1837 2691; x_wconf 80' lang='lat' dir='ltr'>sit</span> <span class='ocrx_word' id='word_1_350' title='bbox 1854 2657 1930 2702; x_wconf 85' lang='lat' dir='ltr'>ejus</span> 
     </span>
     <span class='ocr_line' id='line_1_37' title="bbox 195 2709 1931 2756; baseline 0.001 -13"><span class='ocrx_word' id='word_1_351' title='bbox 195 2709 292 2743; x_wconf 87' lang='lat' dir='ltr'>sedis</span> <span class='ocrx_word' id='word_1_352' title='bbox 308 2709 512 2750; x_wconf 86' lang='lat' dir='ltr'>inimicum,</span> <span class='ocrx_word' id='word_1_353' title='bbox 541 2711 630 2754; x_wconf 90' lang='lat' dir='ltr'>quin</span> <span class='ocrx_word' id='word_1_354' title='bbox 647 2709 745 2743; x_wconf 88' lang='lat' dir='ltr'>idem</span> <span class='ocrx_word' id='word_1_355' title='bbox 763 2710 873 2753; x_wconf 89' lang='lat' dir='ltr'>paulo</span> <span class='ocrx_word' id='word_1_356' title='bbox 893 2712 976 2753; x_wconf 87' lang='lat' dir='ltr'>post</span> <span class='ocrx_word' id='word_1_357' title='bbox 994 2721 1030 2743; x_wconf 88' lang='lat' dir='ltr'>se</span> <span class='ocrx_word' id='word_1_358' title='bbox 1049 2710 1288 2744; x_wconf 80' lang='lat' dir='ltr'>declaraverit</span> <span class='ocrx_word' id='word_1_359' title='bbox 1315 2711 1514 2756; x_wconf 84' lang='lat' dir='ltr'>insigniter</span> <span class='ocrx_word' id='word_1_360' title='bbox 1531 2712 1664 2746; x_wconf 82' lang='lat' dir='ltr'>Christi</span> <span class='ocrx_word' id='word_1_361' title='bbox 1686 2713 1723 2746; x_wconf 83' lang='lat' dir='ltr'>et</span> <span class='ocrx_word' id='word_1_362' title='bbox 1739 2711 1931 2756; x_wconf 83' lang='lat' dir='ltr'>religionis</span> 
     </span>
     <span class='ocr_line' id='line_1_38' title="bbox 195 2763 1929 2809; baseline 0.001 -13"><span class='ocrx_word' id='word_1_363' title='bbox 195 2764 342 2796; x_wconf 85' lang='lat' dir='ltr'>nostrae</span> <span class='ocrx_word' id='word_1_364' title='bbox 353 2763 566 2806; x_wconf 82' lang='lat' dir='ltr'>capitaliter</span> <span class='ocrx_word' id='word_1_365' title='bbox 576 2763 722 2797; x_wconf 86' lang='lat' dir='ltr'>hostem</span> <span class='ocrx_word' id='word_1_366' title='bbox 735 2764 772 2796; x_wconf 91' lang='lat' dir='ltr'>et</span> <span class='ocrx_word' id='word_1_367' title='bbox 783 2763 1002 2806; x_wconf 85' lang='lat' dir='ltr'>proditorem</span> <span class='ocrx_word' id='word_1_368' title='bbox 1020 2772 1106 2797; x_wconf 86' lang='lat' dir='ltr'>esse.</span> <span class='ocrx_word' id='word_1_369' title='bbox 1118 2771 1131 2785; x_wconf 55' lang='grc' dir='ltr'><strong>α</strong></span> <span class='ocrx_word' id='word_1_370' title='bbox 1153 2763 1199 2797; x_wconf 89' lang='lat' dir='ltr'>Et</span> <span class='ocrx_word' id='word_1_371' title='bbox 1215 2764 1415 2798; x_wconf 87' lang='lat' dir='ltr'>Bellarm</span> <span class='ocrx_word' id='word_1_372' title='bbox 1426 2768 1525 2799; x_wconf 88' lang='lat' dir='ltr'>inus</span> <span class='ocrx_word' id='word_1_373' title='bbox 1539 2766 1577 2799; x_wconf 88' lang='lat' dir='ltr'>in</span> <span class='ocrx_word' id='word_1_374' title='bbox 1594 2766 1709 2809; x_wconf 85' lang='lat' dir='ltr'>praef.</span> <span class='ocrx_word' id='word_1_375' title='bbox 1726 2765 1771 2799; x_wconf 88' lang='lat' dir='ltr'>de</span> <span class='ocrx_word' id='word_1_376' title='bbox 1789 2774 1929 2798; x_wconf 81' lang='lat' dir='ltr'>summo</span> 
     </span>
     <span class='ocr_line' id='line_1_39' title="bbox 194 2814 1927 2860; baseline 0 -12"><span class='ocrx_word' id='word_1_377' title='bbox 194 2816 298 2858; x_wconf 87' lang='lat' dir='ltr'>pont.</span> <span class='ocrx_word' id='word_1_378' title='bbox 318 2816 481 2849; x_wconf 86' lang='lat' dir='ltr'>ostendit</span> <span class='ocrx_word' id='word_1_379' title='bbox 498 2816 537 2849; x_wconf 92' lang='lat' dir='ltr'>in</span> <span class='ocrx_word' id='word_1_380' title='bbox 556 2816 624 2849; x_wconf 88' lang='lat' dir='ltr'>hoc</span> <span class='ocrx_word' id='word_1_381' title='bbox 641 2816 750 2849; x_wconf 86' lang='lat' dir='ltr'>tract.</span> <span class='ocrx_word' id='word_1_382' title='bbox 771 2814 832 2859; x_wconf 84' lang='lat' dir='ltr'>agi</span> <span class='ocrx_word' id='word_1_383' title='bbox 850 2815 894 2848; x_wconf 89' lang='lat' dir='ltr'>de</span> <span class='ocrx_word' id='word_1_384' title='bbox 914 2826 1056 2849; x_wconf 90' lang='lat' dir='ltr'>summa</span> <span class='ocrx_word' id='word_1_385' title='bbox 1074 2815 1125 2849; x_wconf 77' lang='lat' dir='ltr'>rei</span> <span class='ocrx_word' id='word_1_386' title='bbox 1140 2817 1373 2851; x_wconf 83' lang='lat' dir='ltr'>christianae.</span> <span class='ocrx_word' id='word_1_387' title='bbox 1396 2817 1456 2857; x_wconf 72' lang='lat' dir='ltr'>„ld</span> <span class='ocrx_word' id='word_1_388' title='bbox 1472 2818 1570 2851; x_wconf 84' lang='lat' dir='ltr'>enim</span> <span class='ocrx_word' id='word_1_389' title='bbox 1584 2816 1927 2860; x_wconf 83' lang='lat' dir='ltr'>quae1·itu1·,inquit‚</span> 
     </span>
     <span class='ocr_line' id='line_1_40' title="bbox 196 2867 1929 2911; baseline -0.001 -10"><span class='ocrx_word' id='word_1_390' title='bbox 196 2867 374 2902; x_wconf 84' lang='lat' dir='ltr'>debeat-ne</span> <span class='ocrx_word' id='word_1_391' title='bbox 391 2868 553 2903; x_wconf 86' lang='lat' dir='ltr'>Ecclesia</span> <span class='ocrx_word' id='word_1_392' title='bbox 577 2867 718 2902; x_wconf 84' lang='lat' dir='ltr'>diutius</span> <span class='ocrx_word' id='word_1_393' title='bbox 737 2868 946 2909; x_wconf 86' lang='lat' dir='ltr'>consistere,</span> <span class='ocrx_word' id='word_1_394' title='bbox 966 2879 1013 2902; x_wconf 87' lang='lat' dir='ltr'>an</span> <span class='ocrx_word' id='word_1_395' title='bbox 1030 2879 1114 2902; x_wconf 85' lang='lat' dir='ltr'>vero</span> <span class='ocrx_word' id='word_1_396' title='bbox 1133 2869 1285 2904; x_wconf 87' lang='lat' dir='ltr'>dissolvi</span> <span class='ocrx_word' id='word_1_397' title='bbox 1303 2873 1340 2903; x_wconf 85' lang='lat' dir='ltr'>et</span> <span class='ocrx_word' id='word_1_398' title='bbox 1358 2870 1559 2905; x_wconf 83' lang='lat' dir='ltr'>concidere.</span> <span class='ocrx_word' id='word_1_399' title='bbox 1595 2869 1688 2911; x_wconf 84' lang='lat' dir='ltr'>Quid</span> <span class='ocrx_word' id='word_1_400' title='bbox 1716 2870 1813 2903; x_wconf 89' lang='lat' dir='ltr'>enim</span> <span class='ocrx_word' id='word_1_401' title='bbox 1828 2868 1929 2902; x_wconf 84' lang='lat' dir='ltr'>aliud</span> 
     </span>
     <span class='ocr_line' id='line_1_41' title="bbox 195 2921 1929 2968; baseline 0 -14"><span class='ocrx_word' id='word_1_402' title='bbox 195 2922 250 2955; x_wconf 83' lang='lat' dir='ltr'>est</span> <span class='ocrx_word' id='word_1_403' title='bbox 266 2932 449 2964; x_wconf 83' lang='lat' dir='ltr'>quaerere,</span> <span class='ocrx_word' id='word_1_404' title='bbox 469 2933 516 2956; x_wconf 83' lang='lat' dir='ltr'>an</span> <span class='ocrx_word' id='word_1_405' title='bbox 534 2923 705 2966; x_wconf 83' lang='lat' dir='ltr'>oporteat</span> <span class='ocrx_word' id='word_1_406' title='bbox 727 2923 773 2956; x_wconf 91' lang='lat' dir='ltr'>ab</span> <span class='ocrx_word' id='word_1_407' title='bbox 791 2922 956 2956; x_wconf 82' lang='lat' dir='ltr'>aedificio</span> <span class='ocrx_word' id='word_1_408' title='bbox 975 2922 1258 2957; x_wconf 87' lang='lat' dir='ltr'>fundamentum</span> <span class='ocrx_word' id='word_1_409' title='bbox 1284 2934 1483 2964; x_wconf 84' lang='lat' dir='ltr'>removere,</span> <span class='ocrx_word' id='word_1_410' title='bbox 1502 2934 1524 2957; x_wconf 90' lang='lat' dir='ltr'>a</span> <span class='ocrx_word' id='word_1_411' title='bbox 1541 2935 1653 2968; x_wconf 82' lang='lat' dir='ltr'>grege</span> <span class='ocrx_word' id='word_1_412' title='bbox 1671 2924 1866 2967; x_wconf 84' lang='lat' dir='ltr'>pastorem,</span> <span class='ocrx_word' id='word_1_413' title='bbox 1883 2921 1929 2955; x_wconf 86' lang='lat' dir='ltr'>ab</span> 
     </span>
     <span class='ocr_line' id='line_1_42' title="bbox 195 2974 1929 3023; baseline 0.001 -16"><span class='ocrx_word' id='word_1_414' title='bbox 195 2974 358 3008; x_wconf 88' lang='lat' dir='ltr'>exercitu</span> <span class='ocrx_word' id='word_1_415' title='bbox 375 2975 647 3018; x_wconf 86' lang='lat' dir='ltr'>imperatorem,</span> <span class='ocrx_word' id='word_1_416' title='bbox 666 2975 778 3009; x_wconf 87' lang='lat' dir='ltr'>solem</span> <span class='ocrx_word' id='word_1_417' title='bbox 798 2975 845 3008; x_wconf 90' lang='lat' dir='ltr'>ab</span> <span class='ocrx_word' id='word_1_418' title='bbox 865 2975 984 3015; x_wconf 85' lang='lat' dir='ltr'>astris,</span> <span class='ocrx_word' id='word_1_419' title='bbox 1002 2977 1114 3019; x_wconf 86' lang='lat' dir='ltr'>caput</span> <span class='ocrx_word' id='word_1_420' title='bbox 1131 2986 1152 3009; x_wconf 90' lang='lat' dir='ltr'>a</span> <span class='ocrx_word' id='word_1_421' title='bbox 1171 2986 1328 3023; x_wconf 86' lang='lat' dir='ltr'>corpore,</span> <span class='ocrx_word' id='word_1_422' title='bbox 1347 2988 1459 3020; x_wconf 87' lang='lat' dir='ltr'>quam</span> <span class='ocrx_word' id='word_1_423' title='bbox 1473 2987 1518 3010; x_wconf 88' lang='lat' dir='ltr'>an</span> <span class='ocrx_word' id='word_1_424' title='bbox 1533 2979 1703 3021; x_wconf 84' lang='lat' dir='ltr'>oporteat</span> <span class='ocrx_word' id='word_1_425' title='bbox 1721 2975 1929 3010; x_wconf 82' lang='lat' dir='ltr'>aedificium</span> 
     </span>
     <span class='ocr_line' id='line_1_43' title="bbox 194 3027 1929 3075; baseline 0 -14"><span class='ocrx_word' id='word_1_426' title='bbox 194 3037 309 3067; x_wconf 85' lang='lat' dir='ltr'>ruere,</span> <span class='ocrx_word' id='word_1_427' title='bbox 327 3038 478 3072; x_wconf 86' lang='lat' dir='ltr'>gregem</span> <span class='ocrx_word' id='word_1_428' title='bbox 497 3028 679 3073; x_wconf 83' lang='lat' dir='ltr'>dissipari,</span> <span class='ocrx_word' id='word_1_429' title='bbox 698 3029 900 3062; x_wconf 87' lang='lat' dir='ltr'>exercitum</span> <span class='ocrx_word' id='word_1_430' title='bbox 916 3027 1036 3070; x_wconf 87' lang='lat' dir='ltr'>fundi,</span> <span class='ocrx_word' id='word_1_431' title='bbox 1055 3029 1173 3063; x_wconf 84' lang='lat' dir='ltr'>sidera</span> <span class='ocrx_word' id='word_1_432' title='bbox 1191 3030 1387 3072; x_wconf 82' lang='lat' dir='ltr'>obscurari,</span> <span class='ocrx_word' id='word_1_433' title='bbox 1417 3041 1547 3075; x_wconf 90' lang='lat' dir='ltr'>corpus</span> <span class='ocrx_word' id='word_1_434' title='bbox 1560 3030 1706 3074; x_wconf 68' lang='lat' dir='ltr'>jacere?</span> <span class='ocrx_word' id='word_1_435' title='bbox 1742 3029 1850 3062; x_wconf 85' lang='lat' dir='ltr'>Porro</span> <span class='ocrx_word' id='word_1_436' title='bbox 1870 3028 1929 3061; x_wconf 86' lang='lat' dir='ltr'>ad-</span> 
     </span>
     <span class='ocr_line' id='line_1_44' title="bbox 195 3079 1929 3125; baseline 0.001 -12"><span class='ocrx_word' id='word_1_437' title='bbox 195 3079 345 3114; x_wconf 83' lang='lat' dir='ltr'>versarii</span> <span class='ocrx_word' id='word_1_438' title='bbox 363 3081 387 3114; x_wconf 90' lang='lat' dir='ltr'>i.</span> <span class='ocrx_word' id='word_1_439' title='bbox 406 3091 436 3114; x_wconf 90' lang='lat' dir='ltr'>e.</span> <span class='ocrx_word' id='word_1_440' title='bbox 456 3080 644 3120; x_wconf 84' lang='lat' dir='ltr'>haeretici,</span> <span class='ocrx_word' id='word_1_441' title='bbox 662 3092 745 3114; x_wconf 90' lang='lat' dir='ltr'>cum</span> <span class='ocrx_word' id='word_1_442' title='bbox 762 3080 802 3114; x_wconf 90' lang='lat' dir='ltr'>in</span> <span class='ocrx_word' id='word_1_443' title='bbox 819 3081 900 3114; x_wconf 89' lang='lat' dir='ltr'>aliis</span> <span class='ocrx_word' id='word_1_444' title='bbox 919 3081 995 3115; x_wconf 82' lang='lat' dir='ltr'>fere</span> <span class='ocrx_word' id='word_1_445' title='bbox 1014 3081 1250 3125; x_wconf 85' lang='lat' dir='ltr'>dogmatibus</span> <span class='ocrx_word' id='word_1_446' title='bbox 1268 3093 1343 3116; x_wconf 92' lang='lat' dir='ltr'>non</span> <span class='ocrx_word' id='word_1_447' title='bbox 1362 3082 1484 3116; x_wconf 88' lang='lat' dir='ltr'>minus</span> <span class='ocrx_word' id='word_1_448' title='bbox 1498 3083 1597 3116; x_wconf 89' lang='lat' dir='ltr'>inter</span> <span class='ocrx_word' id='word_1_449' title='bbox 1611 3092 1647 3114; x_wconf 82' lang='lat' dir='ltr'>se</span> <span class='ocrx_word' id='word_1_450' title='bbox 1663 3093 1774 3125; x_wconf 85' lang='lat' dir='ltr'>quam</span> <span class='ocrx_word' id='word_1_451' title='bbox 1789 3092 1810 3114; x_wconf 85' lang='lat' dir='ltr'>a</span> <span class='ocrx_word' id='word_1_452' title='bbox 1824 3081 1929 3114; x_wconf 89' lang='lat' dir='ltr'>nobis</span> 
     </span>
    </p>
   </div>
  </div>
 </body>
</html>
