2175 3382
795 130 873 172 Quo
892 141 1000 164 sensu
1018 130 1130 164 fuerit
1149 129 1359 164 damnatus
1861 131 1947 174 455

215 253 320 301 ipsas
341 253 473 301 potius
496 253 595 290 duas
618 255 777 290 naturas
798 253 823 289 i.
846 265 875 290 e.
899 252 1118 289 divinitatis
1149 254 1189 289 et
1210 252 1336 289 carnis
1359 254 1582 300 assumptae
1613 252 1654 288 in
1676 264 1753 289 una
1783 262 1949 300 persona

214 312 418 361 Unigeniti
439 312 511 349 Dei
532 312 658 349 Patris
682 311 894 356 inconfuse,
917 311 1085 348 indivise
1108 313 1224 358 atque
1247 310 1602 347 inconvertibiliter
1622 311 1823 348 nobiscum
1837 322 1948 359 prae-

215 371 344 408 dicare
366 383 489 420 prop
504 371 579 408 ria
600 373 842 419 operantes<<
879 370 919 406 Si
941 370 1046 406 enim
1069 382 1157 407 caro
1179 369 1203 405 i.
1219 382 1250 406 e.
1273 372 1413 406 natura
1427 369 1597 406 humana
1611 372 1770 417 operata
1783 372 1844 406 est
1857 381 1948 418 pro-

213 429 299 478 pria
320 432 359 466 et
381 429 737 467 inconvertibiliter
758 429 837 466 fuit
858 430 1072 476 assumpta,
1105 441 1149 465 ea
1179 430 1337 476 operata
1368 430 1426 465 est
1457 428 1683 476 operatione
1715 429 1945 465 humana:

213 501 303 526 nam
326 491 468 526 natura
490 489 660 525 humana
682 500 815 525 carens
838 487 996 536 propria
1018 488 1243 536 operatione
1275 487 1441 524 maxime
1474 490 1532 524 est
1563 500 1746 524 conversa
1777 490 1817 523 et
1847 486 1948 523 facta

214 547 300 584 alia.
343 547 554 584 Evidenter
576 547 702 596 igitur
731 547 907 596 agnoscit
930 546 1127 583 Honorius
1158 546 1199 582 in
1222 545 1374 582 Christo
1406 548 1561 594 praeter
1592 546 1858 594 operationem
1890 546 1947 581 tli-

214 606 343 642 vinam
375 606 494 643 etiam
524 607 747 651 humanam,
790 618 882 655 ergo
914 604 1111 654 duplicem
1142 604 1418 654 operationem.
1462 603 1571 648 Quod
1602 617 1692 641 vero
1723 604 1763 640 in
1796 604 1946 641 Christo

213 677 335 702 unam
356 667 514 702 tantum
537 677 750 714 agnoscens
772 665 1016 701 voluntatem
1048 676 1126 701 non
1149 663 1330 701 excludat
1352 663 1569 711 quamlibet
1599 664 1842 700 voluntatem
1875 663 1947 699 hu-

214 736 369 760 manam
399 727 553 772 praeter
581 724 765 769 divinam,
800 723 866 760 sed
899 723 994 760 duas
1024 725 1181 760 tantum
1213 722 1438 759 voluntates
1470 723 1762 759 contrarias
1796 722 1948 769 sibique

213 786 491 831 repugnantes,
516 783 757 820 voluntatem
781 782 908 819 carnis
933 794 1002 819 seu
1027 781 1379 830 concupiscentiam
1402 783 1689 830 repugnantem
1711 787 1793 817 tum
1810 781 1947 817 volun-

214 841 287 879 tati
310 841 465 879 divinae
487 844 574 878 tum
596 841 792 879 voluntati
827 840 1023 885 rationali,
1057 842 1150 878 adeo
1183 841 1282 877 clare
1315 853 1360 877 ex
1383 840 1546 877 Honorii
1576 840 1705 877 verbis
1737 839 1947 888 colligitur,

213 902 260 937 ut
281 900 424 937 mirum
447 900 508 945 sit,
532 900 706 949 potuisse
728 900 878 948 aliquos
900 901 969 936 hac
992 900 1038 936 de
1059 912 1102 937 re
1125 899 1314 937 dubitare.
1359 925 1375 943 »
1386 899 1496 936 Unde
1519 901 1558 936 et
1571 912 1689 936 unam
1705 899 1949 936 voluntatem

212 959 384 996 fatemur
405 960 449 996 D.
472 959 518 996 N.
541 959 576 996 J.
601 959 756 1003 Christi,
790 960 923 1007 inquit
944 959 1025 1008 ipse
1048 972 1105 1007 ep.
1129 958 1261 1006 priori,
1285 958 1377 1006 quia
1397 958 1571 1007 profecto
1603 971 1623 995 a
1654 958 1859 994 divinitate
1891 970 1948 994 as-

215 1020 375 1066 sumpta
397 1021 458 1055 est
478 1023 613 1055 nostra
626 1023 782 1063 natura,
806 1031 884 1055 non
900 1019 1014 1066 culpa
1026 1016 1076 1070 1);
1099 1018 1168 1054 illa
1180 1017 1365 1066 profecto,
1390 1030 1488 1066 quae
1503 1019 1593 1054 ante
1607 1019 1807 1065 peccatum
1822 1018 1949 1053 creata

214 1079 284 1122 est,
307 1089 385 1114 non
409 1090 506 1125 quae
541 1080 631 1125 post
660 1077 1034 1126 praevaricationem
1064 1076 1207 1114 vitiata
1223 1077 1255 1124 2)
1279 1105 1286 1112 .
1311 1105 1317 1112 .
1342 1106 1349 1113 .
1372 1077 1458 1114 Non
1490 1078 1551 1113 est
1581 1076 1714 1124 itaque
1747 1077 1950 1123 assumpta

213 1149 235 1173 a
257 1135 457 1173 Salvatore
479 1136 618 1173 vitiata
639 1139 791 1180 natura,
825 1149 923 1184 quae
945 1138 1182 1185 repugnaret
1204 1135 1281 1184 legi
1312 1135 1456 1172 mentis
1480 1137 1576 1183 ejus,
1611 1135 1678 1172 sed
1700 1135 1808 1172 venit
1832 1146 1948 1182 quae-

213 1207 298 1232 rere
321 1197 360 1232 et
383 1196 533 1233 salvare
556 1195 659 1243 quod
683 1195 851 1243 perierat
873 1196 896 1232 i.
920 1208 950 1232 e.
973 1195 1153 1232 vitiatam
1176 1194 1339 1231 humani
1364 1194 1518 1243 generis
1541 1196 1734 1231 naturam.
1777 1194 1873 1230 Nam
1889 1193 1950 1229 lex

213 1254 288 1291 alia
309 1254 351 1291 in
373 1254 558 1292 membris
580 1257 648 1291 aut
669 1255 855 1291 voluntas
879 1254 1029 1291 diversa
1044 1252 1077 1306 3)
1113 1266 1191 1291 non
1222 1253 1300 1290 fuit
1321 1254 1384 1291 vel
1406 1253 1599 1290 contraria
1621 1253 1824 1298 Salvator-i,
1858 1252 1951 1300 quia

213 1325 330 1361 super
342 1314 469 1362 legem
483 1315 599 1350 natus
613 1315 674 1350 est
695 1313 886 1350 humanae
909 1313 1140 1350 conditionis
1155 1311 1189 1364 4)
1203 1317 1231 1349 ‘.
1269 1311 1372 1356 Quot
1393 1312 1515 1349 incisa
1537 1315 1596 1350 tot
1617 1312 1696 1349 fere
1719 1313 1951 1361 argumenta

213 1385 283 1421 pro
305 1372 375 1409 hac
397 1372 733 1421 interpretatione.
776 1372 827 1412 Cf.
860 1372 977 1409 etiam
1002 1374 1104 1409 Ana
1118 1371 1318 1409 stasius
1350 1371 1684 1417 bibliothecarius,
1717 1371 1784 1419 qui
1808 1370 1849 1407 in
1871 1371 1949 1407 col-

212 1431 398 1468 lectaneis
430 1432 477 1468 ad
508 1431 700 1468 Joannem
732 1431 828 1469 diac.
853 1429 980 1484 (Mig.
1011 1438 1101 1476 129,
1135 1428 1235 1483 560)
1269 1430 1423 1468 scribit:
1458 1430 1523 1474 ,Si
1557 1430 1687 1467 omnia
1718 1441 1949 1479 exaggerare

213 1490 396 1527 volumus
428 1490 532 1539 quod
567 1490 608 1527 in
646 1491 810 1527 Honorii
842 1503 962 1539 papae
997 1490 1281 1528 excusationem
1319 1490 1503 1539 colligere
1536 1501 1758 1538 possumus,
1795 1487 1948 1526 facilius

213 1549 345 1586 charta
365 1550 490 1594 nobis,
515 1562 630 1598 quam
666 1562 791 1587 sermo
824 1549 1016 1586 deficiet-f<
1060 1549 1211 1586 Ibidem
1235 1546 1356 1601 (559)
1390 1548 1631 1597 praemittit:
1665 1575 1682 1592 »
1695 1548 1787 1592 Quis
1819 1550 1948 1584 autem

212 1608 298 1653 erit,
323 1609 393 1656 qui
415 1609 528 1645 nobis
550 1608 711 1645 interim
734 1608 847 1654 dicat,
871 1611 1007 1645 utrum
1029 1608 1111 1657 ipse
1127 1605 1360 1660 (Honorius)
1384 1620 1453 1656 pro
1469 1610 1572 1644 certo
1587 1607 1793 1644 dictaverit
1806 1607 1950 1655 episto-

211 1667 302 1712 lam,
327 1670 373 1704 de
395 1680 473 1715 qua
493 1667 607 1704 illum
631 1667 984 1704 anathematizandi
1018 1667 1195 1704 fomitem
1227 1667 1528 1704 calumniatores
1561 1668 1829 1714 susceperunt,
1861 1677 1949 1702 cum

213 1729 253 1763 et
274 1738 318 1763 ex
341 1727 541 1775 scriptoris
572 1727 634 1763 vel
668 1726 1026 1775 indisciplinatione
1056 1727 1117 1763 vel
1149 1725 1191 1762 in
1221 1725 1442 1774 pontificem
1475 1725 1563 1762 odio
1596 1726 1692 1773 quid
1723 1725 1949 1774 contingere

213 1782 441 1837 (legendum
462 1785 562 1822 forte
583 1783 759 1837 confinyi)
783 1786 862 1822 tale
885 1785 1114 1834 potue1·it'?«
1148 1785 1292 1822 Fusius
1314 1784 1533 1822 Honorium
1562 1786 1700 1821 tuetur
1722 1786 1761 1821 et
1783 1784 1950 1832 explicat

212 1844 315 1881 idem
338 1844 586 1881 Maximus
609 1844 650 1881 in
672 1847 778 1881 tomo
802 1844 1022 1894 dogmatico
1046 1845 1094 1881 ad
1118 1844 1337 1881 Marianum
1359 1844 1488 1892 presb.
1511 1843 1562 1880 ib.
1584 1857 1621 1892 p.
1647 1849 1728 1884 ‘238
1753 1855 1801 1880 ss.

330 1927 428 1967 437.
461 1925 503 1967 3.
537 1923 746 1974 Quocirca
777 1923 999 1964 anathema
1032 1935 1058 1963 a
1089 1935 1206 1964 conc.
1238 1922 1303 1963 VI.
1338 1923 1381 1963 in
1410 1922 1645 1963 Honorium
1677 1922 1836 1963 dictum
1869 1934 1946 1962 non

204 1998 382 2048 propter
397 2007 592 2048 errorem,
617 2005 743 2046 quem
759 1993 963 2043 docuerit,
986 1994 1117 2034 latum
1133 1997 1287 2034 censeri
1308 1994 1429 2047 debet,
1451 1994 1521 2034 sed
1536 1997 1710 2048 propter
1731 1993 1946 2033 consilium

210 2064 290 2105 illis
312 2065 355 2105 in
378 2065 590 2118 adjunctis
614 2065 845 2106 admodum
868 2065 1201 2117 inopportunum
1225 2064 1383 2113 datum,
1415 2064 1528 2117 quod
1551 2064 1665 2105 haud
1687 2064 1859 2116 paulum
1883 2075 1948 2104 er-

211 2147 355 2177 rorem
377 2137 592 2189 promovit
615 2135 1002 2180 monotheleticum.
1045 2135 1095 2176 Et
1126 2135 1293 2176 etiamsi
1324 2134 1431 2176 forte
1464 2139 1607 2187 patres
1638 2135 1803 2176 concilii
1835 2133 1948 2175 aliud

211 2295 371 2338 utraque
389 2296 508 2328 forma
526 2306 606 2328 cum
626 2294 777 2328 alterius
806 2293 1064 2328 communione
1091 2294 1186 2337 quod
1216 2295 1405 2338 proprium
1425 2295 1498 2332 est;
1528 2293 1648 2327 Verbo
1676 2293 1750 2328 scil.
1776 2294 1950 2337 operante

212 2347 308 2391 quod
327 2347 439 2381 Verbi
459 2350 515 2381 est
534 2351 570 2382 et
588 2357 697 2380 carne
715 2348 936 2391 exsequente
955 2347 1054 2390 quod
1073 2346 1192 2380 carnis
1212 2347 1299 2380 ests¹

363 2402 386 2445 ¹)
406 2401 523 2445 Atqui
541 2402 675 2434 natura
692 2411 710 2434 e
723 2413 738 2434 s
750 2412 765 2434 s
777 2411 795 2434 e
806 2412 831 2433 n
841 2402 879 2434 ti
892 2399 935 2433 al
947 2401 958 2434 i
971 2402 988 2434 t
999 2411 1017 2434 e
1028 2412 1046 2434 1·
1064 2400 1296 2434 voluntatem
1308 2401 1465 2434 includit
1476 2401 1706 2439 rationalem,
1720 2409 1839 2444 neque
1852 2400 1949 2433 enim

211 2464 291 2488 eam
306 2455 419 2488 habet
436 2456 588 2499 propter
606 2465 624 2487 c
636 2454 716 2498 ulp
730 2465 816 2488 am:
846 2463 931 2497 ergo
951 2454 1168 2487 assumendo
1189 2456 1371 2494 naturam,
1390 2464 1463 2487 non
1481 2454 1638 2498 culpam,
1658 2453 1879 2487 rationalem
1897 2463 1949 2486 as-

209 2508 369 2551 sumpsit
386 2508 630 2542 voluntatem.

356 2561 382 2607 2)
401 2561 516 2604 Atqui
534 2562 668 2594 natura
685 2560 848 2594 humana
865 2561 949 2593 ante
969 2559 1115 2604 lapsum
1130 2559 1301 2603 praedita
1324 2561 1402 2594 erat
1425 2560 1617 2594 voluntate
1630 2560 1817 2599 rationali,
1832 2560 1950 2594 caruit

210 2623 296 2648 vero
315 2614 613 2658 concupiscentia
630 2615 861 2658 repugnante
880 2613 956 2657 legi
974 2613 1120 2652 mentis,
1149 2613 1188 2645 in
1207 2623 1318 2655 quam
1337 2613 1467 2647 incidit
1483 2625 1550 2658 per
1567 2614 1723 2659 lapsum,
1741 2613 1837 2647 unde
1855 2614 1895 2647 in
1913 2624 1949 2647 se

211 2667 399 2710 experitur
418 2667 603 2712 duplicem
621 2665 738 2701 veluti
766 2667 996 2700 voluntatem
1016 2666 1239 2699 contrariam
1259 2666 1376 2706 (Rom.
1395 2668 1428 2708 7,
1449 2670 1490 2702 15
1509 2668 1580 2712 ss).
1615 2667 1710 2711 Ergo
1730 2668 1947 2701 assumendo

211 2722 385 2753 naturam
401 2720 613 2761 humanam,
634 2719 754 2764 qualis
772 2719 845 2753 fuit
863 2721 949 2753 ante
965 2718 1334 2763 praevaricationem,
1352 2729 1426 2753 non
1444 2720 1624 2762 vitiatam,
1649 2720 1851 2765 assumpsit
1873 2731 1948 2763 qui·
1968 2731 1969 2734 ¹

213 2773 299 2806 dem
315 2772 557 2813 voluntatem,
576 2784 650 2807 non
670 2783 753 2806 vero
772 2773 1122 2817 concupiscentiam.

356 2829 381 2866 ⁸)
400 2825 494 2870 Ergo
515 2825 685 2860 voluntas
705 2826 862 2867 diversa,
881 2835 955 2869 qua
975 2826 1093 2859 caruit
1111 2825 1288 2867 Christus,
1308 2828 1365 2861 est
1381 2826 1480 2861 idem
1498 2836 1539 2859 ac
1556 2826 1613 2860 lex
1632 2826 1670 2859 in
1687 2825 1876 2863 membris;
1897 2826 1949 2858 at—

212 2878 277 2922 qui
294 2879 351 2913 lex
369 2879 409 2913 in
426 2879 601 2913 membris
628 2891 700 2913 non
721 2882 776 2913 est
793 2879 967 2913 voluntas
994 2879 1201 2919 rationalis,
1228 2879 1289 2913 sed
1317 2879 1632 2924 concupiscentia:
1660 2880 1729 2913 hac
1757 2889 1853 2922 erge,
1874 2889 1947 2912 non

210 2932 278 2966 illa
295 2933 424 2966 caruit.

355 2986 382 3030 ⁴³)
401 2986 499 3019 Haec
517 2985 806 3029 supernaturalis
832 2984 1007 3018 nascendi
1034 2985 1195 3020 conditio
1224 2986 1380 3020 eximere
1407 2987 1553 3030 quidem
1583 2986 1703 3030 potuit
1733 2995 1751 3017 a
1780 2985 1947 3028 concupi-

212 3038 362 3079 scentia,
382 3049 403 3071 a
420 3038 550 3072 rebelli
568 3040 649 3083 lege
669 3039 925 3077 membrorum,
945 3049 1134 3081 nunquam
1156 3049 1237 3073 vero
1256 3050 1277 3073 a
1296 3040 1485 3074 voluntate
1512 3039 1698 3073 rationali.
1735 3038 1785 3072 Cf.
1814 3037 1948 3071 Fran-

212 3103 230 3123 z
243 3089 344 3125 elin
363 3091 406 3125 de
424 3091 754 3137 incarnationerth.
773 3095 830 3125 40.
