2175 3382
517 124 694 168 probatur
712 134 754 157 ex
773 134 881 157 sensu
899 122 1101 157 theoretico
1121 125 1155 157 et
1173 123 1336 167 practico
1356 123 1605 167 antiquitatis.
1834 128 1923 170 443

193 256 226 285 c.
251 247 276 288 3
298 256 336 284 12.
359 246 385 287 ἵ)
407 242 567 284 nullum
590 241 770 294 amplius
792 240 1014 282 concilium
1038 240 1081 280 in
1103 253 1234 281 causa
1256 241 1477 293 pelagiana
1502 253 1595 283 esse
1619 243 1920 292 necessarium,

192 327 288 355 cum
318 313 470 364 „literis
491 312 530 353 b.
554 312 785 353 memoriae
808 323 945 364 papae
966 310 1200 352 Innocentii
1232 311 1284 352 de
1317 312 1397 352 hac
1428 324 1473 353 re
1503 313 1781 354 dubitatio
1805 318 1923 355 tota

191 385 359 426 sublata
390 385 477 426 sit.“
525 383 572 424 Et
607 388 756 424 contra
777 382 1002 430 Julianum,
1034 383 1105 434 qui
1137 394 1233 423 cum
1266 383 1357 423 aliis
1380 384 1588 436 episcopis
1620 384 1674 424 ad
1696 385 1921 425 concilium

192 456 513 497 oecumenicum
535 454 833 507 appellaverat,
865 453 1009 493 scribit
1030 452 1092 499 Ill,
1127 456 1147 496 1
1173 466 1211 493 n.
1235 456 1282 497 ὃς
1323 453 1497 504 „Vestra
1530 456 1641 505 apud
1674 460 1920 507 competens
1956 403 2175 517 wlff„

1934 533 2175 627 'm

186 526 390 579 judicium
415 525 704 567 communium
727 525 1022 576 episcoporum
1056 524 1184 565 modo
1217 536 1348 564 causa
1373 523 1491 564 finita
1523 530 1597 574 est,
1631 537 1709 565 nec
1741 525 1922 577 amplius

1995 319 2175 420 Μ

190 596 410 637 vobiscum
433 596 640 648 agendum
665 600 739 644 est,
762 599 965 648 quantum
989 595 1043 635 ad
1061 595 1129 647 jus
1153 595 1360 636 examinis
1382 596 1576 648 pertinet,
1611 596 1689 636 nisi
1711 600 1755 636 ut
1778 594 1962 648 prola-'‘t-
2010 611 2016 620 ·

191 672 278 707 tam
301 667 353 708 de
374 667 456 707 hac
478 679 522 707 re
545 667 799 707 sententiam
819 678 915 706 cum
934 678 1040 718 pace
1057 666 1314 718 sequamini:
1338 666 1451 719 quod
1474 667 1509 707 si
1532 666 1760 714 nolueritis,
1785 679 1809 706 a
1833 641 2097 707 tur-&⁴⁰44
2112 638 2175 680 Μ

190 737 362 778 bulenta
383 738 449 778 vel
470 737 673 778 insidiosa
694 737 980 789 inquietudine
1003 736 1327 781 cohibeamini.“

309 824 461 861 Similia
491 824 609 860 habet
641 824 946 861 Sozomenus
979 824 1026 860 de
1057 823 1274 860 Macedonii
1306 836 1434 861 errore
1465 824 1511 860 H.
1533 824 1575 862 E.
1596 823 1661 860 VI.
1688 829 1761 862 22:
1797 850 1813 867 »
1827 824 1921 860 Cum

189 884 281 921 haec
312 883 488 931 quaestio
521 886 713 932 ageretur,
747 885 786 920 et
808 883 1065 920 contendendi
1098 882 1274 920 studium
1300 883 1424 932 magis
1445 883 1648 932 magisque
1670 883 1712 919 in
1733 882 1815 919 dies
1838 895 1919 919 cre-

191 944 325 987 sceret,
349 943 554 990 episcopus
577 942 687 979 urbis
710 942 851 979 Romae
875 938 1097 994 (Damasus)
1125 942 1280 990 scripsit
1302 939 1350 994 (a.
1376 939 1475 994 378)
1499 942 1546 978 ad
1570 941 1777 978 orientales
1800 942 1919 978 eccle-

190 1001 276 1045 sias,
307 1003 354 1038 ut
376 1000 609 1038 Trinitatem
641 1001 1014 1038 consubstantialem
1046 1013 1087 1037 ac
1118 1001 1261 1038 honore
1283 1001 1486 1050 gloriaque
1509 1001 1711 1048 aequalem
1732 1013 1810 1037 una
1833 1012 1920 1037 cum

190 1060 492 1098 occidentalibus
523 1060 713 1108 episcopis
745 1060 1034 1097 confiterentur.
1079 1059 1161 1103 Quo
1192 1061 1294 1097 facto
1329 1063 1467 1108 utpote
1489 1060 1755 1096 controversia
1773 1060 1922 1108 judicio

188 1131 368 1156 romanae
399 1120 581 1156 ecclesiae
611 1119 818 1156 terminata
849 1119 995 1168 singuli
1022 1119 1214 1167 quievere,
1249 1132 1369 1167 eaque
1392 1119 1567 1166 quaestio
1589 1119 1706 1155 finem
1728 1119 1920 1167 accepisse

188 1178 273 1215 visa
303 1183 399 1215 est.«
443 1178 528 1215 Huc
558 1178 669 1223 refer,
703 1191 800 1226 quae
831 1180 1001 1215 testatur
1032 1191 1089 1226 cp.
1128 1185 1204 1218 110
1240 1176 1292 1227 (11.
1326 1184 1407 1217 405
1427 1175 1459 1230 3)
1492 1178 1785 1214 Marcianus
1814 1178 1920 1226 imp..

190 1237 369 1285 pluribus
400 1237 481 1274 scil.
505 1237 661 1274 dubiam
694 1237 810 1274 fuisse
832 1237 1019 1286 Eutychis
1048 1250 1118 1285 per
1148 1237 1356 1274 concilium
1383 1237 1682 1274 chalcedonense
1705 1237 1920 1273 damnatio-

190 1308 290 1340 nem,
315 1297 363 1333 ob
385 1296 512 1333 solum
534 1295 698 1332 dubium
730 1296 776 1332 de
799 1308 827 1332 s.
850 1297 990 1333 Leonis
1013 1296 1314 1333 confirmatione.
1359 1296 1465 1333 Unde
1488 1296 1614 1343 liquet
1635 1295 1920 1332 haereticorum

190 1355 473 1392 damnationem
506 1355 807 1403 peremptoriam
839 1355 949 1392 reddi
980 1367 1171 1392 consensu
1201 1356 1351 1392 romani
1381 1355 1588 1403 pontificis.
1631 1355 1685 1392 Eo
1718 1354 1801 1403 ipso
1828 1368 1920 1403 ergo

191 1414 294 1461 quod
325 1415 366 1451 in
397 1414 626 1450 damnandis
659 1414 865 1451 haereticis
895 1417 1052 1450 tantum
1076 1414 1151 1450 sibi
1174 1414 1343 1451 vindicat
1364 1426 1523 1451 romana
1544 1414 1664 1456 sedes,
1697 1414 1836 1450 merito
1859 1414 1919 1450 in-

190 1474 315 1510 fertur
335 1473 528 1510 haeresim
551 1473 596 1509 ad
620 1486 702 1509 eam
725 1485 919 1510 accessum
940 1473 1080 1510 habere
1103 1486 1179 1511 non
1200 1485 1334 1522 posse:
1370 1473 1562 1520 quomodo
1584 1473 1690 1509 enim
1712 1473 1795 1521 ejus
1811 1472 1920 1520 judi-

187 1532 290 1569 cium
322 1532 470 1569 censeri
502 1535 631 1580 posset
661 1532 967 1581 peremptorium
998 1535 1037 1569 et
1067 1544 1183 1569 causa
1204 1532 1325 1575 finita,
1358 1532 1390 1569 si
1420 1532 1521 1569 illud
1552 1544 1630 1568 non
1662 1544 1781 1579 supra
1807 1544 1920 1568 omne

187 1591 352 1628 dubium
374 1593 474 1628 esset
495 1591 681 1639 positum,
706 1592 737 1628 si
760 1604 838 1628 non
860 1591 1094 1628 infallibile'?
1139 1618 1155 1635 „
1168 1591 1247 1628 Hoc
1270 1596 1339 1635 est,
1363 1591 1496 1639 inquit
1519 1591 1546 1627 G
1561 1591 1758 1628 elasius
1783 1603 1839 1638 ep.
1867 1597 1915 1629 12

188 1651 234 1687 ai
256 1650 507 1687 Anastasium
528 1651 628 1699 Aug.
652 1663 687 1686 n.
715 1657 749 1695 6,
775 1650 879 1698 quod
902 1650 1010 1687 sedes
1032 1650 1242 1698 apostolica
1264 1663 1496 1698 magnopere
1517 1652 1732 1698 praecavet.
1760 1657 1804 1686 ut
1827 1649 1919 1697 quia

188 1709 334 1746 munda
354 1709 462 1746 radix
485 1712 543 1745 est
565 1709 731 1757 apostoli
752 1709 921 1758 gloriosa-
943 1709 1145 1746 confessio.
1178 1709 1287 1746 nulla
1309 1709 1407 1746 rima
1428 1709 1648 1757 pravitatis,
1677 1709 1785 1745 nulla
1808 1721 1915 1757 pror-

188 1780 253 1805 sus
283 1768 511 1817 contagione
542 1768 772 1805 maculetur.
815 1769 915 1805 Nam
947 1768 978 1805 si
1011 1766 1129 1820 (quod
1153 1769 1256 1805 Deus
1282 1770 1442 1811 avertat,
1475 1768 1579 1816 quod
1599 1768 1683 1804 fieri
1705 1779 1780 1804 uon
1805 1780 1919 1815 posse

189 1824 435 1879 confidimus)
468 1827 544 1863 tale
567 1827 715 1875 aliquid
737 1828 970 1875 proveniret,
998 1827 1103 1864 unde
1126 1827 1308 1875 cuiquam
1330 1827 1510 1864 resistere
1533 1827 1766 1864 auderemus
1790 1826 1921 1865 errori.

188 1886 250 1923 vel
280 1886 384 1923 unde
415 1886 690 1923 correctionem
719 1886 941 1923 errantibus
964 1888 1267 1934 posceremus‘?«
1313 1886 1364 1923 Cf.
1386 1886 1604 1923 ²loannis
1628 1886 1730 1922 VIII.
1754 1898 1812 1934 ep.
1845 1893 1918 1925 108

188 1949 228 1981 et
258 1952 332 1984 109
358 1943 483 1997 (Mig.
514 1951 603 1984 126.
632 1952 711 1985 759
737 1942 805 1997 ss)
829 1948 868 1982 et
890 1946 1075 1982 Leonis
1096 1946 1171 1990 IX,
1197 1946 1264 1993 qui
1286 1958 1343 1993 ep.
1364 1953 1441 1985 100
1467 1945 1514 1981 ad
1536 1945 1762 1982 Michaelem
1780 1945 1846 1981 ΟΡ.
1862 1957 1922 1993 ep.

187 2016 225 2040 n.
251 2011 270 2043 7
297 2002 344 2055 (a.
373 2001 499 2056 1044)
522 2004 580 2040 ita
603 2004 762 2040 scribit:
796 2005 909 2048 „Erit
931 2017 1022 2054 ergo
1046 2005 1255 2052 quisquam
1277 2007 1410 2041 tantae
1434 2003 1661 2059 dementiae,
1687 2004 1755 2051 qui
1778 2005 1921 2041 oratio—

187 2075 274 2100 nem
304 2063 415 2100 illius
449 2060 613 2114 (Christ-i
637 2064 724 2100 Luc.
752 2069 814 2107 22,
842 2064 1069 2114 32).·cujus
1092 2064 1190 2100 velle
1223 2066 1281 2100 est
1316 2076 1439 2112 posse,
1473 2063 1615 2100 audeat
1637 2063 1676 2099 111
1700 2063 1829 2110 aliquo
1852 2075 1920 2099 va-

189 2135 297 2159 ruam
320 2124 487 2169 putare?
520 2122 658 2159 Nonne
681 2135 702 2159 a
724 2123 814 2159 sede
835 2122 1022 2171 principis
1045 2123 1322 2170 apostolorum,
1355 2134 1516 2159 romana
1537 2122 1717 2158 videlicet
1740 2122 1921 2167 Ecclesia,

188 2183 270 2218 tam
291 2194 361 2229 per
382 2181 549 2218 eundem
571 2181 743 2227 Petrum,
776 2194 892 2229 quam
917 2194 984 2229 per
1007 2193 1246 2218 successores
1269 2194 1356 2218 suos
1378 2181 1584 2229 reprobata
1605 2183 1642 2217 et
1666 2181 1841 2217 convicta-
1862 2183 1920 2217 at-

190 2252 263 2288 que
285 2243 506 2289 expugnata
530 2244 623 2276 sunt
645 2240 818 2277 omnium
842 2241 1123 2277 haereticorum
1147 2244 1373 2278 commenta.
1398 2248 1436 2276 et
1457 2239 1623 2276 fratrum
1650 2240 1763 2277 corda
1790 2240 1831 2276 111
1845 2239 1921 2276 fide

189 2299 306 2343 Petri.
332 2312 428 2347 quae
450 2299 635 2336 hactenus
657 2311 725 2336 nec
748 2299 901 2337 defecit.
925 2313 993 2337 nec
1017 2300 1198 2348 usquein
1210 2299 1328 2336 finem
1343 2298 1504 2344 deficiet,
1530 2302 1623 2335 sunt
1638 2298 1919 2335 confi1·mata‘?«

310 2387 404 2421 422.
429 2377 671 2422 Scholion.
707 2382 927 2426 Quaeritur,
961 2383 1055 2430 quid
1086 2383 1300 2419 tenendum
1333 2382 1383 2418 sit
1409 2382 1456 2419 de
1478 2382 1671 2430 opinione,
1705 2381 1921 2418 secundum

192 2453 306 2487 quam
329 2453 511 2477 romanus
533 2440 719 2488 pontifex,
743 2444 936 2489 quatenus
960 2449 1017 2478 est
1039 2453 1203 2489 persona
1223 2454 1248 2488 p
1260 2441 1447 2486 rivata,
1476 2441 1517 2478 in
1539 2441 1728 2478 haeresim
1750 2441 1921 2477 incidere

189 2501 330 2548 potest.
371 2499 465 2536 Eam
497 2499 739 2536 admiserunt
770 2513 849 2538 non
879 2500 1001 2537 solum
1037 2500 1065 2536 ii
1087 2500 1272 2549 theologi,
1306 2499 1374 2547 qui
1393 2512 1488 2537 rom.
1511 2500 1704 2548 pontificis
1725 2503 1921 2549 negarunt

190 2558 526 2601 infallibilitatem,
561 2559 627 2595 sed
659 2559 790 2607 plures
822 2558 939 2595 etiam
971 2572 1016 2595 ex
1037 2559 1096 2603 iis,
1129 2559 1197 2606 qui
1219 2558 1395 2606 alioquin
1417 2562 1574 2596 strenue
1596 2560 1694 2596 hanc
1716 2571 1921 2608 praeroga-

190 2617 312 2654 tivam
343 2620 653 2666 propugnarunt.
694 2618 778 2654 Imo
810 2618 1021 2654 Toletus
1052 2618 1094 2654 in
1123 2623 1158 2656 2.
1185 2624 1205 2656 2
1241 2630 1275 2665 q.
1305 2626 1319 2657 1
1356 2631 1387 2654 a.
1416 2625 1463 2658 10
1498 2620 1669 2655 controv.
1695 2624 1716 2658 S
1753 2618 1870 2655 concl.
1897 2624 1916 2656 6

193 2675 384 2727 (Enarrat.
405 2675 455 2721 ΙΙ,
474 2673 543 2727 71)
567 2688 647 2713 eam
666 2678 777 2713 vocat
798 2676 1161 2721 communissimam,
1187 2689 1312 2724 „quae
1328 2676 1475 2725 judicio
1498 2689 1582 2714 meo
1604 2676 1921 2725 irrefragibiliter

190 2735 392 2783 probatur.
404 2740 421 2757 «
458 2735 580 2772 Nobis
602 2736 768 2784 placent,
793 2748 891 2783 quae
913 2735 959 2772 de
981 2748 1024 2772 ea
1045 2747 1135 2772 cum
1156 2735 1337 2782 plurimis
1358 2735 1553 2785 theologis
1574 2736 1714 2773 statuit
1736 2736 1922 2772 Suarez

193 2794 239 2830 de
268 2793 343 2830 fide
374 2793 470 2841 disp.
500 2801 547 2833 10
582 2797 673 2831 sect.
699 2802 719 2833 6
744 2807 780 2830 n.
812 2802 880 2833 11:
924 2794 1172 2837 „Procedant
1203 2791 1461 2846 (accusatores
1490 2792 1735 2845 pontificum)
1773 2805 1918 2842 suppo-

192 2853 330 2897 nendo,
353 2864 490 2889 verum
520 2853 740 2900 pontificem
774 2850 836 2904 (ut
868 2853 1058 2900 privatam
1090 2850 1308 2905 personam)
1331 2865 1441 2902 posse
1468 2853 1636 2890 incidere
1658 2854 1698 2890 in
1720 2852 1918 2889 haeresim.

193 2909 304 2954 Quod
333 2911 426 2948 licet
457 2911 575 2948 multi
596 2911 875 2949 verosimiliter
901 2911 1106 2957 affirment,
1138 2911 1231 2948 mihi
1255 2914 1388 2949 tamen
1411 2912 1583 2949 breviter
1604 2914 1642 2948 et
1664 2911 1786 2960 magis
1809 2911 1919 2958 pium

193 2973 231 3006 et
262 2969 504 3017 probabilius
527 2970 693 3011 videtur,
728 2983 835 3018 posse
868 2970 1025 3017 quidem
1058 2983 1198 3019 papam
1219 2973 1266 3007 ut
1285 2971 1475 3020 privatam
1497 2983 1701 3019 personam
1725 2981 1850 3006 errare
1873 2981 1919 3005 ex

191 3028 448 3077 ignoratione,
472 3039 551 3065 non
572 3031 704 3066 tamen
726 3042 769 3066 ex
792 3029 1043 3066 contumacia.
1087 3029 1271 3073 Quamvis
1295 3030 1397 3067 enim
1420 3029 1568 3066 efficere
1592 3029 1692 3066 Deus
1714 3028 1849 3076 possit,
1872 3029 1920 3064 ut

193 3086 412 3123 haereticus
439 3099 538 3135 papa
558 3100 635 3125 non
657 3090 794 3125 noceat
815 3088 1014 3132 Ecclesiae,
1049 3089 1205 3126 suavior
1225 3090 1356 3126 tamen
1377 3089 1514 3126 modus
1536 3088 1689 3125 divinae
1710 3087 1919 3135 providen-
