2175 3382
228 140 311 180 488
668 134 787 167 Tract.
807 133 864 168 IV.
887 135 930 168 de
950 134 1030 168 fide.
1052 134 1231 176 Quomodi
1252 134 1349 168 credi
1368 134 1514 180 possint

345 266 384 297 (⁶.
409 255 592 300 Quamvis
614 268 762 293 merere
784 257 977 306 possimus
1007 257 1256 294 assentiendo
1287 257 1389 295 bona
1410 257 1484 295 fide
1507 258 1621 295 etiam
1645 259 1765 296 errori
1797 249 1972 309 propter⁶

226 315 364 352 bonam
388 315 647 364 devotamque
669 315 790 353 animi
812 317 1069 361 voluntatem,
1092 319 1225 354 tamen
1247 316 1402 354 bonitas
1426 316 1514 354 fidei
1539 329 1616 365 qua
1637 317 1741 363 talis,
1764 330 1849 356 cum
1867 330 1957 356 con-

225 375 401 411 tineatur
422 375 566 412 mentis
588 387 761 420 assensu,
794 375 939 424 pendet
961 375 1225 413 essentialiter
1247 388 1268 412 a
1290 375 1456 413 veritate
1477 376 1641 425 objecti:
1672 388 1800 426 neque
1822 377 1855 415 is
1876 378 1959 416 ulla

227 434 443 471 voluntatis
467 433 641 471 bonitate
664 434 791 472 bonus
814 435 924 472 reddi
948 437 1088 483 potest,
1123 436 1154 472 si
1177 435 1373 483 objectum
1397 443 1456 472 est
1478 435 1633 479 falsum,
1666 436 1759 484 quia
1780 439 1877 474 tunc
1897 439 1959 475 est

225 505 432 537 erroneus3
466 505 585 541 quare
608 495 654 531 ut
676 494 890 542 prudenter
912 495 1243 542 laudabiliterque
1266 494 1421 531 firmum
1444 494 1581 532 elicere
1613 495 1806 543 possimus
1828 498 1958 534 actum

225 552 325 597 fidei,
350 555 474 589 certos
497 565 565 590 nos
588 565 670 590 esse
692 556 844 602 oportet
866 554 912 591 de
936 554 1077 602 objecti
1112 553 1297 591 veritate:
1334 553 1381 589 de
1412 553 1482 591 hac
1513 556 1644 591 autem
1675 555 1771 592 certi
1801 557 1957 592 tantum

224 624 307 648 esse
330 624 548 659 possumuS‚
573 612 603 649 si
627 614 731 650 certa
754 612 806 649 sit
827 613 1032 650 revelatio:
1068 614 1202 650 contra
1224 612 1384 650 virtutis
1406 613 1563 650 moralis
1584 613 1741 651 bonitas
1764 626 1843 652 non
1864 626 1958 664 pen-

225 671 291 707 det
313 684 333 707 a
355 671 519 708 veritate
541 671 755 709 theoretica
772 672 912 719 judicii
936 672 1034 709 circa
1065 673 1174 709 actus
1196 672 1404 718 objectum,
1438 672 1502 709 sed
1526 685 1547 709 a
1569 672 1839 711 conformitate
1870 686 1959 712 cum

224 730 362 779 regula
385 743 549 774 morum,
581 743 680 778 quae
703 743 814 779 saepe
836 732 970 776 dictat,
1004 733 1132 769 stante
1156 731 1273 769 etiam
1296 730 1677 779 sola-probabilitate
1708 732 1960 771 laudabiliter

224 789 392 826 exerceri
414 801 527 837 posse
549 790 750 827 virtutem.
785 791 844 827 Ita
866 791 1022 828 bonitas
1044 791 1310 839 eleemosynae
1331 803 1410 827 non
1432 790 1577 839 pendet
1599 791 1800 830 averitate
1816 792 1959 841 judicii

225 848 272 886 de
295 849 459 885 alterius
482 849 712 898 indigentia,
745 862 834 886 nam
856 850 1011 887 etiamsi
1034 850 1102 888 hoc
1138 850 1191 887 sit
1221 862 1439 896 erroneum,
1471 850 1717 899 eleemosyna
1750 851 1960 889 laudabilis

225 920 306 945 esse
327 908 492 956 poterit;
516 908 582 945 sed
604 909 748 956 pendet
770 922 791 945 a
813 909 1085 947 conformitate
1099 922 1185 947 cum
1201 910 1339 959 regula
1352 921 1516 954 morum,
1541 922 1640 958 quae
1655 909 1788 956 dictat,
1812 910 1960 949 bonum

225 979 305 1004 esse
328 967 417 1003 dare
440 967 724 1016 eleemosynam
747 968 920 1016 pauperi.
964 968 1152 1013 Quoniam
1176 981 1267 1006 vero
1301 981 1388 1005 raro
1413 968 1578 1006 habetur
1599 968 1795 1007 certitudo
1827 970 1872 1008 de
1903 970 1959 1008 al-

224 1026 347 1063 terius
369 1028 610 1075 paupertate,
647 1039 695 1063 ne
718 1027 810 1065 haec
831 1027 958 1065 Virtus
980 1028 1059 1065 fere
1081 1041 1283 1076 nunquam
1307 1027 1426 1076 possit
1448 1028 1628 1077 exerceri,
1661 1028 1832 1077 prudens
1849 1029 1958 1078 judi-

225 1085 328 1122 cium
351 1085 546 1122 sufficiens
568 1086 613 1122 ad
637 1086 823 1123 meritum
847 1089 886 1124 et
907 1087 1094 1124 virtutem
1118 1088 1295 1131 habetur,
1320 1087 1474 1135 quoties
1496 1088 1632 1136 majori
1655 1087 1846 1126 minorive
1867 1101 1956 1138 pro-

223 1144 427 1182 babilitate
444 1145 646 1193 judicatur
668 1146 735 1183 ille
756 1159 916 1195 pauper,
941 1147 1010 1195 qui
1032 1147 1319 1196 eleemosynam
1339 1147 1451 1195 petit.

343 1201 388 1243 (l.
413 1203 558 1241 Verum
581 1204 790 1254 praecipua
812 1205 1032 1243 differentia
1053 1207 1094 1244 in
1117 1219 1159 1244 eo
1174 1208 1232 1244 est
1246 1206 1331 1251 sita,
1354 1206 1459 1254 quod
1473 1208 1583 1243 actus
1603 1206 1695 1243 fidei
1709 1206 1959 1245 firmissimus

225 1276 305 1300 esse
328 1263 444 1301 debet
465 1265 583 1311 atque
605 1264 708 1309 talis,
742 1265 810 1313 qui
842 1278 954 1302 omne
989 1266 1153 1303 dubium
1175 1265 1434 1303 deliberatum
1464 1266 1580 1314 plane
1611 1265 1812 1313 excludat3
1847 1266 1959 1316 atqui

224 1322 296 1360 hoc
319 1322 400 1359 fieri
422 1323 638 1371 prudenter
659 1324 809 1372 nequit,
833 1324 864 1362 si
888 1325 971 1373 ejus
993 1325 1305 1371 fundamentum,
1341 1325 1422 1362 scil.
1445 1324 1591 1362 factum
1613 1325 1877 1372 revelationis,
1901 1327 1961 1364 est

224 1383 386 1418 tantum
409 1382 612 1431 probabile
635 1383 658 1419 i.
683 1396 714 1420 e.
738 1383 931 1431 ejusmodi
954 1384 1001 1421 de
1024 1397 1100 1433 quo
1123 1385 1335 1422 deliberate
1358 1384 1538 1421 dubitare
1561 1384 1688 1421 liceat.
1724 1385 1865 1422 Contra
1879 1385 1959 1423 vir—

223 1442 330 1478 tutes
351 1441 517 1478 morales
539 1453 618 1478 non
640 1442 814 1491 exigunt,
849 1446 896 1480 ut
917 1443 1083 1492 quodvis
1105 1456 1312 1481 occurrens
1344 1443 1507 1481 dubium
1538 1443 1799 1481 deliberatum
1829 1445 1958 1482 exclu-

225 1499 359 1544 datur3
396 1500 451 1537 ita
485 1513 514 1538 e.
538 1514 573 1550 g,
608 1501 715 1538 filius
750 1503 961 1550 perfectam
995 1503 1175 1540 exhibere
1209 1505 1340 1552 potest
1373 1503 1635 1541 obedientiam
1667 1515 1747 1541 non
1781 1504 1961 1541 obstante

225 1559 354 1604 dubio,
388 1562 523 1596 utrum
547 1560 592 1606 is,
626 1561 695 1609 qui
718 1561 753 1598 ei
775 1562 980 1610 praecipit,
1006 1562 1060 1600 sit
1081 1575 1171 1599 vere
1194 1562 1316 1611 ipsius
1337 1565 1449 1611 pater
1478 1574 1620 1607 necne;
1653 1564 1692 1599 et
1721 1563 1783 1600 vir
1813 1563 1963 1601 miseri-

225 1630 319 1664 cors,
344 1619 436 1656 dum
460 1619 663 1657 distribuit
686 1621 965 1670 eleemosynas,
990 1621 1173 1659 dubitare
1195 1622 1444 1670 permittitur
1466 1622 1513 1659 de
1535 1622 1705 1670 petentis
1730 1624 1964 1671 paupertate

224 1681 295 1715 etc.
347 1678 398 1715 Cf.
422 1678 557 1720 Viva,
591 1679 745 1717 trutina
776 1680 817 1717 in
847 1693 997 1729 propos.
1030 1681 1243 1726 damnatas,
1275 1681 1317 1718 in
1348 1694 1458 1730 prop.
1494 1687 1540 1721 21
1577 1681 1625 1718 ab
1647 1681 1876 1719 Innocentio
1899 1681 1963 1718 XI.

225 1737 469 1782 damnatam3
491 1738 639 1788 Lugo,
664 1738 765 1788 disp.
795 1748 806 1779 1
838 1753 875 1776 n.
901 1746 981 1781 318
1008 1752 1054 1778 ss.

348 1827 442 1861 473.
480 1818 713 1863 Scholion
738 1820 803 1863 Π.
843 1824 1034 1870 Quomodo
1057 1825 1275 1861 exsistentia
1298 1829 1331 1860 et
1352 1825 1564 1861 auctoritas
1586 1823 1659 1860 Dei
1680 1824 1783 1860 credi
1798 1824 1960 1871 possint.

223 1902 280 1907 —
304 1880 528 1918 Auctoritas
559 1882 630 1918 Dei
661 1882 1076 1933 revelantis-(infinita
1106 1883 1175 1921 Dei
1213 1883 1405 1932 sapientia
1439 1885 1478 1920 et
1511 1879 1732 1935 veracitas),
1767 1884 1964 1931 quatenus

224 1942 427 1987 tamquam
449 1940 646 1989 objectum
669 1942 849 1979 formal
865 1955 885 1979 e
907 1943 1013 1980 actui
1035 1943 1125 1980 fidei
1147 1943 1490 1992 praesupponitur,
1528 1941 1796 1992 cognoscenda
1817 1943 1878 1979 est
1901 1953 1963 1979 co-

224 1999 401 2047 gnitione
437 2000 596 2046 quidem
631 2002 943 2048 supernaturali,
979 2015 1023 2039 ex
1056 2002 1208 2039 viribus
1243 2002 1613 2050 supernaturalibus
1647 2001 1830 2050 profecta,
1865 2013 1964 2049 quae

224 2058 397 2106 primum
427 2072 506 2096 non
538 2073 582 2097 ex
613 2061 825 2098 revelantis
860 2061 1094 2099 auctoritate
1129 2061 1324 2107 hauritur,
1349 2061 1416 2099 sed
1447 2061 1597 2099 ratione
1619 2060 1858 2109 acquiritur;
1893 2060 1965 2098 hoc

224 2130 316 2154 vero
350 2117 589 2156 affirmantes
623 2132 702 2157 non
736 2133 934 2170 negamus,
971 2121 1245 2158 auctoritatem
1278 2121 1349 2158 Dei
1384 2121 1468 2169 ipso
1502 2120 1752 2158 revelationis
1787 2119 1963 2168 deposito

226 2189 383 2224 quoque
416 2178 608 2215 contineri
643 2181 681 2216 et
716 2180 788 2217 sub
822 2180 892 2217 hac
925 2181 1077 2218 ratione
1098 2182 1300 2229 tamquam
1334 2180 1424 2217 fidei
1458 2180 1657 2229 objectum
1689 2178 1963 2216 materiale

224 2238 385 2284 propter
407 2237 684 2275 auctoritatem
706 2239 777 2276 Dei
799 2240 1011 2277 revelantis
1034 2239 1190 2277 formali
1213 2242 1304 2277 actu
1324 2239 1416 2277 fidei
1429 2251 1511 2276 esse
1525 2238 1762 2277 credendum
1781 2235 1824 2290 1).
1859 2237 1963 2282 Quae

225 2295 419 2342 quomodo
442 2297 618 2345 componi
640 2298 805 2346 possint,
829 2311 907 2347 quo
929 2299 1072 2336 melius
1095 2298 1367 2347 perspiciatur,
1402 2298 1685 2336 observandam
1716 2298 1777 2334 est
1800 2293 1840 2337 1.
1862 2297 1964 2334 circa

226 2354 424 2402 objectum
448 2355 550 2392 idem
573 2357 774 2394 materiale
797 2358 943 2395 versari
964 2371 1076 2407 posse
1098 2358 1274 2407 ejusdem
1299 2357 1468 2406 subjecti
1500 2360 1609 2395 actus
1632 2370 1676 2394 ex
1701 2357 1853 2405 objecto
1884 2356 1963 2394 for-

226 2413 319 2450 mali
342 2413 514 2451 diversos
537 2415 700 2464 ideoque
734 2417 804 2454 hac
826 2430 871 2454 ex
901 2420 1014 2466 parte
1045 2417 1102 2454 nil
1133 2418 1298 2462 obstare,
1333 2417 1544 2465 quominus
1568 2416 1639 2454 Dei
1669 2415 1884 2453 auctoritas
1915 2415 1963 2452 ab

225 2472 359 2510 eodem
383 2473 537 2511 homine
561 2477 600 2511 et
622 2475 846 2514 immediate
868 2489 913 2513 ex
935 2477 1156 2514 rationibus
1179 2476 1345 2514 internis
1378 2478 1636 2525 cognoscatur
1666 2477 1706 2513 et
1726 2474 1896 2512 mediate
1917 2487 1963 2512 ex

225 2531 449 2569 testimonio
473 2534 662 2572 credatur.
705 2535 840 2584 Neque
873 2534 914 2575 2.
938 2536 1139 2573 timendus
1174 2538 1234 2573 est
1266 2548 1494 2585 progressus
1527 2536 1569 2572 in
1599 2534 1819 2579 infinitum3
1855 2533 1962 2571 ultro

225 2591 328 2627 enim
353 2592 601 2630 concedimus
624 2596 663 2630 et
685 2594 801 2631 etiam
824 2595 1110 2641 contendimus,
1133 2596 1264 2644 ipsum
1287 2594 1485 2632 formalem
1509 2598 1639 2632 actum
1661 2593 1762 2635 fidei.
1791 2605 1868 2641 quo
1890 2592 1962 2630 Dei

225 2650 437 2688 revelantis
460 2652 632 2690 creditur
660 2655 885 2699 auctoritas,
915 2657 1117 2702 tamquam
1138 2654 1393 2691 fundamento
1417 2666 1487 2691 suo
1508 2653 1628 2691 inniti
1650 2665 1694 2689 ea
1716 2651 1962 2690 auctoritatis

225 2709 400 2758 ejusdem
423 2711 658 2760 cognitione,
684 2725 781 2761 quae
804 2713 1023 2751 ultimatim
1047 2714 1186 2751 saltem
1208 2725 1287 2750 non
1309 2713 1459 2762 petitur
1480 2726 1523 2750 ex
1547 2712 1692 2749 motivo
1715 2710 1962 2749 auctoritatis

225 2768 294 2806 Dei
316 2769 573 2813 testificantis,
598 2771 762 2820 ideoque
785 2785 863 2809 non
886 2775 946 2810 est
967 2772 1061 2810 fides
1083 2772 1266 2818 formalis,
1300 2772 1366 2809 sed
1390 2775 1448 2809 est
1471 2771 1717 2809 auctoritatis
1739 2771 1810 2809 Dei
1832 2770 1962 2807 insitis

225 2840 270 2864 ex
291 2828 510 2866 rationibus
533 2829 758 2868 immediata
779 2832 1017 2877 intellecti03
1049 2832 1181 2881 itaque
1213 2831 1385 2868 creditur
1415 2831 1625 2869 auctoritas
1647 2830 1717 2867 Dei
1747 2828 1962 2867 revelantis

226 2889 388 2936 propter
410 2889 682 2926 auctoritatem
706 2890 774 2926 Dei
798 2903 878 2927 non
901 2891 1098 2935 creditam,
1123 2890 1189 2928 sed
1210 2890 1447 2927 intrinsecus
1471 2889 1769 2940 cognoscibilem
1791 2890 1830 2926 et
1849 2900 1962 2937 prae-

228 2946 448 2996 cognitam3
471 2948 576 2985 unde
597 2948 639 2985 in
661 2949 731 2985 hoc
753 2951 843 2986 actu
858 2950 959 2995 fidei,
984 2963 1061 2998 quo
1077 2949 1251 2987 creditur
1265 2949 1335 2986 Dei
1349 2949 1575 2995 auctoritas,
1599 2947 1818 2986 involvitur
1831 2959 1961 2985 assen-

375 3056 398 3102 1)
416 3055 468 3089 De
488 3055 670 3100 sapientia
690 3056 816 3090 divina
844 3058 889 3090 cf.
909 3069 943 3091 v.
962 3069 1015 3102 gr.
1035 3058 1089 3094 Ps.
1114 3060 1190 3099 146,
1210 3062 1249 3097 5;
1281 3060 1311 3093 2.
1333 3056 1411 3091 Cor.
1431 3059 1461 3097 2,
1483 3059 1536 3090 10.
1559 3059 1619 3095 112
1648 3056 1758 3091 Hebr.
1779 3060 1809 3096 5,
1833 3058 1893 3093 13:
1919 3055 1965 3089 de

227 3110 428 3144 veracitate
447 3109 571 3144 divina
589 3109 644 3143 J0.
660 3111 692 3148 8,
715 3111 778 3146 ⁶28:
797 3108 908 3143 Hebr.
929 3113 960 3150 6,
982 3113 1023 3144 18
1042 3112 1110 3144 etc.

2149 1151 2175 1425 zfflfflfflaetmz'
2152 1106 2154 1110 “

2151 1612 2156 1620 ·
2154 1582 2162 1596 w
2147 1494 2167 1572 ‘su—x
2150 1427 2167 1486 ’μή
