<?xml version="1.0" encoding="UTF-8"?>
<!DOCTYPE html PUBLIC "-//W3C//DTD XHTML 1.0 Transitional//EN"
    "http://www.w3.org/TR/xhtml1/DTD/xhtml1-transitional.dtd">
<html xmlns="http://www.w3.org/1999/xhtml" xml:lang="en" lang="en">
 <head>
  <title>
</title>
<meta http-equiv="Content-Type" content="text/html;charset=utf-8" />
  <meta name='ocr-system' content='tesseract 3.04.00' />
  <meta name='ocr-capabilities' content='ocr_page ocr_carea ocr_par ocr_line ocrx_word'/>
</head>
<body>
  <div class='ocr_page' id='page_1' title='image "./theologiaedogmat01hurt/theologiaedogmat01hurt_0035.png"; bbox 0 0 2175 3382; ppageno 0'>
   <div class='ocr_carea' id='block_1_1' title="bbox 642 107 1947 158">
    <p class='ocr_par' dir='ltr' id='par_1_1' title="bbox 642 107 1947 158">
     <span class='ocr_line' id='line_1_1' title="bbox 642 107 1947 158; baseline 0.002 -17"><span class='ocrx_word' id='word_1_1' title='bbox 642 107 832 152; x_wconf 85' lang='lat' dir='ltr'>Obligatio</span> <span class='ocrx_word' id='word_1_2' title='bbox 851 107 1011 141; x_wconf 85' lang='lat' dir='ltr'>hominis</span> <span class='ocrx_word' id='word_1_3' title='bbox 1030 108 1241 152; x_wconf 85' lang='lat' dir='ltr'>inquirendi</span> <span class='ocrx_word' id='word_1_4' title='bbox 1259 109 1531 144; x_wconf 75' lang='lat' dir='ltr'>revelationem.</span> <span class='ocrx_word' id='word_1_5' title='bbox 1892 118 1947 158; x_wconf 71' lang='lat'>25</span> 
     </span>
    </p>
   </div>
   <div class='ocr_carea' id='block_1_2' title="bbox 212 229 1955 2391">
    <p class='ocr_par' dir='ltr' id='par_1_2' title="bbox 214 229 1950 749">
     <span class='ocr_line' id='line_1_2' title="bbox 220 229 1949 283; baseline 0.003 -17"><span class='ocrx_word' id='word_1_6' title='bbox 220 230 338 275; x_wconf 85' lang='lat' dir='ltr'>milia,</span> <span class='ocrx_word' id='word_1_7' title='bbox 360 229 438 266; x_wconf 90' lang='lat' dir='ltr'>imo</span> <span class='ocrx_word' id='word_1_8' title='bbox 460 229 502 266; x_wconf 90' lang='lat' dir='ltr'>in</span> <span class='ocrx_word' id='word_1_9' title='bbox 524 229 629 266; x_wconf 87' lang='lat' dir='ltr'>omni</span> <span class='ocrx_word' id='word_1_10' title='bbox 659 229 794 266; x_wconf 84' lang='lat' dir='ltr'>ordine</span> <span class='ocrx_word' id='word_1_11' title='bbox 825 229 956 266; x_wconf 84' lang='lat' dir='ltr'>sociali</span> <span class='ocrx_word' id='word_1_12' title='bbox 984 241 1062 267; x_wconf 88' lang='lat' dir='ltr'>non</span> <span class='ocrx_word' id='word_1_13' title='bbox 1093 231 1217 267; x_wconf 89' lang='lat' dir='ltr'>solum</span> <span class='ocrx_word' id='word_1_14' title='bbox 1249 232 1407 280; x_wconf 85' lang='lat' dir='ltr'>physica</span> <span class='ocrx_word' id='word_1_15' title='bbox 1429 232 1599 269; x_wconf 83' lang='lat' dir='ltr'>filiorum</span> <span class='ocrx_word' id='word_1_16' title='bbox 1621 233 1949 283; x_wconf 76' lang='lat' dir='ltr'>subditorumque</span> 
     </span>
     <span class='ocr_line' id='line_1_3' title="bbox 221 287 1942 341; baseline 0.003 -16"><span class='ocrx_word' id='word_1_17' title='bbox 221 289 338 332; x_wconf 85' lang='lat' dir='ltr'>salus,</span> <span class='ocrx_word' id='word_1_18' title='bbox 370 287 437 325; x_wconf 85' lang='lat' dir='ltr'>sed</span> <span class='ocrx_word' id='word_1_19' title='bbox 469 290 509 325; x_wconf 89' lang='lat' dir='ltr'>et</span> <span class='ocrx_word' id='word_1_20' title='bbox 530 287 747 336; x_wconf 85' lang='lat' dir='ltr'>spiritualis</span> <span class='ocrx_word' id='word_1_21' title='bbox 772 301 888 336; x_wconf 68' lang='lat' dir='ltr'>quam</span> <span class='ocrx_word' id='word_1_22' title='bbox 911 289 1126 336; x_wconf 89' lang='lat' dir='ltr'>plurimum</span> <span class='ocrx_word' id='word_1_23' title='bbox 1149 290 1294 337; x_wconf 87' lang='lat' dir='ltr'>pendet</span> <span class='ocrx_word' id='word_1_24' title='bbox 1325 303 1346 326; x_wconf 86' lang='lat' dir='ltr'>a</span> <span class='ocrx_word' id='word_1_25' title='bbox 1366 291 1594 339; x_wconf 85' lang='lat' dir='ltr'>parentibus</span> <span class='ocrx_word' id='word_1_26' title='bbox 1616 293 1942 341; x_wconf 74' lang='lat' dir='ltr'>praepositisque:</span> 
     </span>
     <span class='ocr_line' id='line_1_4' title="bbox 218 346 1948 396; baseline 0.002 -11"><span class='ocrx_word' id='word_1_27' title='bbox 218 346 508 396; x_wconf 84' lang='lat' dir='ltr'>sapientissima</span> <span class='ocrx_word' id='word_1_28' title='bbox 528 347 614 396; x_wconf 88' lang='lat' dir='ltr'>lege</span> <span class='ocrx_word' id='word_1_29' title='bbox 636 346 790 384; x_wconf 86' lang='lat' dir='ltr'>divinae</span> <span class='ocrx_word' id='word_1_30' title='bbox 811 347 1091 395; x_wconf 82' lang='lat' dir='ltr'>providentiae,</span> <span class='ocrx_word' id='word_1_31' title='bbox 1123 360 1223 396; x_wconf 89' lang='lat' dir='ltr'>quae</span> <span class='ocrx_word' id='word_1_32' title='bbox 1247 349 1420 385; x_wconf 83' lang='lat' dir='ltr'>homines</span> <span class='ocrx_word' id='word_1_33' title='bbox 1444 349 1483 385; x_wconf 92' lang='lat' dir='ltr'>in</span> <span class='ocrx_word' id='word_1_34' title='bbox 1505 350 1726 387; x_wconf 81' lang='lat' dir='ltr'>societatem</span> <span class='ocrx_word' id='word_1_35' title='bbox 1749 352 1834 388; x_wconf 87' lang='lat' dir='ltr'>vult</span> <span class='ocrx_word' id='word_1_36' title='bbox 1857 364 1948 389; x_wconf 86' lang='lat' dir='ltr'>con-</span> 
     </span>
     <span class='ocr_line' id='line_1_5' title="bbox 214 405 1949 455; baseline 0.003 -12"><span class='ocrx_word' id='word_1_37' title='bbox 214 407 393 455; x_wconf 84' lang='lat' dir='ltr'>jungere.</span> <span class='ocrx_word' id='word_1_38' title='bbox 426 405 551 450; x_wconf 79' lang='lat' dir='ltr'>Quare</span> <span class='ocrx_word' id='word_1_39' title='bbox 583 405 685 442; x_wconf 82' lang='lat' dir='ltr'>sicut</span> <span class='ocrx_word' id='word_1_40' title='bbox 705 406 819 442; x_wconf 89' lang='lat' dir='ltr'>modo</span> <span class='ocrx_word' id='word_1_41' title='bbox 839 406 1003 454; x_wconf 86' lang='lat' dir='ltr'>plurimi</span> <span class='ocrx_word' id='word_1_42' title='bbox 1025 406 1233 454; x_wconf 89' lang='lat' dir='ltr'>privantur</span> <span class='ocrx_word' id='word_1_43' title='bbox 1253 407 1420 444; x_wconf 87' lang='lat' dir='ltr'>aliorum</span> <span class='ocrx_word' id='word_1_44' title='bbox 1452 408 1565 455; x_wconf 87' lang='lat' dir='ltr'>culpa</span> <span class='ocrx_word' id='word_1_45' title='bbox 1590 409 1826 447; x_wconf 77' lang='lat' dir='ltr'>revelatione</span> <span class='ocrx_word' id='word_1_46' title='bbox 1848 411 1949 447; x_wconf 86' lang='lat' dir='ltr'>chri-</span> 
     </span>
     <span class='ocr_line' id='line_1_6' title="bbox 221 464 1950 516; baseline 0.002 -14"><span class='ocrx_word' id='word_1_47' title='bbox 221 465 356 510; x_wconf 80' lang='lat' dir='ltr'>stiana,</span> <span class='ocrx_word' id='word_1_48' title='bbox 380 465 436 502; x_wconf 87' lang='lat' dir='ltr'>ita</span> <span class='ocrx_word' id='word_1_49' title='bbox 457 464 619 513; x_wconf 86' lang='lat' dir='ltr'>plurimi</span> <span class='ocrx_word' id='word_1_50' title='bbox 639 464 784 513; x_wconf 87' lang='lat' dir='ltr'>privati</span> <span class='ocrx_word' id='word_1_51' title='bbox 804 464 912 501; x_wconf 86' lang='lat' dir='ltr'>fuere</span> <span class='ocrx_word' id='word_1_52' title='bbox 934 465 1174 502; x_wconf 79' lang='lat' dir='ltr'>revelatione</span> <span class='ocrx_word' id='word_1_53' title='bbox 1195 466 1451 514; x_wconf 77' lang='lat' dir='ltr'>primordiali.</span> <span class='ocrx_word' id='word_1_54' title='bbox 1495 466 1578 510; x_wconf 79' lang='lat' dir='ltr'>Quo</span> <span class='ocrx_word' id='word_1_55' title='bbox 1609 479 1699 504; x_wconf 88' lang='lat' dir='ltr'>vero</span> <span class='ocrx_word' id='word_1_56' title='bbox 1726 475 1836 516; x_wconf 82' lang='lat' dir='ltr'>pacto</span> <span class='ocrx_word' id='word_1_57' title='bbox 1860 470 1950 506; x_wconf 85' lang='lat' dir='ltr'>haee</span> 
     </span>
     <span class='ocr_line' id='line_1_7' title="bbox 220 523 1949 574; baseline 0.001 -12"><span class='ocrx_word' id='word_1_58' title='bbox 220 523 480 562; x_wconf 66' lang='lat' dir='ltr'>concflientur</span> <span class='ocrx_word' id='word_1_59' title='bbox 509 535 598 560; x_wconf 87' lang='lat' dir='ltr'>cum</span> <span class='ocrx_word' id='word_1_60' title='bbox 628 523 765 560; x_wconf 88' lang='lat' dir='ltr'>divina</span> <span class='ocrx_word' id='word_1_61' title='bbox 797 524 973 560; x_wconf 86' lang='lat' dir='ltr'>bonitate</span> <span class='ocrx_word' id='word_1_62' title='bbox 1004 524 1066 561; x_wconf 89' lang='lat' dir='ltr'>vel</span> <span class='ocrx_word' id='word_1_63' title='bbox 1091 525 1260 572; x_wconf 82' lang='lat' dir='ltr'>justitia,</span> <span class='ocrx_word' id='word_1_64' title='bbox 1293 525 1461 562; x_wconf 86' lang='lat' dir='ltr'>fatemur</span> <span class='ocrx_word' id='word_1_65' title='bbox 1492 537 1576 562; x_wconf 89' lang='lat' dir='ltr'>esse</span> <span class='ocrx_word' id='word_1_66' title='bbox 1598 527 1849 574; x_wconf 75' lang='lat' dir='ltr'>mysterium3</span> <span class='ocrx_word' id='word_1_67' title='bbox 1884 528 1949 564; x_wconf 86' lang='lat' dir='ltr'>sed</span> 
     </span>
     <span class='ocr_line' id='line_1_8' title="bbox 221 581 1950 632; baseline 0.002 -12"><span class='ocrx_word' id='word_1_68' title='bbox 221 595 409 620; x_wconf 86' lang='lat' dir='ltr'>memores</span> <span class='ocrx_word' id='word_1_69' title='bbox 433 594 586 631; x_wconf 78' lang='lat' dir='ltr'>semper</span> <span class='ocrx_word' id='word_1_70' title='bbox 615 581 737 619; x_wconf 87' lang='lat' dir='ltr'>simus</span> <span class='ocrx_word' id='word_1_71' title='bbox 760 582 886 619; x_wconf 87' lang='lat' dir='ltr'>Deum</span> <span class='ocrx_word' id='word_1_72' title='bbox 916 583 1110 619; x_wconf 89' lang='lat' dir='ltr'>neminem</span> <span class='ocrx_word' id='word_1_73' title='bbox 1144 583 1345 631; x_wconf 84' lang='lat' dir='ltr'>injuste</span> <span class='ocrx_word' id='word_1_74' title='bbox 1368 584 1571 629; x_wconf 78' lang='lat' dir='ltr'>damnare,</span> <span class='ocrx_word' id='word_1_75' title='bbox 1608 597 1774 632; x_wconf 87' lang='lat' dir='ltr'>eumque</span> <span class='ocrx_word' id='word_1_76' title='bbox 1804 586 1950 623; x_wconf 88' lang='lat' dir='ltr'>nemini</span> 
     </span>
     <span class='ocr_line' id='line_1_9' title="bbox 223 641 1950 692; baseline 0.001 -13"><span class='ocrx_word' id='word_1_77' title='bbox 223 654 293 680; x_wconf 89' lang='lat' dir='ltr'>suo</span> <span class='ocrx_word' id='word_1_78' title='bbox 314 641 459 679; x_wconf 79' lang='lat' dir='ltr'>auxilio</span> <span class='ocrx_word' id='word_1_79' title='bbox 481 641 627 685; x_wconf 85' lang='lat' dir='ltr'>deesse,</span> <span class='ocrx_word' id='word_1_80' title='bbox 660 643 707 678; x_wconf 88' lang='lat' dir='ltr'>ut</span> <span class='ocrx_word' id='word_1_81' title='bbox 727 641 828 678; x_wconf 76' lang='lat' dir='ltr'>intra</span> <span class='ocrx_word' id='word_1_82' title='bbox 850 642 1100 679; x_wconf 79' lang='lat' dir='ltr'>ostendemus</span> <span class='ocrx_word' id='word_1_83' title='bbox 1131 642 1173 678; x_wconf 88' lang='lat' dir='ltr'>in</span> <span class='ocrx_word' id='word_1_84' title='bbox 1203 645 1314 679; x_wconf 86' lang='lat' dir='ltr'>tract.</span> <span class='ocrx_word' id='word_1_85' title='bbox 1347 643 1393 680; x_wconf 72' lang='lat' dir='ltr'>de</span> <span class='ocrx_word' id='word_1_86' title='bbox 1415 643 1540 692; x_wconf 84' lang='lat' dir='ltr'>gratia</span> <span class='ocrx_word' id='word_1_87' title='bbox 1562 656 1598 691; x_wconf 87' lang='lat' dir='ltr'>p.</span> <span class='ocrx_word' id='word_1_88' title='bbox 1625 650 1640 682; x_wconf 78' lang='lat'>1</span> <span class='ocrx_word' id='word_1_89' title='bbox 1671 656 1699 680; x_wconf 88' lang='lat' dir='ltr'>c.</span> <span class='ocrx_word' id='word_1_90' title='bbox 1726 649 1746 682; x_wconf 82' lang='lat'>2</span> <span class='ocrx_word' id='word_1_91' title='bbox 1772 658 1802 680; x_wconf 86' lang='lat' dir='ltr'>a.</span> <span class='ocrx_word' id='word_1_92' title='bbox 1829 651 1864 684; x_wconf 85' lang='lat'>3.</span> <span class='ocrx_word' id='word_1_93' title='bbox 1899 645 1950 681; x_wconf 83' lang='lat' dir='ltr'>Cf.</span> 
     </span>
     <span class='ocr_line' id='line_1_10' title="bbox 220 699 1134 749; baseline -0.001 -11"><span class='ocrx_word' id='word_1_94' title='bbox 220 701 453 738; x_wconf 81' lang='lat' dir='ltr'>Mendive</span> <span class='ocrx_word' id='word_1_95' title='bbox 475 700 606 737; x_wconf 85' lang='lat' dir='ltr'>Instit.</span> <span class='ocrx_word' id='word_1_96' title='bbox 628 699 748 737; x_wconf 86' lang='lat' dir='ltr'>theol.</span> <span class='ocrx_word' id='word_1_97' title='bbox 770 700 898 749; x_wconf 85' lang='lat' dir='ltr'>dogm.</span> <span class='ocrx_word' id='word_1_98' title='bbox 925 703 973 737; x_wconf 90' lang='lat' dir='ltr'>tr.</span> <span class='ocrx_word' id='word_1_99' title='bbox 1003 708 1017 740; x_wconf 94' lang='lat' dir='ltr'>l</span> <span class='ocrx_word' id='word_1_100' title='bbox 1045 713 1074 738; x_wconf 79' lang='lat' dir='ltr'>e.</span> <span class='ocrx_word' id='word_1_101' title='bbox 1100 707 1134 740; x_wconf 82' lang='lat'>2.</span> 
     </span>
    </p>

    <p class='ocr_par' dir='ltr' id='par_1_3' title="bbox 212 777 1955 2391">
     <span class='ocr_line' id='line_1_11' title="bbox 338 777 1951 835; baseline -0.001 -13"><span class='ocrx_word' id='word_1_102' title='bbox 338 782 404 824; x_wconf 80' lang='lat'>15.</span> <span class='ocrx_word' id='word_1_103' title='bbox 435 777 775 823; x_wconf 83' lang='lat' dir='ltr'>Corollarium.</span> <span class='ocrx_word' id='word_1_104' title='bbox 825 779 1028 832; x_wconf 67' lang='lat' dir='ltr'>Obliqatio</span> <span class='ocrx_word' id='word_1_105' title='bbox 1068 780 1247 820; x_wconf 72' lang='lat' dir='ltr'>hominis</span> <span class='ocrx_word' id='word_1_106' title='bbox 1286 782 1526 835; x_wconf 61' lang='lat' dir='ltr'>inquirende?</span> <span class='ocrx_word' id='word_1_107' title='bbox 1565 782 1860 823; x_wconf 62' lang='lat' dir='ltr'>revelationem.</span> <span class='ocrx_word' id='word_1_108' title='bbox 1895 807 1951 811; x_wconf 85' lang='lat'><em>-</em></span> 
     </span>
     <span class='ocr_line' id='line_1_12' title="bbox 220 849 1952 902; baseline 0.001 -12"><span class='ocrx_word' id='word_1_109' title='bbox 220 849 356 891; x_wconf 91' lang='lat' dir='ltr'>Homo</span> <span class='ocrx_word' id='word_1_110' title='bbox 388 861 492 890; x_wconf 90' lang='lat' dir='ltr'>sane</span> <span class='ocrx_word' id='word_1_111' title='bbox 519 849 614 902; x_wconf 87' lang='lat' dir='ltr'>jure</span> <span class='ocrx_word' id='word_1_112' title='bbox 637 854 816 890; x_wconf 86' lang='lat' dir='ltr'>naturae</span> <span class='ocrx_word' id='word_1_113' title='bbox 839 849 1051 902; x_wconf 81' lang='lat' dir='ltr'>obligatur</span> <span class='ocrx_word' id='word_1_114' title='bbox 1072 850 1126 890; x_wconf 89' lang='lat' dir='ltr'>ad</span> <span class='ocrx_word' id='word_1_115' title='bbox 1158 850 1484 902; x_wconf 81' lang='lat' dir='ltr'>religionem</span> <span class='ocrx_word' id='word_1_116' title='bbox 1516 852 1538 892; x_wconf 90' lang='lat' dir='ltr'>i.</span> <span class='ocrx_word' id='word_1_117' title='bbox 1563 863 1598 894; x_wconf 85' lang='lat' dir='ltr'>e.</span> <span class='ocrx_word' id='word_1_118' title='bbox 1620 852 1674 892; x_wconf 88' lang='lat' dir='ltr'>ad</span> <span class='ocrx_word' id='word_1_119' title='bbox 1697 852 1952 893; x_wconf 87' lang='lat' dir='ltr'>servandum</span> 
     </span>
     <span class='ocr_line' id='line_1_13' title="bbox 219 920 1953 974; baseline 0.002 -14"><span class='ocrx_word' id='word_1_120' title='bbox 219 922 262 961; x_wconf 89' lang='lat' dir='ltr'>in</span> <span class='ocrx_word' id='word_1_121' title='bbox 292 932 370 961; x_wconf 90' lang='lat' dir='ltr'>sua</span> <span class='ocrx_word' id='word_1_122' title='bbox 401 920 554 972; x_wconf 81' lang='lat' dir='ltr'>agendi</span> <span class='ocrx_word' id='word_1_123' title='bbox 575 920 826 973; x_wconf 89' lang='lat' dir='ltr'>vivendique</span> <span class='ocrx_word' id='word_1_124' title='bbox 852 921 1019 962; x_wconf 88' lang='lat' dir='ltr'>ratione</span> <span class='ocrx_word' id='word_1_125' title='bbox 1042 932 1140 962; x_wconf 92' lang='lat' dir='ltr'>eum</span> <span class='ocrx_word' id='word_1_126' title='bbox 1163 921 1368 971; x_wconf 76' lang='lat' dir='ltr'>ordinem,</span> <span class='ocrx_word' id='word_1_127' title='bbox 1399 922 1470 974; x_wconf 89' lang='lat' dir='ltr'>qui</span> <span class='ocrx_word' id='word_1_128' title='bbox 1492 924 1602 973; x_wconf 83' lang='lat' dir='ltr'>viget</span> <span class='ocrx_word' id='word_1_129' title='bbox 1623 923 1731 963; x_wconf 88' lang='lat' dir='ltr'>inter</span> <span class='ocrx_word' id='word_1_130' title='bbox 1752 923 1889 974; x_wconf 88' lang='lat' dir='ltr'>ipsum</span> <span class='ocrx_word' id='word_1_131' title='bbox 1912 929 1953 963; x_wconf 90' lang='lat' dir='ltr'>et</span> 
     </span>
     <span class='ocr_line' id='line_1_14' title="bbox 218 990 1953 1047; baseline 0.001 -15"><span class='ocrx_word' id='word_1_132' title='bbox 218 991 352 1033; x_wconf 91' lang='lat' dir='ltr'>Deum</span> <span class='ocrx_word' id='word_1_133' title='bbox 371 992 415 1047; x_wconf 86' lang='lat'>1).</span> <span class='ocrx_word' id='word_1_134' title='bbox 457 990 591 1032; x_wconf 88' lang='lat' dir='ltr'>Porro</span> <span class='ocrx_word' id='word_1_135' title='bbox 628 991 696 1032; x_wconf 83' lang='lat' dir='ltr'>hic</span> <span class='ocrx_word' id='word_1_136' title='bbox 719 996 783 1032; x_wconf 86' lang='lat' dir='ltr'>est</span> <span class='ocrx_word' id='word_1_137' title='bbox 804 991 1029 1043; x_wconf 81' lang='lat' dir='ltr'>triplex:</span> <span class='ocrx_word' id='word_1_138' title='bbox 1052 996 1115 1032; x_wconf 89' lang='lat' dir='ltr'>est</span> <span class='ocrx_word' id='word_1_139' title='bbox 1137 992 1250 1032; x_wconf 90' lang='lat' dir='ltr'>enim</span> <span class='ocrx_word' id='word_1_140' title='bbox 1272 991 1384 1032; x_wconf 88' lang='lat' dir='ltr'>Deus</span> <span class='ocrx_word' id='word_1_141' title='bbox 1406 1005 1449 1035; x_wconf 84' lang='lat' dir='ltr'>a.</span> <span class='ocrx_word' id='word_1_142' title='bbox 1473 993 1801 1045; x_wconf 88' lang='lat' dir='ltr'>principium</span> <span class='ocrx_word' id='word_1_143' title='bbox 1824 993 1953 1034; x_wconf 84' lang='lat' dir='ltr'>totius</span> 
     </span>
     <span class='ocr_line' id='line_1_15' title="bbox 219 1061 1953 1116; baseline 0.001 -13"><span class='ocrx_word' id='word_1_144' title='bbox 219 1063 282 1103; x_wconf 89' lang='lat' dir='ltr'>sui</span> <span class='ocrx_word' id='word_1_145' title='bbox 304 1073 410 1110; x_wconf 72' lang='lat' dir='ltr'>esse,</span> <span class='ocrx_word' id='word_1_146' title='bbox 443 1062 511 1103; x_wconf 83' lang='lat' dir='ltr'>cui</span> <span class='ocrx_word' id='word_1_147' title='bbox 533 1062 678 1103; x_wconf 87' lang='lat' dir='ltr'>omnia</span> <span class='ocrx_word' id='word_1_148' title='bbox 701 1061 846 1109; x_wconf 86' lang='lat' dir='ltr'>debet;</span> <span class='ocrx_word' id='word_1_149' title='bbox 880 1062 979 1102; x_wconf 85' lang='lat' dir='ltr'>hinc</span> <span class='ocrx_word' id='word_1_150' title='bbox 1001 1063 1046 1106; x_wconf 78' lang='lat' dir='ltr'>b.</span> <span class='ocrx_word' id='word_1_151' title='bbox 1069 1074 1294 1114; x_wconf 88' lang='lat' dir='ltr'>supremus</span> <span class='ocrx_word' id='word_1_152' title='bbox 1316 1062 1348 1102; x_wconf 94' lang='lat' dir='ltr'>D</span> <span class='ocrx_word' id='word_1_153' title='bbox 1362 1063 1594 1112; x_wconf 70' lang='lat' dir='ltr'>ominus,</span> <span class='ocrx_word' id='word_1_154' title='bbox 1626 1075 1651 1104; x_wconf 89' lang='lat' dir='ltr'>a</span> <span class='ocrx_word' id='word_1_155' title='bbox 1673 1076 1756 1116; x_wconf 91' lang='lat' dir='ltr'>quo</span> <span class='ocrx_word' id='word_1_156' title='bbox 1780 1076 1953 1116; x_wconf 87' lang='lat' dir='ltr'>prorsus</span> 
     </span>
     <span class='ocr_line' id='line_1_16' title="bbox 218 1122 1953 1186; baseline 0 -12"><span class='ocrx_word' id='word_1_157' title='bbox 218 1134 260 1174; x_wconf 91' lang='lat' dir='ltr'>in</span> <span class='ocrx_word' id='word_1_158' title='bbox 281 1133 479 1175; x_wconf 87' lang='lat' dir='ltr'>omnibus</span> <span class='ocrx_word' id='word_1_159' title='bbox 501 1133 658 1186; x_wconf 83' lang='lat' dir='ltr'>pendet</span> <span class='ocrx_word' id='word_1_160' title='bbox 679 1122 720 1174; x_wconf 87' lang='lat' dir='ltr'>et</span> <span class='ocrx_word' id='word_1_161' title='bbox 743 1133 861 1185; x_wconf 84' lang='lat' dir='ltr'>cujus</span> <span class='ocrx_word' id='word_1_162' title='bbox 883 1133 1068 1185; x_wconf 88' lang='lat' dir='ltr'>undique</span> <span class='ocrx_word' id='word_1_163' title='bbox 1091 1137 1175 1174; x_wconf 88' lang='lat' dir='ltr'>est:</span> <span class='ocrx_word' id='word_1_164' title='bbox 1197 1133 1309 1174; x_wconf 91' lang='lat' dir='ltr'>unde</span> <span class='ocrx_word' id='word_1_165' title='bbox 1325 1133 1474 1174; x_wconf 86' lang='lat' dir='ltr'>merito</span> <span class='ocrx_word' id='word_1_166' title='bbox 1489 1133 1600 1174; x_wconf 91' lang='lat' dir='ltr'>Deus</span> <span class='ocrx_word' id='word_1_167' title='bbox 1615 1134 1694 1175; x_wconf 88' lang='lat' dir='ltr'>sibi</span> <span class='ocrx_word' id='word_1_168' title='bbox 1709 1134 1765 1174; x_wconf 88' lang='lat' dir='ltr'>illi</span> <span class='ocrx_word' id='word_1_169' title='bbox 1779 1140 1953 1186; x_wconf 77' lang='lat' dir='ltr'>usurpat</span> 
     </span>
     <span class='ocr_line' id='line_1_17' title="bbox 212 1204 1953 1258; baseline -0.001 -13"><span class='ocrx_word' id='word_1_170' title='bbox 212 1204 350 1245; x_wconf 79' lang='lat' dir='ltr'>&#39;verba</span> <span class='ocrx_word' id='word_1_171' title='bbox 371 1204 464 1245; x_wconf 84' lang='lat' dir='ltr'>Mal.</span> <span class='ocrx_word' id='word_1_172' title='bbox 492 1209 526 1254; x_wconf 81' lang='grc'>1,</span> <span class='ocrx_word' id='word_1_173' title='bbox 551 1208 597 1248; x_wconf 79' lang='lat' dir='ltr'>G:</span> <span class='ocrx_word' id='word_1_174' title='bbox 621 1204 664 1245; x_wconf 88' lang='lat' dir='ltr'><em>F</em></span> <span class='ocrx_word' id='word_1_175' title='bbox 663 1205 758 1245; x_wconf 76' lang='lat' dir='ltr'>ilius</span> <span class='ocrx_word' id='word_1_176' title='bbox 779 1204 955 1244; x_wconf 76' lang='lat' dir='ltr'>honorat</span> <span class='ocrx_word' id='word_1_177' title='bbox 971 1209 1138 1258; x_wconf 77' lang='lat' dir='ltr'>patrem</span> <span class='ocrx_word' id='word_1_178' title='bbox 1161 1210 1196 1245; x_wconf 73' lang='lat' dir='ltr'>et</span> <span class='ocrx_word' id='word_1_179' title='bbox 1217 1218 1356 1244; x_wconf 75' lang='lat' dir='ltr'>servus</span> <span class='ocrx_word' id='word_1_180' title='bbox 1379 1205 1603 1245; x_wconf 71' lang='lat' dir='ltr'>Dominum</span> <span class='ocrx_word' id='word_1_181' title='bbox 1626 1218 1757 1245; x_wconf 76' lang='lat' dir='ltr'>suum.</span> <span class='ocrx_word' id='word_1_182' title='bbox 1794 1206 1839 1245; x_wconf 70' lang='grc' dir='ltr'>δι’</span> <span class='ocrx_word' id='word_1_183' title='bbox 1861 1219 1953 1258; x_wconf 61' lang='lat' dir='ltr'>eryt&gt;</span> 
     </span>
     <span class='ocr_line' id='line_1_18' title="bbox 212 1274 1954 1330; baseline -0.001 -14"><span class='ocrx_word' id='word_1_184' title='bbox 212 1281 338 1330; x_wconf 76' lang='lat' dir='ltr'>pater</span> <span class='ocrx_word' id='word_1_185' title='bbox 369 1290 439 1329; x_wconf 71' lang='lat' dir='ltr'>eqo</span> <span class='ocrx_word' id='word_1_186' title='bbox 473 1289 578 1329; x_wconf 74' lang='lat' dir='ltr'>sum,</span> <span class='ocrx_word' id='word_1_187' title='bbox 608 1275 679 1316; x_wconf 61' lang='lat' dir='ltr'>aba·</span> <span class='ocrx_word' id='word_1_188' title='bbox 701 1279 756 1315; x_wconf 76' lang='lat' dir='ltr'>est</span> <span class='ocrx_word' id='word_1_189' title='bbox 778 1275 908 1315; x_wconf 75' lang='lat' dir='ltr'>honor</span> <span class='ocrx_word' id='word_1_190' title='bbox 929 1274 1076 1315; x_wconf 68' lang='lat' dir='ltr'>meus?</span> <span class='ocrx_word' id='word_1_191' title='bbox 1107 1281 1143 1315; x_wconf 77' lang='lat' dir='ltr'>et</span> <span class='ocrx_word' id='word_1_192' title='bbox 1163 1277 1199 1315; x_wconf 78' lang='lat' dir='ltr'>si</span> <span class='ocrx_word' id='word_1_193' title='bbox 1223 1275 1413 1315; x_wconf 76' lang='lat' dir='ltr'>dominus</span> <span class='ocrx_word' id='word_1_194' title='bbox 1435 1289 1503 1329; x_wconf 68' lang='lat' dir='ltr'>eqo</span> <span class='ocrx_word' id='word_1_195' title='bbox 1526 1289 1630 1329; x_wconf 52' lang='lat' dir='ltr'>sum)</span> <span class='ocrx_word' id='word_1_196' title='bbox 1662 1275 1732 1315; x_wconf 67' lang='lat' dir='ltr'>ubi·</span> <span class='ocrx_word' id='word_1_197' title='bbox 1754 1280 1810 1316; x_wconf 73' lang='lat' dir='ltr'>est</span> <span class='ocrx_word' id='word_1_198' title='bbox 1833 1276 1954 1315; x_wconf 72' lang='lat' dir='ltr'>timm·</span> 
     </span>
     <span class='ocr_line' id='line_1_19' title="bbox 217 1345 1954 1399; baseline 0 -13"><span class='ocrx_word' id='word_1_199' title='bbox 217 1346 361 1388; x_wconf 71' lang='lat' dir='ltr'>meus?</span> <span class='ocrx_word' id='word_1_200' title='bbox 381 1346 556 1399; x_wconf 81' lang='lat' dir='ltr'>Insuper</span> <span class='ocrx_word' id='word_1_201' title='bbox 579 1359 619 1391; x_wconf 83' lang='grc' dir='ltr'>θ.</span> <span class='ocrx_word' id='word_1_202' title='bbox 644 1346 756 1387; x_wconf 89' lang='lat' dir='ltr'>Deus</span> <span class='ocrx_word' id='word_1_203' title='bbox 779 1350 844 1387; x_wconf 90' lang='lat' dir='ltr'>est</span> <span class='ocrx_word' id='word_1_204' title='bbox 865 1346 1053 1387; x_wconf 88' lang='lat' dir='ltr'>omnium</span> <span class='ocrx_word' id='word_1_205' title='bbox 1078 1345 1182 1395; x_wconf 72' lang='lat' dir='ltr'>finis,</span> <span class='ocrx_word' id='word_1_206' title='bbox 1214 1346 1257 1386; x_wconf 93' lang='lat' dir='ltr'>in</span> <span class='ocrx_word' id='word_1_207' title='bbox 1280 1358 1362 1398; x_wconf 91' lang='lat' dir='ltr'>quo</span> <span class='ocrx_word' id='word_1_208' title='bbox 1387 1346 1477 1387; x_wconf 91' lang='lat' dir='ltr'>solo</span> <span class='ocrx_word' id='word_1_209' title='bbox 1500 1346 1630 1387; x_wconf 90' lang='lat' dir='ltr'>homo</span> <span class='ocrx_word' id='word_1_210' title='bbox 1653 1346 1954 1398; x_wconf 78' lang='lat' dir='ltr'>perfectionem</span> 
     </span>
     <span class='ocr_line' id='line_1_20' title="bbox 218 1415 1953 1470; baseline 0 -13"><span class='ocrx_word' id='word_1_211' title='bbox 218 1416 609 1470; x_wconf 80' lang='lat' dir='ltr'>beatitudinemque</span> <span class='ocrx_word' id='word_1_212' title='bbox 631 1429 753 1457; x_wconf 87' lang='lat' dir='ltr'>suam</span> <span class='ocrx_word' id='word_1_213' title='bbox 776 1417 962 1468; x_wconf 85' lang='lat' dir='ltr'>reperire</span> <span class='ocrx_word' id='word_1_214' title='bbox 985 1421 1134 1468; x_wconf 85' lang='lat' dir='ltr'>potest.</span> <span class='ocrx_word' id='word_1_215' title='bbox 1170 1415 1311 1467; x_wconf 87' lang='lat' dir='ltr'>Quare</span> <span class='ocrx_word' id='word_1_216' title='bbox 1334 1421 1380 1457; x_wconf 90' lang='lat' dir='ltr'>ut</span> <span class='ocrx_word' id='word_1_217' title='bbox 1401 1428 1522 1457; x_wconf 90' lang='lat' dir='ltr'>suam</span> <span class='ocrx_word' id='word_1_218' title='bbox 1547 1421 1798 1469; x_wconf 76' lang='lat' dir='ltr'>assequatur</span> <span class='ocrx_word' id='word_1_219' title='bbox 1820 1416 1953 1457; x_wconf 85' lang='lat' dir='ltr'>beati-</span> 
     </span>
     <span class='ocr_line' id='line_1_21' title="bbox 217 1487 1952 1540; baseline 0 -12"><span class='ocrx_word' id='word_1_220' title='bbox 217 1488 418 1538; x_wconf 77' lang='lat' dir='ltr'>tudinem,</span> <span class='ocrx_word' id='word_1_221' title='bbox 451 1488 582 1529; x_wconf 87' lang='lat' dir='ltr'>vitam</span> <span class='ocrx_word' id='word_1_222' title='bbox 605 1500 727 1529; x_wconf 90' lang='lat' dir='ltr'>suam</span> <span class='ocrx_word' id='word_1_223' title='bbox 750 1488 793 1528; x_wconf 90' lang='lat' dir='ltr'>in</span> <span class='ocrx_word' id='word_1_224' title='bbox 816 1499 913 1528; x_wconf 89' lang='lat' dir='ltr'>eum</span> <span class='ocrx_word' id='word_1_225' title='bbox 936 1487 1115 1540; x_wconf 82' lang='lat' dir='ltr'>dirigere</span> <span class='ocrx_word' id='word_1_226' title='bbox 1138 1492 1265 1540; x_wconf 81' lang='lat' dir='ltr'>atque</span> <span class='ocrx_word' id='word_1_227' title='bbox 1288 1487 1497 1536; x_wconf 82' lang='lat' dir='ltr'>ordinare,</span> <span class='ocrx_word' id='word_1_228' title='bbox 1530 1487 1876 1540; x_wconf 83' lang='lat' dir='ltr'>conditionesque</span> <span class='ocrx_word' id='word_1_229' title='bbox 1898 1487 1952 1528; x_wconf 91' lang='lat' dir='ltr'>ad</span> 
     </span>
     <span class='ocr_line' id='line_1_22' title="bbox 217 1558 1951 1612; baseline -0.001 -12"><span class='ocrx_word' id='word_1_230' title='bbox 217 1571 312 1600; x_wconf 92' lang='lat' dir='ltr'>eam</span> <span class='ocrx_word' id='word_1_231' title='bbox 344 1559 655 1612; x_wconf 82' lang='lat' dir='ltr'>assequendam</span> <span class='ocrx_word' id='word_1_232' title='bbox 679 1559 922 1611; x_wconf 88' lang='lat' dir='ltr'>adimplere,</span> <span class='ocrx_word' id='word_1_233' title='bbox 953 1559 997 1599; x_wconf 89' lang='lat' dir='ltr'>in</span> <span class='ocrx_word' id='word_1_234' title='bbox 1027 1558 1353 1599; x_wconf 85' lang='lat' dir='ltr'>necessitatibus</span> <span class='ocrx_word' id='word_1_235' title='bbox 1376 1558 1431 1598; x_wconf 90' lang='lat' dir='ltr'>ad</span> <span class='ocrx_word' id='word_1_236' title='bbox 1453 1570 1550 1599; x_wconf 88' lang='lat' dir='ltr'>eum</span> <span class='ocrx_word' id='word_1_237' title='bbox 1574 1570 1793 1599; x_wconf 85' lang='lat' dir='ltr'>recurrere</span> <span class='ocrx_word' id='word_1_238' title='bbox 1815 1558 1951 1599; x_wconf 86' lang='lat' dir='ltr'>debet.</span> 
     </span>
     <span class='ocr_line' id='line_1_23' title="bbox 217 1628 1952 1683; baseline -0.001 -13"><span class='ocrx_word' id='word_1_239' title='bbox 217 1629 298 1671; x_wconf 89' lang='lat' dir='ltr'>Per</span> <span class='ocrx_word' id='word_1_240' title='bbox 327 1642 374 1672; x_wconf 88' lang='lat' dir='ltr'>se</span> <span class='ocrx_word' id='word_1_241' title='bbox 405 1635 547 1672; x_wconf 88' lang='lat' dir='ltr'>autem</span> <span class='ocrx_word' id='word_1_242' title='bbox 571 1634 699 1683; x_wconf 83' lang='lat' dir='ltr'>patet,</span> <span class='ocrx_word' id='word_1_243' title='bbox 729 1630 947 1670; x_wconf 89' lang='lat' dir='ltr'>hominem</span> <span class='ocrx_word' id='word_1_244' title='bbox 979 1630 1114 1670; x_wconf 87' lang='lat' dir='ltr'>teneri</span> <span class='ocrx_word' id='word_1_245' title='bbox 1145 1630 1199 1670; x_wconf 91' lang='lat' dir='ltr'>ad</span> <span class='ocrx_word' id='word_1_246' title='bbox 1234 1629 1480 1680; x_wconf 84' lang='lat' dir='ltr'>religionem</span> <span class='ocrx_word' id='word_1_247' title='bbox 1502 1641 1704 1677; x_wconf 80' lang='lat' dir='ltr'>veram,</span> <span class='ocrx_word' id='word_1_248' title='bbox 1735 1641 1845 1681; x_wconf 87' lang='lat' dir='ltr'>quae</span> <span class='ocrx_word' id='word_1_249' title='bbox 1866 1628 1952 1669; x_wconf 83' lang='lat' dir='ltr'>scil.</span> 
     </span>
     <span class='ocr_line' id='line_1_24' title="bbox 217 1699 1952 1754; baseline -0.001 -14"><span class='ocrx_word' id='word_1_250' title='bbox 217 1699 393 1742; x_wconf 89' lang='lat' dir='ltr'>fideliter</span> <span class='ocrx_word' id='word_1_251' title='bbox 415 1701 625 1754; x_wconf 83' lang='lat' dir='ltr'>exprimat</span> <span class='ocrx_word' id='word_1_252' title='bbox 646 1701 875 1741; x_wconf 88' lang='lat' dir='ltr'>relationes</span> <span class='ocrx_word' id='word_1_253' title='bbox 896 1711 1047 1741; x_wconf 86' lang='lat' dir='ltr'>revera</span> <span class='ocrx_word' id='word_1_254' title='bbox 1066 1700 1200 1741; x_wconf 89' lang='lat' dir='ltr'>Deum</span> <span class='ocrx_word' id='word_1_255' title='bbox 1222 1701 1333 1740; x_wconf 81' lang='lat' dir='ltr'>inter</span> <span class='ocrx_word' id='word_1_256' title='bbox 1355 1704 1397 1740; x_wconf 85' lang='lat' dir='ltr'>et</span> <span class='ocrx_word' id='word_1_257' title='bbox 1417 1699 1634 1740; x_wconf 90' lang='lat' dir='ltr'>hominem</span> <span class='ocrx_word' id='word_1_258' title='bbox 1657 1699 1843 1750; x_wconf 87' lang='lat' dir='ltr'>vigentes</span> <span class='ocrx_word' id='word_1_259' title='bbox 1864 1699 1952 1739; x_wconf 89' lang='lat' dir='ltr'>sive</span> 
     </span>
     <span class='ocr_line' id='line_1_25' title="bbox 218 1769 1953 1823; baseline -0.001 -11"><span class='ocrx_word' id='word_1_260' title='bbox 218 1783 269 1812; x_wconf 79' lang='lat' dir='ltr'>ex</span> <span class='ocrx_word' id='word_1_261' title='bbox 299 1771 360 1812; x_wconf 90' lang='lat' dir='ltr'>rei</span> <span class='ocrx_word' id='word_1_262' title='bbox 400 1777 555 1812; x_wconf 89' lang='lat' dir='ltr'>natura</span> <span class='ocrx_word' id='word_1_263' title='bbox 595 1772 683 1812; x_wconf 88' lang='lat' dir='ltr'>sive</span> <span class='ocrx_word' id='word_1_264' title='bbox 715 1783 766 1811; x_wconf 80' lang='lat' dir='ltr'>ex</span> <span class='ocrx_word' id='word_1_265' title='bbox 801 1771 987 1823; x_wconf 89' lang='lat' dir='ltr'>supremi</span> <span class='ocrx_word' id='word_1_266' title='bbox 1019 1772 1210 1812; x_wconf 90' lang='lat' dir='ltr'>omnium</span> <span class='ocrx_word' id='word_1_267' title='bbox 1242 1769 1473 1810; x_wconf 81' lang='lat' dir='ltr'>conditoris</span> <span class='ocrx_word' id='word_1_268' title='bbox 1504 1769 1723 1810; x_wconf 79' lang='lat' dir='ltr'>voluntate</span> <span class='ocrx_word' id='word_1_269' title='bbox 1755 1770 1953 1822; x_wconf 84' lang='lat' dir='ltr'>vigentes.</span> 
     </span>
     <span class='ocr_line' id='line_1_26' title="bbox 218 1840 1953 1893; baseline -0.002 -10"><span class='ocrx_word' id='word_1_270' title='bbox 218 1841 485 1883; x_wconf 83' lang='lat' dir='ltr'>Ostendimus</span> <span class='ocrx_word' id='word_1_271' title='bbox 508 1854 610 1883; x_wconf 85' lang='lat' dir='ltr'>vero</span> <span class='ocrx_word' id='word_1_272' title='bbox 641 1842 853 1883; x_wconf 89' lang='lat' dir='ltr'>rationem</span> <span class='ocrx_word' id='word_1_273' title='bbox 884 1842 1117 1882; x_wconf 89' lang='lat' dir='ltr'>humanam</span> <span class='ocrx_word' id='word_1_274' title='bbox 1150 1841 1229 1882; x_wconf 86' lang='lat' dir='ltr'>sibi</span> <span class='ocrx_word' id='word_1_275' title='bbox 1260 1854 1347 1882; x_wconf 84' lang='lat' dir='ltr'>non</span> <span class='ocrx_word' id='word_1_276' title='bbox 1369 1840 1561 1881; x_wconf 82' lang='lat' dir='ltr'>sufficere</span> <span class='ocrx_word' id='word_1_277' title='bbox 1585 1846 1713 1893; x_wconf 85' lang='lat' dir='ltr'>atque</span> <span class='ocrx_word' id='word_1_278' title='bbox 1734 1852 1953 1892; x_wconf 86' lang='lat' dir='ltr'>nunquam</span> 
     </span>
     <span class='ocr_line' id='line_1_27' title="bbox 217 1910 1953 1965; baseline -0.002 -11"><span class='ocrx_word' id='word_1_279' title='bbox 217 1912 431 1954; x_wconf 82' lang='lat' dir='ltr'>suffecisse</span> <span class='ocrx_word' id='word_1_280' title='bbox 463 1913 516 1954; x_wconf 87' lang='lat' dir='ltr'>ad</span> <span class='ocrx_word' id='word_1_281' title='bbox 547 1918 638 1954; x_wconf 88' lang='lat' dir='ltr'>tuto</span> <span class='ocrx_word' id='word_1_282' title='bbox 666 1925 717 1954; x_wconf 91' lang='lat' dir='ltr'>ac</span> <span class='ocrx_word' id='word_1_283' title='bbox 739 1918 855 1954; x_wconf 88' lang='lat' dir='ltr'>certo</span> <span class='ocrx_word' id='word_1_284' title='bbox 879 1912 1200 1965; x_wconf 79' lang='lat' dir='ltr'>cognoscendas</span> <span class='ocrx_word' id='word_1_285' title='bbox 1224 1923 1373 1953; x_wconf 87' lang='lat' dir='ltr'>omnes</span> <span class='ocrx_word' id='word_1_286' title='bbox 1397 1911 1554 1952; x_wconf 87' lang='lat' dir='ltr'>ordinis</span> <span class='ocrx_word' id='word_1_287' title='bbox 1577 1911 1752 1952; x_wconf 88' lang='lat' dir='ltr'>moralis</span> <span class='ocrx_word' id='word_1_288' title='bbox 1773 1910 1953 1963; x_wconf 89' lang='lat' dir='ltr'>ideoque</span> 
     </span>
     <span class='ocr_line' id='line_1_28' title="bbox 217 1981 1954 2036; baseline -0.002 -12"><span class='ocrx_word' id='word_1_289' title='bbox 217 1988 258 2024; x_wconf 90' lang='lat' dir='ltr'>et</span> <span class='ocrx_word' id='word_1_290' title='bbox 278 1984 491 2036; x_wconf 85' lang='lat' dir='ltr'>religionis</span> <span class='ocrx_word' id='word_1_291' title='bbox 513 1984 718 2025; x_wconf 89' lang='lat' dir='ltr'>naturalis</span> <span class='ocrx_word' id='word_1_292' title='bbox 739 1986 960 2033; x_wconf 80' lang='lat' dir='ltr'>veritates3</span> <span class='ocrx_word' id='word_1_293' title='bbox 995 1983 1108 2024; x_wconf 89' lang='lat' dir='ltr'>unde</span> <span class='ocrx_word' id='word_1_294' title='bbox 1130 1982 1347 2024; x_wconf 89' lang='lat' dir='ltr'>inferimus</span> <span class='ocrx_word' id='word_1_295' title='bbox 1370 1982 1553 2035; x_wconf 87' lang='lat' dir='ltr'>aliquem</span> <span class='ocrx_word' id='word_1_296' title='bbox 1575 1981 1650 2022; x_wconf 89' lang='lat' dir='ltr'>Dei</span> <span class='ocrx_word' id='word_1_297' title='bbox 1671 1982 1954 2022; x_wconf 80' lang='lat' dir='ltr'>interventum</span> 
     </span>
     <span class='ocr_line' id='line_1_29' title="bbox 216 2052 1952 2107; baseline -0.002 -12"><span class='ocrx_word' id='word_1_298' title='bbox 216 2066 309 2096; x_wconf 88' lang='lat' dir='ltr'>esse</span> <span class='ocrx_word' id='word_1_299' title='bbox 330 2055 632 2096; x_wconf 86' lang='lat' dir='ltr'>necessarium.</span> <span class='ocrx_word' id='word_1_300' title='bbox 654 2054 883 2096; x_wconf 88' lang='lat' dir='ltr'>Tenebitur</span> <span class='ocrx_word' id='word_1_301' title='bbox 905 2067 1005 2107; x_wconf 81' lang='lat' dir='ltr'>ergo</span> <span class='ocrx_word' id='word_1_302' title='bbox 1028 2055 1170 2103; x_wconf 71' lang='lat' dir='ltr'>homo,</span> <span class='ocrx_word' id='word_1_303' title='bbox 1193 2054 1228 2094; x_wconf 88' lang='lat' dir='ltr'>si</span> <span class='ocrx_word' id='word_1_304' title='bbox 1250 2053 1331 2094; x_wconf 88' lang='lat' dir='ltr'>sibi</span> <span class='ocrx_word' id='word_1_305' title='bbox 1353 2052 1575 2094; x_wconf 87' lang='lat' dir='ltr'>consulere</span> <span class='ocrx_word' id='word_1_306' title='bbox 1596 2052 1706 2100; x_wconf 75' lang='lat' dir='ltr'>velit,</span> <span class='ocrx_word' id='word_1_307' title='bbox 1729 2052 1952 2104; x_wconf 67' lang='lat' dir='ltr'>inquirere.</span> 
     </span>
     <span class='ocr_line' id='line_1_30' title="bbox 216 2121 1953 2179; baseline -0.003 -13"><span class='ocrx_word' id='word_1_308' title='bbox 216 2138 318 2166; x_wconf 89' lang='lat' dir='ltr'>num</span> <span class='ocrx_word' id='word_1_309' title='bbox 339 2125 451 2166; x_wconf 93' lang='lat' dir='ltr'>Deus</span> <span class='ocrx_word' id='word_1_310' title='bbox 482 2125 623 2179; x_wconf 91' lang='lat' dir='ltr'>aliquo</span> <span class='ocrx_word' id='word_1_311' title='bbox 655 2125 784 2167; x_wconf 90' lang='lat' dir='ltr'>modo</span> <span class='ocrx_word' id='word_1_312' title='bbox 817 2126 1048 2178; x_wconf 88' lang='lat' dir='ltr'>providerit</span> <span class='ocrx_word' id='word_1_313' title='bbox 1079 2125 1267 2166; x_wconf 89' lang='lat' dir='ltr'>humano</span> <span class='ocrx_word' id='word_1_314' title='bbox 1300 2124 1444 2176; x_wconf 81' lang='lat' dir='ltr'>generi</span> <span class='ocrx_word' id='word_1_315' title='bbox 1476 2128 1601 2176; x_wconf 88' lang='lat' dir='ltr'>atque</span> <span class='ocrx_word' id='word_1_316' title='bbox 1637 2122 1823 2175; x_wconf 87' lang='lat' dir='ltr'>aliquam</span> <span class='ocrx_word' id='word_1_317' title='bbox 1845 2121 1953 2162; x_wconf 86' lang='lat' dir='ltr'>forte</span> 
     </span>
     <span class='ocr_line' id='line_1_31' title="bbox 217 2194 1953 2249; baseline -0.002 -13"><span class='ocrx_word' id='word_1_318' title='bbox 217 2195 379 2237; x_wconf 88' lang='lat' dir='ltr'>dederit</span> <span class='ocrx_word' id='word_1_319' title='bbox 409 2196 728 2245; x_wconf 84' lang='lat' dir='ltr'>revelationem,</span> <span class='ocrx_word' id='word_1_320' title='bbox 758 2200 805 2237; x_wconf 91' lang='lat' dir='ltr'>ut</span> <span class='ocrx_word' id='word_1_321' title='bbox 835 2209 912 2249; x_wconf 84' lang='lat' dir='ltr'>pro</span> <span class='ocrx_word' id='word_1_322' title='bbox 945 2195 1082 2237; x_wconf 84' lang='lat' dir='ltr'>officio</span> <span class='ocrx_word' id='word_1_323' title='bbox 1110 2208 1188 2236; x_wconf 92' lang='lat' dir='ltr'>suo</span> <span class='ocrx_word' id='word_1_324' title='bbox 1210 2194 1325 2236; x_wconf 83' lang='lat' dir='ltr'>illam</span> <span class='ocrx_word' id='word_1_325' title='bbox 1349 2195 1630 2247; x_wconf 82' lang='lat' dir='ltr'>amplectatur</span> <span class='ocrx_word' id='word_1_326' title='bbox 1652 2198 1778 2246; x_wconf 89' lang='lat' dir='ltr'>atque</span> <span class='ocrx_word' id='word_1_327' title='bbox 1800 2205 1953 2234; x_wconf 87' lang='lat' dir='ltr'>secun-</span> 
     </span>
     <span class='ocr_line' id='line_1_32' title="bbox 217 2262 1954 2318; baseline -0.003 -11"><span class='ocrx_word' id='word_1_328' title='bbox 217 2267 317 2308; x_wconf 89' lang='lat' dir='ltr'>dum</span> <span class='ocrx_word' id='word_1_329' title='bbox 338 2279 435 2308; x_wconf 88' lang='lat' dir='ltr'>eam</span> <span class='ocrx_word' id='word_1_330' title='bbox 457 2280 579 2309; x_wconf 89' lang='lat' dir='ltr'>suam</span> <span class='ocrx_word' id='word_1_331' title='bbox 602 2268 793 2308; x_wconf 88' lang='lat' dir='ltr'>instituat</span> <span class='ocrx_word' id='word_1_332' title='bbox 816 2268 960 2308; x_wconf 88' lang='lat' dir='ltr'>vitam.</span> <span class='ocrx_word' id='word_1_333' title='bbox 1010 2265 1077 2318; x_wconf 85' lang='lat' dir='ltr'>„Si</span> <span class='ocrx_word' id='word_1_334' title='bbox 1100 2267 1212 2308; x_wconf 89' lang='lat' dir='ltr'>enim</span> <span class='ocrx_word' id='word_1_335' title='bbox 1234 2265 1310 2307; x_wconf 92' lang='lat' dir='ltr'>Dei</span> <span class='ocrx_word' id='word_1_336' title='bbox 1332 2265 1608 2318; x_wconf 74' lang='lat' dir='ltr'>providentia,</span> <span class='ocrx_word' id='word_1_337' title='bbox 1632 2263 1768 2316; x_wconf 88' lang='lat' dir='ltr'>inquit</span> <span class='ocrx_word' id='word_1_338' title='bbox 1789 2262 1843 2303; x_wconf 91' lang='lat' dir='ltr'>ad</span> <span class='ocrx_word' id='word_1_339' title='bbox 1864 2274 1954 2302; x_wconf 91' lang='lat' dir='ltr'>rem</span> 
     </span>
     <span class='ocr_line' id='line_1_33' title="bbox 216 2333 1955 2391; baseline -0.003 -12"><span class='ocrx_word' id='word_1_340' title='bbox 216 2337 475 2391; x_wconf 85' lang='lat' dir='ltr'>Augustinus</span> <span class='ocrx_word' id='word_1_341' title='bbox 497 2338 549 2380; x_wconf 89' lang='lat' dir='ltr'>de</span> <span class='ocrx_word' id='word_1_342' title='bbox 571 2339 656 2380; x_wconf 90' lang='lat' dir='ltr'>util.</span> <span class='ocrx_word' id='word_1_343' title='bbox 679 2338 790 2382; x_wconf 85' lang='lat' dir='ltr'>cred.</span> <span class='ocrx_word' id='word_1_344' title='bbox 815 2351 847 2382; x_wconf 82' lang='lat' dir='ltr'>c,</span> <span class='ocrx_word' id='word_1_345' title='bbox 875 2341 926 2382; x_wconf 86' lang='grc'>16</span> <span class='ocrx_word' id='word_1_346' title='bbox 950 2351 988 2379; x_wconf 91' lang='lat' dir='ltr'>n.</span> <span class='ocrx_word' id='word_1_347' title='bbox 1012 2341 1080 2387; x_wconf 82' lang='lat'>34,</span> <span class='ocrx_word' id='word_1_348' title='bbox 1112 2350 1198 2378; x_wconf 90' lang='lat' dir='ltr'>non</span> <span class='ocrx_word' id='word_1_349' title='bbox 1228 2337 1442 2390; x_wconf 85' lang='lat' dir='ltr'>praesidet</span> <span class='ocrx_word' id='word_1_350' title='bbox 1463 2335 1590 2377; x_wconf 85' lang='lat' dir='ltr'>rebus</span> <span class='ocrx_word' id='word_1_351' title='bbox 1613 2335 1822 2383; x_wconf 85' lang='lat' dir='ltr'>humanis,</span> <span class='ocrx_word' id='word_1_352' title='bbox 1854 2333 1955 2374; x_wconf 89' lang='lat' dir='ltr'>nihil</span> 
     </span>
    </p>
   </div>
   <div class='ocr_carea' id='block_1_3' title="bbox 216 2473 1954 3106">
    <p class='ocr_par' dir='ltr' id='par_1_4' title="bbox 216 2473 1954 3106">
     <span class='ocr_line' id='line_1_34' title="bbox 362 2473 1954 2525; baseline -0.004 -12"><span class='ocrx_word' id='word_1_353' title='bbox 362 2480 387 2525; x_wconf 95' lang='lat'>¹)</span> <span class='ocrx_word' id='word_1_354' title='bbox 405 2479 457 2513; x_wconf 91' lang='lat' dir='ltr'>Cf.</span> <span class='ocrx_word' id='word_1_355' title='bbox 475 2480 498 2513; x_wconf 84' lang='lat' dir='ltr'>S</span> <span class='ocrx_word' id='word_1_356' title='bbox 510 2481 557 2513; x_wconf 82' lang='lat' dir='ltr'>t‘o</span> <span class='ocrx_word' id='word_1_357' title='bbox 569 2479 646 2513; x_wconf 82' lang='lat' dir='ltr'>ek]</span> <span class='ocrx_word' id='word_1_358' title='bbox 664 2479 857 2513; x_wconf 83' lang='lat' dir='ltr'>Lehrbuch</span> <span class='ocrx_word' id='word_1_359' title='bbox 879 2479 943 2512; x_wconf 84' lang='lat' dir='ltr'>der</span> <span class='ocrx_word' id='word_1_360' title='bbox 961 2478 1187 2522; x_wconf 85' lang='lat' dir='ltr'>Apologetik</span> <span class='ocrx_word' id='word_1_361' title='bbox 1205 2479 1231 2512; x_wconf 92' lang='lat' dir='ltr'>t.</span> <span class='ocrx_word' id='word_1_362' title='bbox 1254 2483 1283 2517; x_wconf 77' lang='lat'>1.</span> <span class='ocrx_word' id='word_1_363' title='bbox 1310 2477 1374 2521; x_wconf 88' lang='lat' dir='ltr'>qui</span> <span class='ocrx_word' id='word_1_364' title='bbox 1392 2476 1535 2521; x_wconf 84' lang='lat' dir='ltr'>rejectis</span> <span class='ocrx_word' id='word_1_365' title='bbox 1553 2475 1654 2509; x_wconf 86' lang='lat' dir='ltr'>falsis</span> <span class='ocrx_word' id='word_1_366' title='bbox 1673 2474 1864 2519; x_wconf 81' lang='lat' dir='ltr'>religionis</span> <span class='ocrx_word' id='word_1_367' title='bbox 1894 2473 1954 2506; x_wconf 81' lang='lat' dir='ltr'>de-</span> 
     </span>
     <span class='ocr_line' id='line_1_35' title="bbox 217 2525 1954 2576; baseline -0.005 -10"><span class='ocrx_word' id='word_1_368' title='bbox 217 2532 449 2566; x_wconf 86' lang='lat' dir='ltr'>finitionibus</span> <span class='ocrx_word' id='word_1_369' title='bbox 467 2537 485 2574; x_wconf 58' lang='lat'>§3</span> <span class='ocrx_word' id='word_1_370' title='bbox 504 2537 548 2567; x_wconf 76' lang='lat'>22</span> <span class='ocrx_word' id='word_1_371' title='bbox 566 2543 646 2567; x_wconf 83' lang='lat' dir='ltr'>eam</span> <span class='ocrx_word' id='word_1_372' title='bbox 664 2531 720 2566; x_wconf 83' lang='lat' dir='ltr'>ita</span> <span class='ocrx_word' id='word_1_373' title='bbox 738 2531 888 2566; x_wconf 86' lang='lat' dir='ltr'>definit:</span> <span class='ocrx_word' id='word_1_374' title='bbox 922 2531 990 2565; x_wconf 91' lang='lat' dir='ltr'>Die</span> <span class='ocrx_word' id='word_1_375' title='bbox 1009 2531 1181 2576; x_wconf 85' lang='lat' dir='ltr'>Religion</span> <span class='ocrx_word' id='word_1_376' title='bbox 1208 2531 1256 2564; x_wconf 85' lang='lat' dir='ltr'>ist</span> <span class='ocrx_word' id='word_1_377' title='bbox 1283 2530 1341 2564; x_wconf 85' lang='lat' dir='ltr'>die</span> <span class='ocrx_word' id='word_1_378' title='bbox 1368 2530 1472 2563; x_wconf 83' lang='lat' dir='ltr'>ihren</span> <span class='ocrx_word' id='word_1_379' title='bbox 1491 2528 1768 2573; x_wconf 83' lang='lat' dir='ltr'>gegenseitigen</span> <span class='ocrx_word' id='word_1_380' title='bbox 1786 2525 1954 2560; x_wconf 69' lang='lat' dir='ltr'>Verban-</span> 
     </span>
     <span class='ocr_line' id='line_1_36' title="bbox 218 2580 1954 2631; baseline -0.004 -12"><span class='ocrx_word' id='word_1_381' title='bbox 218 2586 340 2620; x_wconf 86' lang='lat' dir='ltr'>nissen</span> <span class='ocrx_word' id='word_1_382' title='bbox 357 2586 649 2631; x_wconf 86' lang='lat' dir='ltr'>entsprechende</span> <span class='ocrx_word' id='word_1_383' title='bbox 678 2585 873 2629; x_wconf 87' lang='lat' dir='ltr'>lebendige</span> <span class='ocrx_word' id='word_1_384' title='bbox 892 2585 1218 2619; x_wconf 82' lang='lat' dir='ltr'>Communikation</span> <span class='ocrx_word' id='word_1_385' title='bbox 1246 2584 1427 2617; x_wconf 71' lang='lat' dir='ltr'>zwischen</span> <span class='ocrx_word' id='word_1_386' title='bbox 1446 2583 1535 2616; x_wconf 79' lang='lat' dir='ltr'>Gott</span> <span class='ocrx_word' id='word_1_387' title='bbox 1551 2582 1626 2615; x_wconf 88' lang='lat' dir='ltr'>und</span> <span class='ocrx_word' id='word_1_388' title='bbox 1646 2583 1726 2615; x_wconf 79' lang='lat' dir='ltr'>dein</span> <span class='ocrx_word' id='word_1_389' title='bbox 1748 2580 1954 2613; x_wconf 45' lang='lat' dir='ltr'>Mensa-hen.</span> 
     </span>
     <span class='ocr_line' id='line_1_37' title="bbox 216 2632 1953 2683; baseline -0.005 -10"><span class='ocrx_word' id='word_1_390' title='bbox 216 2639 375 2673; x_wconf 85' lang='lat' dir='ltr'>insofern</span> <span class='ocrx_word' id='word_1_391' title='bbox 391 2639 444 2673; x_wconf 87' lang='lat' dir='ltr'>sie</span> <span class='ocrx_word' id='word_1_392' title='bbox 458 2639 517 2674; x_wconf 87' lang='lat' dir='ltr'>die</span> <span class='ocrx_word' id='word_1_393' title='bbox 534 2638 784 2683; x_wconf 85' lang='lat' dir='ltr'>Vereinigung</span> <span class='ocrx_word' id='word_1_394' title='bbox 799 2639 860 2672; x_wconf 76' lang='lat' dir='ltr'>des</span> <span class='ocrx_word' id='word_1_395' title='bbox 875 2638 1075 2672; x_wconf 72' lang='lat' dir='ltr'>Mense-hen</span> <span class='ocrx_word' id='word_1_396' title='bbox 1089 2637 1159 2670; x_wconf 84' lang='lat' dir='ltr'>mit</span> <span class='ocrx_word' id='word_1_397' title='bbox 1173 2636 1264 2671; x_wconf 86' lang='lat' dir='ltr'>Gott</span> <span class='ocrx_word' id='word_1_398' title='bbox 1277 2636 1313 2670; x_wconf 87' lang='lat' dir='ltr'>in</span> <span class='ocrx_word' id='word_1_399' title='bbox 1329 2636 1409 2670; x_wconf 86' lang='lat' dir='ltr'>Zeit</span> <span class='ocrx_word' id='word_1_400' title='bbox 1422 2636 1496 2670; x_wconf 89' lang='lat' dir='ltr'>und</span> <span class='ocrx_word' id='word_1_401' title='bbox 1513 2635 1693 2680; x_wconf 76' lang='lat' dir='ltr'>Ewigkeit</span> <span class='ocrx_word' id='word_1_402' title='bbox 1708 2645 1789 2667; x_wconf 87' lang='lat' dir='ltr'>zum</span> <span class='ocrx_word' id='word_1_403' title='bbox 1804 2632 1953 2666; x_wconf 77' lang='lat' dir='ltr'>Zwecke</span> 
     </span>
     <span class='ocr_line' id='line_1_38' title="bbox 217 2685 1953 2736; baseline -0.005 -10"><span class='ocrx_word' id='word_1_404' title='bbox 217 2693 292 2730; x_wconf 83' lang='lat' dir='ltr'>hat,</span> <span class='ocrx_word' id='word_1_405' title='bbox 309 2691 388 2726; x_wconf 87' lang='lat' dir='ltr'>Cic</span> <span class='ocrx_word' id='word_1_406' title='bbox 400 2703 420 2726; x_wconf 92' lang='lat' dir='ltr'>e</span> <span class='ocrx_word' id='word_1_407' title='bbox 432 2704 479 2727; x_wconf 83' lang='lat' dir='ltr'>ro</span> <span class='ocrx_word' id='word_1_408' title='bbox 495 2691 717 2727; x_wconf 84' lang='lat' dir='ltr'>vocabulum</span> <span class='ocrx_word' id='word_1_409' title='bbox 732 2691 899 2736; x_wconf 82' lang='lat' dir='ltr'>religio</span> <span class='ocrx_word' id='word_1_410' title='bbox 910 2691 977 2724; x_wconf 87' lang='lat' dir='ltr'>nis</span> <span class='ocrx_word' id='word_1_411' title='bbox 991 2691 1047 2724; x_wconf 75' lang='lat' dir='ltr'>dei</span> <span class='ocrx_word' id='word_1_412' title='bbox 1058 2691 1166 2725; x_wconf 86' lang='lat' dir='ltr'>ivata</span> <span class='ocrx_word' id='word_1_413' title='bbox 1184 2700 1232 2723; x_wconf 88' lang='lat' dir='ltr'>re</span> <span class='ocrx_word' id='word_1_414' title='bbox 1245 2689 1287 2723; x_wconf 88' lang='lat' dir='ltr'>le</span> <span class='ocrx_word' id='word_1_415' title='bbox 1298 2701 1323 2734; x_wconf 83' lang='lat' dir='ltr'><strong>g</strong></span> <span class='ocrx_word' id='word_1_416' title='bbox 1335 2699 1353 2723; x_wconf 90' lang='lat' dir='ltr'>e</span> <span class='ocrx_word' id='word_1_417' title='bbox 1364 2701 1381 2722; x_wconf 88' lang='lat' dir='ltr'>r</span> <span class='ocrx_word' id='word_1_418' title='bbox 1392 2699 1421 2725; x_wconf 80' lang='lat' dir='ltr'>e,</span> <span class='ocrx_word' id='word_1_419' title='bbox 1439 2714 1451 2727; x_wconf 61' lang='lat'>2</span> <span class='ocrx_word' id='word_1_420' title='bbox 1461 2689 1671 2728; x_wconf 73' lang='lat' dir='ltr'>Ditendum‚</span> <span class='ocrx_word' id='word_1_421' title='bbox 1683 2686 1803 2730; x_wconf 85' lang='lat' dir='ltr'>inquit</span> <span class='ocrx_word' id='word_1_422' title='bbox 1815 2699 1841 2718; x_wconf 76' lang='lat' dir='ltr'>s.</span> <span class='ocrx_word' id='word_1_423' title='bbox 1853 2685 1911 2718; x_wconf 86' lang='lat' dir='ltr'>&#39;l&#39;h</span> <span class='ocrx_word' id='word_1_424' title='bbox 1921 2695 1953 2717; x_wconf 93' lang='lat' dir='ltr'>o-</span> 
     </span>
     <span class='ocr_line' id='line_1_39' title="bbox 217 2738 1953 2790; baseline -0.005 -12"><span class='ocrx_word' id='word_1_425' title='bbox 217 2756 310 2779; x_wconf 83' lang='lat' dir='ltr'>mas</span> <span class='ocrx_word' id='word_1_426' title='bbox 328 2749 359 2779; x_wconf 79' lang='lat'>2.</span> <span class='ocrx_word' id='word_1_427' title='bbox 379 2748 400 2779; x_wconf 89' lang='grc'>2</span> <span class='ocrx_word' id='word_1_428' title='bbox 419 2757 453 2790; x_wconf 92' lang='lat' dir='ltr'>q.</span> <span class='ocrx_word' id='word_1_429' title='bbox 471 2749 515 2780; x_wconf 87' lang='grc'>81</span> <span class='ocrx_word' id='word_1_430' title='bbox 537 2757 568 2779; x_wconf 84' lang='lat' dir='ltr'>a.</span> <span class='ocrx_word' id='word_1_431' title='bbox 591 2751 619 2787; x_wconf 83' lang='lat' dir='ltr'>l,</span> <span class='ocrx_word' id='word_1_432' title='bbox 640 2745 739 2789; x_wconf 91' lang='lat' dir='ltr'>quod</span> <span class='ocrx_word' id='word_1_433' title='bbox 757 2745 973 2789; x_wconf 83' lang='lat' dir='ltr'>‚1·eligiosus‚</span> <span class='ocrx_word' id='word_1_434' title='bbox 1003 2745 1070 2789; x_wconf 84' lang='lat' dir='ltr'>(ut)</span> <span class='ocrx_word' id='word_1_435' title='bbox 1089 2743 1144 2777; x_wconf 84' lang='lat' dir='ltr'>ait</span> <span class='ocrx_word' id='word_1_436' title='bbox 1171 2743 1250 2777; x_wconf 83' lang='lat' dir='ltr'>Cic</span> <span class='ocrx_word' id='word_1_437' title='bbox 1263 2752 1282 2776; x_wconf 88' lang='grc' dir='ltr'>θ</span> <span class='ocrx_word' id='word_1_438' title='bbox 1295 2753 1353 2783; x_wconf 86' lang='lat' dir='ltr'>ro,</span> <span class='ocrx_word' id='word_1_439' title='bbox 1382 2753 1403 2775; x_wconf 84' lang='lat' dir='ltr'>a</span> <span class='ocrx_word' id='word_1_440' title='bbox 1429 2741 1626 2775; x_wconf 67' lang='lat' dir='ltr'>relectione</span> <span class='ocrx_word' id='word_1_441' title='bbox 1653 2738 1862 2784; x_wconf 71' lang='lat' dir='ltr'>appellatus</span> <span class='ocrx_word' id='word_1_442' title='bbox 1889 2739 1953 2770; x_wconf 82' lang='lat' dir='ltr'>est.</span> 
     </span>
     <span class='ocr_line' id='line_1_40' title="bbox 218 2790 1952 2842; baseline -0.006 -10"><span class='ocrx_word' id='word_1_443' title='bbox 218 2798 304 2841; x_wconf 72' lang='lat' dir='ltr'>quia</span> <span class='ocrx_word' id='word_1_444' title='bbox 320 2799 499 2833; x_wconf 75' lang='lat' dir='ltr'>retractat</span> <span class='ocrx_word' id='word_1_445' title='bbox 517 2800 555 2832; x_wconf 89' lang='lat' dir='ltr'>et</span> <span class='ocrx_word' id='word_1_446' title='bbox 571 2801 763 2841; x_wconf 85' lang='lat' dir='ltr'>tamquam</span> <span class='ocrx_word' id='word_1_447' title='bbox 780 2797 915 2842; x_wconf 80' lang='lat' dir='ltr'>relegit</span> <span class='ocrx_word' id='word_1_448' title='bbox 932 2807 985 2837; x_wconf 80' lang='lat' dir='ltr'>ea,</span> <span class='ocrx_word' id='word_1_449' title='bbox 1004 2806 1098 2841; x_wconf 86' lang='lat' dir='ltr'>quae</span> <span class='ocrx_word' id='word_1_450' title='bbox 1117 2797 1164 2830; x_wconf 89' lang='lat' dir='ltr'>ad</span> <span class='ocrx_word' id='word_1_451' title='bbox 1183 2797 1322 2830; x_wconf 80' lang='lat' dir='ltr'>cultum</span> <span class='ocrx_word' id='word_1_452' title='bbox 1338 2795 1503 2829; x_wconf 82' lang='lat' dir='ltr'>divinum</span> <span class='ocrx_word' id='word_1_453' title='bbox 1518 2793 1705 2838; x_wconf 83' lang='lat' dir='ltr'>pertinent</span> <span class='ocrx_word' id='word_1_454' title='bbox 1718 2798 1737 2829; x_wconf 75' lang='lat'>;‘</span> <span class='ocrx_word' id='word_1_455' title='bbox 1757 2797 1790 2825; x_wconf 86' lang='lat' dir='ltr'>et</span> <span class='ocrx_word' id='word_1_456' title='bbox 1807 2791 1858 2824; x_wconf 74' lang='lat' dir='ltr'>sic</span> <span class='ocrx_word' id='word_1_457' title='bbox 1873 2790 1952 2823; x_wconf 83' lang='lat' dir='ltr'>reli-</span> 
     </span>
     <span class='ocr_line' id='line_1_41' title="bbox 218 2844 1952 2896; baseline -0.006 -12"><span class='ocrx_word' id='word_1_458' title='bbox 218 2850 277 2894; x_wconf 85' lang='lat' dir='ltr'>gio</span> <span class='ocrx_word' id='word_1_459' title='bbox 294 2850 439 2885; x_wconf 85' lang='lat' dir='ltr'>videtur</span> <span class='ocrx_word' id='word_1_460' title='bbox 457 2851 557 2886; x_wconf 86' lang='lat' dir='ltr'>dicta</span> <span class='ocrx_word' id='word_1_461' title='bbox 574 2862 595 2885; x_wconf 89' lang='lat' dir='ltr'>a</span> <span class='ocrx_word' id='word_1_462' title='bbox 611 2850 808 2896; x_wconf 86' lang='lat' dir='ltr'>relegendo</span> <span class='ocrx_word' id='word_1_463' title='bbox 828 2860 881 2890; x_wconf 77' lang='lat' dir='ltr'>ea,</span> <span class='ocrx_word' id='word_1_464' title='bbox 901 2860 994 2894; x_wconf 85' lang='lat' dir='ltr'>quae</span> <span class='ocrx_word' id='word_1_465' title='bbox 1014 2852 1100 2883; x_wconf 83' lang='lat' dir='ltr'>sunt</span> <span class='ocrx_word' id='word_1_466' title='bbox 1127 2848 1244 2883; x_wconf 88' lang='lat' dir='ltr'>divini</span> <span class='ocrx_word' id='word_1_467' title='bbox 1273 2847 1404 2887; x_wconf 65' lang='lat' dir='ltr'>cultus,</span> <span class='ocrx_word' id='word_1_468' title='bbox 1434 2848 1524 2890; x_wconf 84' lang='lat' dir='ltr'>quia</span> <span class='ocrx_word' id='word_1_469' title='bbox 1554 2844 1763 2890; x_wconf 81' lang='lat' dir='ltr'>hujusmodi</span> <span class='ocrx_word' id='word_1_470' title='bbox 1783 2846 1869 2876; x_wconf 79' lang='lat' dir='ltr'>sunt</span> <span class='ocrx_word' id='word_1_471' title='bbox 1886 2844 1952 2875; x_wconf 73' lang='lat' dir='ltr'>fre-</span> 
     </span>
     <span class='ocr_line' id='line_1_42' title="bbox 219 2897 1950 2946; baseline -0.005 -10"><span class='ocrx_word' id='word_1_472' title='bbox 219 2909 374 2946; x_wconf 78' lang='lat' dir='ltr'>quenter</span> <span class='ocrx_word' id='word_1_473' title='bbox 398 2904 438 2937; x_wconf 86' lang='lat' dir='ltr'>in</span> <span class='ocrx_word' id='word_1_474' title='bbox 465 2909 573 2938; x_wconf 85' lang='lat' dir='ltr'>corde</span> <span class='ocrx_word' id='word_1_475' title='bbox 599 2904 718 2938; x_wconf 76' lang='lat' dir='ltr'>revolx</span> <span class='ocrx_word' id='word_1_476' title='bbox 728 2902 832 2938; x_wconf 82' lang='lat' dir='ltr'>enda.</span> <span class='ocrx_word' id='word_1_477' title='bbox 844 2910 857 2924; x_wconf 73' lang='lat'><em>¹</em></span> <span class='ocrx_word' id='word_1_478' title='bbox 892 2902 967 2936; x_wconf 88' lang='lat' dir='ltr'>Alii</span> <span class='ocrx_word' id='word_1_479' title='bbox 994 2907 1037 2935; x_wconf 83' lang='lat' dir='ltr'>ut</span> <span class='ocrx_word' id='word_1_480' title='bbox 1062 2901 1120 2935; x_wconf 87' lang='lat' dir='ltr'>La</span> <span class='ocrx_word' id='word_1_481' title='bbox 1132 2904 1175 2935; x_wconf 86' lang='lat' dir='ltr'>ct</span> <span class='ocrx_word' id='word_1_482' title='bbox 1188 2913 1209 2935; x_wconf 84' lang='lat' dir='ltr'>a</span> <span class='ocrx_word' id='word_1_483' title='bbox 1221 2913 1244 2934; x_wconf 95' lang='lat' dir='ltr'>n</span> <span class='ocrx_word' id='word_1_484' title='bbox 1255 2902 1297 2934; x_wconf 87' lang='lat' dir='ltr'>t·i</span> <span class='ocrx_word' id='word_1_485' title='bbox 1310 2913 1330 2934; x_wconf 85' lang='lat' dir='ltr'>u</span> <span class='ocrx_word' id='word_1_486' title='bbox 1344 2912 1370 2940; x_wconf 71' lang='lat' dir='ltr'>s,</span> <span class='ocrx_word' id='word_1_487' title='bbox 1399 2903 1427 2934; x_wconf 91' lang='lat' dir='ltr'>A</span> <span class='ocrx_word' id='word_1_488' title='bbox 1443 2912 1478 2932; x_wconf 87' lang='lat' dir='ltr'>m</span> <span class='ocrx_word' id='word_1_489' title='bbox 1489 2900 1512 2933; x_wconf 85' lang='lat' dir='ltr'>b</span> <span class='ocrx_word' id='word_1_490' title='bbox 1524 2912 1540 2933; x_wconf 92' lang='lat' dir='ltr'>r</span> <span class='ocrx_word' id='word_1_491' title='bbox 1553 2910 1572 2932; x_wconf 94' lang='lat' dir='ltr'>o</span> <span class='ocrx_word' id='word_1_492' title='bbox 1585 2913 1599 2932; x_wconf 74' lang='lat' dir='ltr'>s</span> <span class='ocrx_word' id='word_1_493' title='bbox 1611 2899 1623 2932; x_wconf 94' lang='lat' dir='ltr'>i</span> <span class='ocrx_word' id='word_1_494' title='bbox 1636 2910 1656 2931; x_wconf 91' lang='lat' dir='ltr'>u</span> <span class='ocrx_word' id='word_1_495' title='bbox 1669 2910 1694 2937; x_wconf 71' lang='grc' dir='ltr'>ε,</span> <span class='ocrx_word' id='word_1_496' title='bbox 1724 2897 1866 2930; x_wconf 82' lang='lat' dir='ltr'>Hiero</span> <span class='ocrx_word' id='word_1_497' title='bbox 1879 2907 1950 2938; x_wconf 75' lang='lat' dir='ltr'>ny-</span> 
     </span>
     <span class='ocr_line' id='line_1_43' title="bbox 218 2950 1951 2999; baseline -0.005 -10"><span class='ocrx_word' id='word_1_498' title='bbox 218 2967 317 2989; x_wconf 84' lang='lat' dir='ltr'>mus</span> <span class='ocrx_word' id='word_1_499' title='bbox 335 2957 403 2990; x_wconf 82' lang='lat' dir='ltr'>etc.</span> <span class='ocrx_word' id='word_1_500' title='bbox 422 2955 569 2991; x_wconf 75' lang='lat' dir='ltr'>malunt</span> <span class='ocrx_word' id='word_1_501' title='bbox 587 2956 684 2991; x_wconf 83' lang='lat' dir='ltr'>illud</span> <span class='ocrx_word' id='word_1_502' title='bbox 703 2957 870 2990; x_wconf 77' lang='lat' dir='ltr'>derivare</span> <span class='ocrx_word' id='word_1_503' title='bbox 888 2968 909 2990; x_wconf 87' lang='lat' dir='ltr'>a</span> <span class='ocrx_word' id='word_1_504' title='bbox 927 2956 1039 2990; x_wconf 80' lang='lat' dir='ltr'>verbo</span> <span class='ocrx_word' id='word_1_505' title='bbox 1059 2965 1106 2989; x_wconf 83' lang='lat' dir='ltr'>re</span> <span class='ocrx_word' id='word_1_506' title='bbox 1121 2955 1189 2999; x_wconf 81' lang='lat' dir='ltr'>lig</span> <span class='ocrx_word' id='word_1_507' title='bbox 1202 2966 1250 2988; x_wconf 86' lang='lat' dir='ltr'>ar</span> <span class='ocrx_word' id='word_1_508' title='bbox 1263 2964 1292 2988; x_wconf 88' lang='lat' dir='ltr'>e.</span> <span class='ocrx_word' id='word_1_509' title='bbox 1327 2954 1422 2987; x_wconf 81' lang='lat' dir='ltr'>Hinc</span> <span class='ocrx_word' id='word_1_510' title='bbox 1441 2965 1467 2986; x_wconf 83' lang='grc' dir='ltr'>ε.</span> <span class='ocrx_word' id='word_1_511' title='bbox 1488 2955 1515 2986; x_wconf 83' lang='grc' dir='ltr'>Α</span> <span class='ocrx_word' id='word_1_512' title='bbox 1531 2964 1553 2985; x_wconf 89' lang='lat' dir='ltr'>u</span> <span class='ocrx_word' id='word_1_513' title='bbox 1565 2964 1589 2996; x_wconf 85' lang='lat' dir='ltr'>g</span> <span class='ocrx_word' id='word_1_514' title='bbox 1601 2963 1624 2983; x_wconf 84' lang='lat' dir='ltr'>u</span> <span class='ocrx_word' id='word_1_515' title='bbox 1637 2950 1736 2983; x_wconf 80' lang='lat' dir='ltr'>stin</span> <span class='ocrx_word' id='word_1_516' title='bbox 1750 2961 1790 2982; x_wconf 81' lang='lat' dir='ltr'>us</span> <span class='ocrx_word' id='word_1_517' title='bbox 1808 2950 1852 2981; x_wconf 79' lang='lat' dir='ltr'>(le</span> <span class='ocrx_word' id='word_1_518' title='bbox 1870 2957 1951 2981; x_wconf 79' lang='lat' dir='ltr'>vera</span> 
     </span>
     <span class='ocr_line' id='line_1_44' title="bbox 219 3002 1952 3055; baseline -0.005 -12"><span class='ocrx_word' id='word_1_519' title='bbox 219 3009 326 3055; x_wconf 86' lang='lat' dir='ltr'>relig.</span> <span class='ocrx_word' id='word_1_520' title='bbox 340 3020 368 3043; x_wconf 86' lang='lat' dir='ltr'>c.</span> <span class='ocrx_word' id='word_1_521' title='bbox 385 3014 450 3045; x_wconf 83' lang='lat'>55:</span> <span class='ocrx_word' id='word_1_522' title='bbox 473 3009 642 3055; x_wconf 84' lang='lat' dir='ltr'>‚Religet</span> <span class='ocrx_word' id='word_1_523' title='bbox 656 3020 722 3044; x_wconf 82' lang='lat' dir='ltr'>nos</span> <span class='ocrx_word' id='word_1_524' title='bbox 735 3009 866 3054; x_wconf 85' lang='lat' dir='ltr'>religio</span> <span class='ocrx_word' id='word_1_525' title='bbox 880 3008 1127 3053; x_wconf 78' lang='lat' dir='ltr'>omnipotenti</span> <span class='ocrx_word' id='word_1_526' title='bbox 1140 3008 1232 3041; x_wconf 80' lang='lat' dir='ltr'>Deo!</span> <span class='ocrx_word' id='word_1_527' title='bbox 1252 3007 1324 3041; x_wconf 90' lang='lat' dir='ltr'>Uni</span> <span class='ocrx_word' id='word_1_528' title='bbox 1339 3007 1413 3040; x_wconf 90' lang='lat' dir='ltr'>Deo</span> <span class='ocrx_word' id='word_1_529' title='bbox 1428 3006 1629 3049; x_wconf 80' lang='lat' dir='ltr'>religantes</span> <span class='ocrx_word' id='word_1_530' title='bbox 1644 3003 1783 3036; x_wconf 71' lang='lat' dir='ltr'>animas</span> <span class='ocrx_word' id='word_1_531' title='bbox 1799 3002 1952 3034; x_wconf 59' lang='lat' dir='ltr'>nostras.</span> 
     </span>
     <span class='ocr_line' id='line_1_45' title="bbox 219 3056 1669 3106; baseline -0.006 -9"><span class='ocrx_word' id='word_1_532' title='bbox 219 3063 316 3097; x_wconf 88' lang='lat' dir='ltr'>unde</span> <span class='ocrx_word' id='word_1_533' title='bbox 333 3062 466 3106; x_wconf 85' lang='lat' dir='ltr'>religio</span> <span class='ocrx_word' id='word_1_534' title='bbox 484 3062 585 3097; x_wconf 87' lang='lat' dir='ltr'>dicta</span> <span class='ocrx_word' id='word_1_535' title='bbox 602 3063 797 3097; x_wconf 61' lang='lat' dir='ltr'>creditur-,³</span> <span class='ocrx_word' id='word_1_536' title='bbox 834 3063 880 3095; x_wconf 91' lang='lat' dir='ltr'>W</span> <span class='ocrx_word' id='word_1_537' title='bbox 892 3062 905 3094; x_wconf 93' lang='lat' dir='ltr'>i</span> <span class='ocrx_word' id='word_1_538' title='bbox 917 3061 929 3094; x_wconf 89' lang='lat' dir='ltr'>l</span> <span class='ocrx_word' id='word_1_539' title='bbox 941 3073 975 3095; x_wconf 90' lang='lat' dir='ltr'>m</span> <span class='ocrx_word' id='word_1_540' title='bbox 989 3071 1007 3095; x_wconf 88' lang='lat' dir='ltr'>e</span> <span class='ocrx_word' id='word_1_541' title='bbox 1019 3073 1064 3095; x_wconf 85' lang='lat' dir='ltr'>rs</span> <span class='ocrx_word' id='word_1_542' title='bbox 1083 3062 1129 3095; x_wconf 89' lang='lat' dir='ltr'>de</span> <span class='ocrx_word' id='word_1_543' title='bbox 1148 3060 1328 3104; x_wconf 75' lang='lat' dir='ltr'>religione</span> <span class='ocrx_word' id='word_1_544' title='bbox 1346 3069 1423 3094; x_wconf 76' lang='lat' dir='ltr'>rev.</span> <span class='ocrx_word' id='word_1_545' title='bbox 1440 3059 1460 3091; x_wconf 92' lang='lat' dir='ltr'>l.</span> <span class='ocrx_word' id='word_1_546' title='bbox 1485 3061 1511 3093; x_wconf 94' lang='grc'>1.</span> <span class='ocrx_word' id='word_1_547' title='bbox 1530 3056 1669 3101; x_wconf 80' lang='lat' dir='ltr'>proleg.</span> 
     </span>
    </p>
   </div>
  </div>
 </body>
</html>
