2175 3382
834 126 1057 162 Traditionis
1075 129 1284 162 auctoritas.
1836 140 1922 182 139

191 247 340 300 quavis
375 249 514 286 aetate
548 246 788 298 promulgat
821 244 1105 297 diffunditque,
1149 246 1226 286 erit
1259 247 1350 298 ipsa
1384 248 1575 289 doctrina
1610 250 1773 301 Christi,
1807 255 1918 296 sicut

192 329 304 370 aqua
325 315 474 369 quavis
495 315 539 355 in
560 319 680 367 parte
703 315 862 356 canalis
884 327 971 355 non
992 315 1214 367 interrupti
1235 316 1398 364 hausta,
1422 319 1550 369 ipsius
1574 320 1697 361 fontis
1721 335 1832 375 aqua
1854 330 1918 366 est

189 388 287 429 illuc
310 398 444 439 usque
468 385 692 426 dimanans
715 390 755 426 et
777 384 1001 438 profluens.
1045 385 1101 426 Cf.
1125 397 1234 438 quae
1257 387 1311 426 ad
1333 399 1423 428 rem
1447 390 1591 429 statuit
1613 390 1915 435 Tertullia-

189 471 287 499 nus
308 470 347 501 n.
374 459 503 503 1173;
528 454 818 508 Stapleton
840 456 969 508 princ.
991 455 1087 496 fidei
1110 456 1240 497 doctr.
1265 461 1396 498 contr.
1421 461 1446 501 6
1470 471 1503 511 q.
1530 463 1555 502 2
1579 471 1614 499 a.
1639 466 1674 504 3.

312 555 404 596 124.
427 549 752 594 Corollarium
772 550 838 592 ΙΙ.
879 548 1136 590 Traditionis
1161 552 1396 591 auctoritas.
1419 576 1477 581 —
1499 550 1603 593 Cum
1628 552 1817 597 Christus
1842 571 1917 599 vo-

187 623 312 664 luerit
345 622 580 663 doctrinam
617 633 738 662 suam
774 620 827 661 ad
861 624 1054 673 posteras
1086 621 1380 672 generationes
1412 622 1604 664 derivare
1637 628 1917 669 successionis

188 693 450 745 apostolicae
473 703 548 732 seu
570 691 791 731 ministerii
806 691 1080 732 ecclesiastici
1102 703 1318 743 nunquam
1342 693 1675 746 interrumpendi
1698 698 1916 748 praedica-

187 764 314 811 tione,
335 767 488 815 sponte
510 774 588 802 sua
611 762 894 814 consequitur.
919 761 1156 802 doctrinam
1179 762 1303 811 illam,
1326 775 1435 815 quae
1450 765 1767 816 praedicatione
1784 769 1917 809 eccle-

187 833 360 874 siastica
381 833 436 873 ab
461 832 664 885 apostolis
687 832 741 873 ad
762 844 841 873 nos
863 844 996 885 usque
1029 837 1092 873 est
1118 832 1319 881 derivata,
1351 835 1515 875 etiamsi
1538 849 1570 876 s.
1594 835 1810 889 Scriptura
1833 852 1917 879 non

187 904 469 952 contineatur,
504 903 671 944 divinae
705 915 798 944 esse
832 903 1096 944 auctoritatis
1129 915 1216 944 non
1250 916 1373 945 secus
1408 917 1458 945 ac
1494 906 1732 948 doctrinam
1768 909 1917 950 divinis

185 975 316 1016 literis
339 975 705 1027 comprehensam.
748 973 888 1025 Quare
910 973 1086 1014 Paulus:
1119 974 1306 1023 Fratres,
1338 975 1472 1028 inquit
1503 981 1606 1018 state
1628 982 1664 1018 et
1686 984 1810 1019 tenete
1832 984 1916 1020 tra-

185 1046 372 1098 ditiones,
405 1059 508 1100 quas
541 1045 747 1086 didicistis
780 1045 861 1085 sive
889 1058 968 1098 per
1001 1058 1225 1086 sermonem.
1258 1046 1339 1085 sive
1367 1060 1445 1099 per
1479 1048 1693 1100 epistolam
1728 1054 1916 1091 nostram.

185 1116 229 1172 (2
243 1115 388 1157 Thess
403 1119 442 1164 2,
465 1116 558 1171 14);
580 1116 623 1156 in
646 1127 754 1168 quae
777 1114 908 1156 verba
930 1113 1354 1168 Chrysostomus
1377 1116 1488 1160 hom.
1513 1120 1538 1161 5
1561 1131 1601 1158 n.
1626 1123 1672 1162 2:
1703 1119 1829 1170 „Hinc
1852 1127 1913 1162 est

183 1187 465 1239 perspicuum,
488 1187 632 1239 inquit,
655 1186 768 1239 quod
790 1198 877 1226 non
900 1186 1044 1226 omnia
1058 1186 1321 1227 tradiderunt
1341 1186 1561 1243 (apostoli)
1586 1201 1662 1241 per
1684 1191 1923 1242 epistolam.

183 1257 258 1298 sed
281 1257 414 1298 multa
435 1257 564 1298 etiam
587 1257 677 1298 sine
699 1257 884 1309 scriptis3
909 1261 949 1297 et
971 1268 1023 1298 ea
1045 1269 1212 1310 quoque
1235 1262 1330 1297 sunt
1356 1257 1439 1299 fide
1463 1259 1599 1311 digna.
1632 1259 1919 1310 Quamobrem

183 1327 397 1369 Ecclesiae
437 1339 604 1381 quoque
647 1328 918 1368 traditionem
953 1339 1204 1368 censeamus
1239 1339 1332 1368 esse
1367 1327 1446 1369 fide
1485 1329 1665 1381 dignam.
1722 1331 1792 1372 Est
1833 1337 1918 1372 tra-

184 1398 306 1440 ditio:
328 1398 431 1439 nihil
454 1409 641 1451 quaeras
664 1398 877 1451 amplius“
927 1398 987 1439 Ita
1018 1403 1059 1439 et
1090 1398 1328 1439 Basilius
1351 1399 1403 1440 de
1431 1398 1536 1452 Spir.
1559 1414 1589 1443 s,
1614 1414 1650 1441 n.
1676 1405 1741 1446 71.
1784 1402 1917 1455 Prop-

189 1474 308 1510 terea
329 1469 519 1523 synodus
551 1469 858 1510 tridentina
889 1481 990 1513 sess,
1011 1474 1039 1513 4
1077 1470 1356 1522 „perspiciens
1378 1470 1489 1511 hanc
1511 1472 1735 1512 veritatem
1768 1477 1809 1513 et
1834 1473 1919 1513 dis-

188 1540 386 1593 ciplinam
409 1539 598 1596 (Christi)
623 1540 829 1581 contineri
859 1541 902 1580 in
922 1540 1039 1580 libris
1061 1540 1227 1592 scriptis
1250 1545 1291 1581 et
1316 1541 1405 1582 sine
1428 1542 1584 1593 scripto
1607 1543 1916 1590 traditionibus,

188 1622 298 1664 quae
319 1611 451 1664 ipsius
474 1624 548 1653 ore
580 1612 633 1652 ab
667 1612 869 1664 apostolis
892 1617 1095 1664 acceptae
1127 1616 1200 1652 aut
1231 1612 1284 1652 ab
1317 1612 1418 1664 ipsis
1451 1614 1665 1664 apostolis,
1701 1612 1856 1666 Spiritu
1887 1629 1919 1657 s,

189 1682 387 1731 dictante,
422 1683 545 1734 quasi
577 1694 652 1734 per
686 1695 838 1723 manus
870 1682 1050 1723 traditae
1085 1683 1139 1723 ad
1173 1695 1251 1723 nos
1284 1695 1418 1735 usque
1445 1689 1738 1735 pervenerunt,
1774 1686 1918 1726 ortho-

187 1752 396 1794 doxorum
418 1757 587 1805 patrum
611 1753 803 1805 exempla
826 1758 984 1802 secuta,
1008 1765 1156 1794 omnes
1178 1753 1312 1794 libros
1334 1758 1422 1794 tam
1445 1753 1492 1796 V.
1516 1767 1643 1807 quam
1665 1754 1712 1796 N.
1735 1755 1790 1805 T.,
1823 1768 1917 1796 cum

185 1824 404 1877 utriusque
425 1837 537 1864 unus
559 1824 671 1865 Deus
695 1824 746 1865 sit
779 1829 938 1874 auctor,
969 1836 1048 1865 nec
1079 1837 1165 1865 non
1198 1824 1447 1865 traditiones
1469 1826 1583 1877 ipsas
1605 1830 1695 1866 tum
1717 1826 1770 1866 ad
1793 1825 1917 1866 fidem

185 1898 274 1935 tum
298 1894 351 1935 ad
373 1906 518 1935 mores
540 1896 809 1946 pertinentes,
831 1899 1050 1948 tamquam
1072 1895 1137 1935 vel
1165 1899 1362 1936 oretenus
1386 1907 1411 1935 a
1435 1895 1600 1936 Christo
1624 1896 1689 1937 vel
1712 1909 1737 1937 a
1760 1895 1918 1949 Spiritu

184 1970 334 2005 sancto
357 1965 540 2006 dictatas
564 1970 604 2006 et
627 1966 828 2006 continua
850 1966 1120 2006 successione
1142 1966 1185 2005 in
1199 1965 1387 2006 Ecclesia
1401 1966 1612 2007 catholica
1626 1972 1918 2015 conservatas,

184 2037 277 2088 pari
298 2036 468 2088 pietatis
491 2035 644 2076 affectu
666 2048 717 2076 ac
738 2037 977 2077 reverentia
1009 2037 1183 2088 suscipit
1214 2041 1255 2077 et
1290 2040 1526 2080 veneratur.
1541 2045 1580 2103 «ὁ
1600 2036 1649 2077 Et
1675 2037 1766 2090 Jam
1788 2042 1915 2079 antea

184 2119 301 2151 conc.
325 2107 649 2148 oecumenicum
672 2105 753 2150 VII.
778 2111 859 2148 act.
884 2111 906 2150 7
918 2096 953 2177 ελ
969 2105 1034 2157 „Si
1061 2108 1153 2159 quis
1177 2119 1347 2148 omnem
1369 2107 1638 2148 traditionem
1662 2107 1917 2148 ecclesiasti-

184 2189 280 2218 cam
301 2178 390 2218 sive
413 2178 626 2230 scriptam,
648 2178 736 2219 sive
758 2190 845 2218 non
859 2178 1058 2230 scriptam
1075 2178 1220 2230 rejicit,
1243 2177 1291 2218 A.
1307 2176 1504 2248 SdssHinc
1519 2178 1761 2230 explicatur,
1785 2191 1919 2231 quare

182 2248 385 2289 haeretici
407 2248 699 2300 magisterium
721 2247 934 2289 Ecclesiae
956 2248 1137 2301 ideoque
1160 2249 1441 2289 successionis
1465 2249 1724 2301 apostolicae
1746 2250 1913 2302 praedi-

183 2318 396 2359 cationem
419 2323 680 2372 respuentes,
702 2319 926 2371 rejecerint
948 2319 1216 2360 traditiones:
1251 2324 1291 2360 et
1313 2320 1464 2359 harum
1488 2319 1721 2360 adversarii
1742 2332 1914 2361 recusa-

181 2389 318 2429 verint
338 2388 555 2430 Ecclesiae
577 2390 866 2442 magisterium
888 2401 1087 2442 perenne.

304 2493 395 2527 125-
418 2483 745 2528 corollarium
776 2485 870 2527 III.
915 2487 1068 2524 Plenior
1089 2488 1307 2524 traditionis
1328 2488 1437 2524 notio.
1473 2487 1646 2524 Traditio
1670 2500 1759 2536 ergo
1783 2487 1912 2524 divina

182 2557 299 2583 sensu
319 2546 485 2583 maxime
506 2547 662 2596 proprio
686 2549 746 2584 est
767 2546 945 2583 doctrina
965 2546 1055 2582 fidei
1079 2546 1261 2583 universa
1295 2558 1339 2582 ex
1371 2556 1436 2582 ore
1459 2545 1603 2582 C'nristi
1632 2546 1694 2582 vel
1727 2558 1771 2582 ex
1803 2558 1911 2582 reve-

180 2604 326 2642 latione
348 2604 521 2653 Spiritus
544 2618 572 2644 s.
593 2618 664 2654 per
685 2606 881 2654 apostolos
903 2604 1169 2653 progrediens,
1195 2607 1388 2652 quatenus
1410 2604 1482 2641 sub
1497 2604 1724 2641 assistentia
1739 2604 1912 2652 ejusdem

182 2663 350 2712 Spiritus
372 2665 495 2701 sancti
516 2677 719 2712 nunquam
750 2664 973 2712 interrupta
1000 2666 1200 2712 pastorum
1233 2666 1271 2700 et
1294 2663 1498 2700 doctorum
1530 2663 1719 2700 divinitus
1751 2663 1910 2699 institu—

180 2727 311 2759 torum
342 2723 582 2760 successione
616 2725 868 2760 conservatur
901 2725 940 2759 et
973 2725 1223 2771 propagatur,
1259 2725 1377 2769 atque
1412 2721 1586 2758 fluminis
1619 2722 1743 2758 instar
1776 2722 1910 2768 quavi*

180 2781 306 2817 aetate
317 2781 530 2819 Ecclesiam
541 2782 699 2827 animat,
722 2784 890 2831 vegetat,
914 2781 1108 2826 fecundat,
1123 2781 1165 2818 in
1178 2781 1416 2830 professione
1431 2783 1470 2817 et
1483 2780 1565 2817 vita
1578 2781 1701 2817 totius
1718 2779 1906 2816 Ecclesiae

181 2851 262 2876 sese
284 2841 431 2877 exserit
452 2843 492 2878 et
512 2841 624 2878 velut
644 2841 888 2878 incarnatur:
921 2852 989 2877 seu
1010 2840 1187 2877 brevius:
1219 2839 1406 2877 Doctrina
1440 2852 1461 2875 a
1484 2839 1633 2876 Christo
1664 2838 1909 2886 promulgata
1940 2799 2129 2890 m

181 2910 249 2946 per
270 2898 400 2935 secula
431 2899 588 2949 singula
617 2912 802 2937 resonans
832 2898 1026 2936 mediante
1057 2899 1154 2936 tuba
1182 2898 1401 2948 magis-terii
1430 2897 1678 2934 ecclesiastici
1709 2908 1867 2942 nunqua
1917 2905 1919 2913 ¹
1951 2877 2043 2953 ναι(

179 2956 392 3005 interrupti
414 2970 436 2994 a
457 2970 498 2995 se
518 2958 705 2995 instituti.
729 2957 852 3002 Quam
875 2969 923 2994 ss.
947 2958 1081 2994 Patres
1104 2957 1558 3005 ,praedicationem
1589 2898 2162 3025 1360165135ῖῆΨῴ

181 3027 291 3059 cam,
322 3015 676 3065 intelligendi
706 3017 934 3066 regulam
965 3016 1289 3064 apostolicae
1321 3016 1485 3052 verita
1502 3014 1581 3050 tis·
1614 3013 1760 3055 dicunt,
1785 3012 1814 3047 si
1840 3011 1912 3047 di-

179 3075 318 3111 recte
340 3075 379 3111 et
402 3075 480 3125 oh]
495 3075 662 3112 ective
685 3079 885 3124 spectatur
906 3075 991 3122 ipsa
1012 3075 1197 3120 doctrina,
1233 3076 1426 3122 quatenus
1449 3072 1489 3108 in
1511 3072 1723 3119 apostolica
1757 3081 1905 3106 succes-
