2175 3382
567 0 819 71 v

224 106 308 145 3324)
467 100 586 133 'si-act.
610 99 666 133 ΙΙΙ.
687 99 731 133 de
752 99 919 134 Ecclesia.
939 99 1064 133 Thr-sis
1086 99 1209 133 LVlll.
1230 99 1274 132 ‹lt-
1296 99 1476 133 Ecclesiae
1496 101 1703 135 sanctitate.

223 223 353 259 monia
375 222 563 271 ejiciunt?
609 222 657 259 Et
679 222 811 260 fideles
833 222 992 270 quique,
1026 223 1092 271 qui
1121 223 1201 270 jani
1239 223 1339 259 vitae
1372 222 1515 259 veteris
1547 222 1737 259 secularia
1760 224 1876 260 verba
1898 223 1963 260 de-

221 282 465 329 relinquunt,
491 284 623 319 sancta
637 285 767 318 autem
785 282 970 330 mysteria
984 282 1180 324 insonant,
1204 281 1415 318 conditoris
1430 281 1489 317 sui
1506 281 1643 318 laudes
1670 284 1711 319 et
1733 282 1962 330 potentiam,

222 347 413 388 quantum
436 341 675 390 praevalent,
700 345 871 385 narrant,
895 340 991 389 quid
1015 340 1121 378 aliud
1146 340 1306 378 faciunt.
1332 340 1407 376 nisi
1430 340 1538 377 novis
1555 340 1702 389 linguis
1719 340 1966 389 loquuntur?

222 400 290 448 qui
313 400 406 436 dum
430 401 542 437 bonis
566 400 645 437 suis
669 400 1006 437 exhortationibus
1030 399 1220 436 malitiam
1244 399 1290 435 ‹le
1311 399 1447 436 alienis
1461 399 1644 436 cordibus
1665 399 1860 444 auferunt,
1884 412 1966 437 ser-

223 462 360 507 pentes
384 460 543 496 tollunt.
566 460 617 497 Et
639 459 731 496 dum
751 459 954 507 pestiferas·
978 459 1176 495 suasiones
1200 458 1378 500 audiunt,
1405 459 1470 494 secl
1488 461 1619 495 tamen
1633 458 1679 495 ad
1697 459 1964 507 operationem

222 530 377 566 pravam
402 519 561 555 minime
584 518 881 567 pertrahuntur,
905 518 1152 555 mortiferum
1183 517 1342 564 quidem
1374 519 1431 554 est
1464 517 1567 565 quod
1601 517 1754 557 bibunt.
1789 517 1855 554 sed
1886 528 1962 554 non

222 577 276 614 eis
299 578 465 615 nocebit.
510 577 583 622 Qui
607 577 759 625 quoties
791 577 987 625 proximos
1020 588 1110 613 suos
1143 577 1183 613 in
1215 577 1315 613 bono
1347 589 1462 625 opere
1486 576 1672 613 infirmari
1705 576 1962 625 conspiciunt,

222 636 313 673 dum
338 637 392 673 eis
414 639 498 674 tota
519 637 668 674 virtute
700 639 949 680 concurrunt,
982 638 1021 672 et
1053 636 1229 684 exemplo
1263 648 1354 672 suae
1386 635 1622 684 operationis
1659 635 1816 673 illorum
1842 635 1964 672 vitam

222 696 418 739 roborant,
443 696 512 745 qui
534 696 574 732 in
598 695 757 744 propria
779 695 930 732 actione
954 694 1153 738 titubant3
1177 694 1271 742 quid
1295 695 1401 731 aliud
1425 695 1577 731 faciunt
1597 694 1672 731 nisi
1697 706 1817 743 super
1829 706 1967 744 aegros

221 767 359 792 manus
382 755 601 803 imponunt,
626 758 672 791 ut
694 754 792 791 bene
817 753 1011 790 habeant?
1036 752 1140 797 Quae
1162 753 1351 790 nimirum
1367 754 1559 791 miracula
1573 756 1683 790 tanto
1698 754 1844 802 majora
1858 758 1963 797 sunt,

222 818 368 862 quanto
391 814 630 862 spiritualia:
654 815 764 850 tanto
788 813 933 860 majora
955 814 1061 856 sunt,
1085 815 1233 860 quanto
1249 825 1318 860 per
1332 813 1424 850 haec
1439 825 1517 850 non
1533 824 1705 861 corpora,
1731 812 1798 849 sed
1813 812 1963 849 animae

221 874 497 911 suscitantur«
542 872 593 910 Cf.
617 872 924 909 Lactantius
948 871 1025 908 div.
1049 871 1224 908 institut.
1250 871 1348 916 XIV,
1375 878 1449 911 26:
1482 871 1772 908 Balduinus
1794 874 1894 908 cant.
1917 871 1964 908 de

221 932 433 969 commend.
457 931 546 969 fidei
569 932 677 981 Mig.
705 938 798 976 204,
825 937 905 971 605
932 944 959 969 s,

337 1024 377 1066 2.
402 1022 611 1064 Probatur
634 1035 685 1064 ex
708 1023 848 1064 verbis
872 1022 1001 1072 Pauli,
1025 1022 1096 1075 qui
1119 1022 1337 1134 recensikis
1361 1022 1414 1062 ch
1446 1021 1690 1062 r‘smatibus
1713 1020 1895 1074 Spiritus
1916 1035 1961 1070 5.,

221 1095 369 1205 ssffl
392 1099 424 1138 1.
449 1092 541 1136 Cor.
570 1098 634 1143 12,
661 1096 680 1136 1
712 1108 730 1134 ·:
778 1094 896 1135 Haec
918 1098 1055 1134 autem
1080 1108 1117 1133 ον
1147 1064 1239 1133 ηῗιᾳ
1260 1106 1279 1133 s
1313 1034 2146 1148 perngoeciiffimaffimaffzrm

223 1180 248 1205 ιι
281 1180 329 1205 us
362 1180 387 1205 α
408 1179 482 1220 que
518 1156 621 1205 i‘em
686 1166 854 1219 peritus.
910 1163 1105 1217 Superna
1148 1176 1247 1215 ergo
1292 1164 1553 1204 charismata
1587 1169 1684 1204 sunt
1719 1177 1750 1204 s.
1786 1162 1965 1216 Spiritus

221 1237 504 1288 operationes,
528 1236 680 1288 quibus
713 1248 834 1277 suam
867 1236 1153 1288 praesentiam
1188 1240 1378 1277 testatur.
1422 1234 1548 1287 Atqui
1578 1234 1767 1275 Ecclesia
1798 1246 1966 1287 semper

221 1308 299 1348 erit
321 1306 523 1359 templum
547 1320 578 1350 s.
601 1305 792 1359 Spiritus.
836 1306 872 1347 ls
907 1319 1005 1359 ergo
1039 1318 1208 1358 semper
1239 1318 1362 1346 suam
1393 1306 1435 1346 in
1458 1305 1646 1346 Ecclesia
1678 1307 1964 1357 praesentiam

222 1377 432 1430 ejusmodi
455 1377 785 1418 charismatibus
807 1378 902 1429 plus
926 1379 1118 1417 minusve
1141 1375 1376 1417 testabitur.
1422 1375 1539 1417 Unde
1562 1376 1762 1429 sequitur,
1784 1381 1969 1424 coetum,

221 1449 288 1489 cui
310 1449 408 1489 talis
430 1462 461 1489 s.
478 1447 657 1500 Spiritus
682 1449 969 1489 manifestatio
993 1448 1112 1495 desit,
1137 1448 1227 1499 ejus
1250 1459 1337 1488 non
1353 1459 1446 1488 esse
1461 1447 1677 1499 templum,
1693 1447 1873 1500 ideoque
1887 1459 1968 1488 nec

221 1531 366 1560 veram
389 1519 633 1560 Ecclesiam.
684 1518 815 1570 „Nam
847 1518 920 1559 ubi
950 1518 1151 1566 Ecclesia,
1184 1518 1320 1571 inquit
1352 1518 1613 1559 Irenaeus
1648 1518 1706 1566 ΙΙΙ,
1731 1522 1797 1562 24.
1830 1518 1887 1558 ibi
1919 1523 1960 1559 et

220 1589 401 1643 Spiritus
424 1590 520 1637 Dei;
544 1590 615 1631 ubi
638 1589 819 1642 Spiritus
841 1589 928 1631 Dei.
954 1589 1034 1630 illic
1058 1588 1246 1630 Ecclesia
1269 1594 1309 1630 et
1333 1589 1471 1630 omnis
1495 1590 1664 1641 gratia‘

340 1674 380 1717 3.
402 1673 590 1714 Ecclesia
614 1674 859 1714 missionem
877 1672 1031 1714 Christi
1054 1673 1284 1713 continuat.
1308 1671 1462 1724 Nequit
1476 1683 1576 1723 ergo
1592 1677 1789 1723 respectu
1803 1684 1965 1720 eorum,

222 1744 373 1796 quibus
397 1744 564 1797 ignotus
588 1750 652 1785 est
675 1743 877 1793 Christus,
900 1756 951 1784 eo
975 1744 1220 1784 testimonio
1244 1742 1424 1790 destitui,
1440 1755 1524 1794 quo
1540 1741 1732 1783 Christus
1758 1741 1838 1782 sibi
1860 1754 1965 1783 con-

223 1815 379 1855 ciliavit
402 1816 711 1856 auctoritatem.
756 1816 882 1868 Atqui
906 1814 1097 1855 Christus
1131 1815 1347 1855 miraculis
1379 1814 1421 1854 in
1443 1814 1589 1866 primis
1612 1813 1723 1853 hanc
1745 1813 1825 1854 sibi
1847 1825 1966 1854 com-

222 1887 398 1938 paravit.
441 1886 551 1939 Ergo
575 1891 616 1927 et
638 1886 822 1927 Ecclesia
850 1899 927 1938 pro
952 1886 1270 1938 opportunitate
1292 1898 1379 1926 non
1402 1884 1564 1926 carebit
1586 1884 1809 1926 miraculis.

343 1970 386 2012 4.
411 1969 503 2021 Ipsa
527 1969 705 2009 historia
728 1973 989 2021 propagatae
1012 1969 1227 2021 religionis
1251 1968 1508 2008 christianae
1531 1966 1807 2008 confirmatur
1821 1966 1962 2008 Eccle-

223 2040 329 2079 siam
353 2039 606 2092 probatione
630 2039 844 2080 miraculis
866 2040 1010 2079 innixa
1032 2039 1279 2080 destitutam
1302 2051 1389 2079 non
1411 2038 1550 2080 fuisse.
1574 2036 1687 2078 Sane
1711 2039 1855 2078 omnia
1877 2037 1965 2079 fere

222 2111 571 2162 pawcripta
593 2115 720 2163 atque
742 2114 989 2151 sanctorum
1014 2110 1138 2159 vitae,
1153 2110 1195 2150 in
1209 2110 1356 2162 primis
1378 2121 1480 2150 vero
1505 2114 1601 2149 acta
1626 2109 1965 2149 canonizationis

130 2170 135 2175 ⁶
166 2202 173 2220 >.
223 2185 342 2221 tanta
363 2180 641 2221 sollicitudine
664 2185 706 2221 et
727 2181 927 2221 cautione
949 2180 1136 2229 redacta,
1160 2184 1382 2229 testantur,
1397 2179 1629 2221 Ecclesiam
1654 2182 1802 2232 quovis
1817 2179 1964 2220 seculo

155 2240 182 2314 ,ιζ’
223 2251 550 2292 charismatibus
572 2252 764 2304 supernis
787 2252 916 2292 fuisse
939 2251 1143 2292 illustrem
1165 2251 1228 2306 (cf.
1252 2251 1357 2295 thes.
1382 2251 1558 2306 21).-··-
1594 2275 1599 2280 ·
1631 2273 1635 2279 -
1678 2273 1684 2280 ·

341 2344 630 2386 protestantes
666 2357 776 2398 ergo,
813 2345 883 2398 qui
918 2349 1068 2397 sponte
1105 2357 1184 2385 sua
1217 2345 1541 2397 praerogativae
1584 2344 1886 2385 miraculorum
1921 2348 1965 2385 et

171 2401 175 2406 ⁸
224 2415 527 2456 charismatum
551 2414 732 2467 Spiritus
753 2429 784 2456 s.
808 2415 1062 2456 renunciant
1088 2416 1124 2458 1.
1148 2415 1398 2456 mendacem
1424 2415 1508 2456 fere
1531 2415 1713 2456 reddunt
1735 2413 1962 2463 Christum,

223 2485 342 2537 cujus
364 2485 494 2526 verba
518 2498 645 2538 supra
669 2486 797 2526 allata
819 2486 933 2526 nullo
957 2487 1160 2538 temporis
1182 2486 1312 2527 limite
1336 2486 1612 2535 definiuntur3
1648 2488 1690 2530 2.
1715 2487 1830 2527 viam
1852 2491 1968 2537 ster—-

223 2561 328 2596 nunt
354 2563 400 2596 ut
423 2557 486 2597 vel
510 2556 662 2597 Christi
684 2557 890 2597 miracula
913 2557 955 2597 in
978 2556 1152 2597 dubium
1174 2562 1393 2601 vocentur,
1434 2556 1594 2598 Eodem
1626 2558 1739 2597 enim
1757 2557 1852 2610 jure
1875 2568 1961 2609 quo

222 2627 301 2679 ipsi
315 2626 528 2669 Ecclesiae
552 2627 787 2668 catholicae
811 2628 1017 2668 miracula
1040 2640 1065 2669 a
1087 2633 1151 2668 tot
1172 2627 1352 2668 testibus
1375 2627 1627 2668 confirmata
1649 2633 1806 2680 negant
1828 2627 1894 2668 vel
1914 2628 1960 2668 in

223 2698 396 2739 dubium
419 2703 586 2746 vocant,
608 2699 705 2739 licet
728 2703 768 2739 et
791 2699 841 2739 de
865 2699 943 2739 illis
967 2699 1172 2740 dubitare.
1195 2699 1346 2740 Mirum
1369 2699 1467 2740 hinc
1481 2711 1568 2739 non
1583 2704 1646 2739 est
1669 2699 1958 2739 rationalistas

224 2769 305 2810 hoc
323 2769 418 2821 jure
440 2770 554 2822 large
577 2771 647 2812 uti.
691 2770 733 2812 3.
758 2769 971 2810 Immerito
1002 2769 1194 2811 coetibus
1217 2770 1304 2810 suis
1326 2770 1571 2822 dignitatem
1595 2769 1812 2810 vindicant
1833 2780 1962 2810 verae

223 2840 449 2890 Ecclesiae,
481 2852 590 2894 quae
623 2841 836 2881 miraculis
869 2846 909 2882 et
939 2841 1208 2882 charismatis
1239 2854 1270 2882 s.
1293 2837 1471 2893 Spiritus
1502 2841 1673 2881 illustris
1707 2851 1801 2881 esse
1824 2839 1962 2880 debet.

224 2910 280 2952 Cf.
305 2910 596 2952 Gutberlet
626 2910 774 2952 Lehrb.
797 2912 872 2952 der
894 2911 1012 2964 Apol.
1035 2911 1066 2952 II
1091 2925 1120 2952 s.
1145 2914 1171 2954 2
1195 2912 1216 2965 ξ
1243 2915 1319 2960 10,·
1350 2910 1636 2964 Hettinger
1666 2910 1709 2959 Il.v
1734 2915 1759 2955 3
1782 2910 1878 2954 diss,
1902 2911 1962 2953 20

223 2982 473 3034 praesertim
497 2986 638 3023 annot.
662 2981 725 3023 IV.
