2175 3382
185 123 269 163 304⁴,
600 115 720 152 Tract,
739 115 800 150 ΠΙ.
821 116 865 149 ὼ·
885 116 1060 150 Ecclesia.
1079 116 1325 151 conciliorum
1345 116 1498 151 utilitas.

186 235 448 277 custodirent
470 240 510 276 et
538 234 715 276 fideliter
737 241 1033 287 exponerent.“
1085 235 1203 276 Unde
1226 236 1404 276 solvitur
1426 235 1644 287 sophisma
1663 234 1921 287 ‚jansenista-

186 320 290 355 rum,
322 307 392 360 qui
425 310 469 346 ut
503 305 741 356 ostendant,
773 305 1005 347 Ecclesiam
1034 306 1117 347 falli
1141 319 1266 359 posse
1290 307 1330 347 in
1348 305 1590 359 judicandis
1613 305 1796 347 textibus
1819 304 1921 358 dog-

186 378 354 418 maticis
369 377 543 429 originis
557 376 784 425 humanae,
807 377 863 417 ita
887 382 1090 429 arguunt:
1114 377 1302 418 Ecclesia
1317 378 1358 417 in
1374 376 1585 429 ejusmodi
1600 375 1783 417 textibus
1797 386 1922 416 enar-

184 448 329 489 randis
351 448 481 488 utitur
504 447 652 488 mediis
675 448 872 488 humanis
897 449 918 491 i.
942 460 975 489 e.
999 448 1152 499 regulis
1168 448 1471 499 grammaticis
1494 446 1822 488 hermeneuticis
1844 450 1922 487 etc.

183 519 310 572 Atqui
332 519 440 560 haec
463 518 603 559 media
634 523 733 559 sunt
765 520 899 559 errori
932 518 1129 560 obnoxia.
1173 518 1326 572 Nequit
1348 531 1448 571 ergo
1472 518 1660 558 Ecclesia
1692 518 1741 558 iis
1772 515 1923 557 infalli-

183 589 322 630 biliter
345 590 566 630 veritatem
590 591 807 642 attingere.
852 589 905 631 Ut
927 590 1185 638 omittamus,
1217 602 1267 631 ex
1301 590 1383 631 hoc
1406 593 1656 642 argumento
1680 588 1811 642 sequi,
1845 587 1922 628 Ec-

183 661 357 702 clesiam
373 673 517 702 errare
541 661 669 701 etiam
693 672 818 712 posse
842 660 884 700 in
907 661 1168 713 explicandis
1185 661 1401 714 symbolis,
1426 659 1724 701 traditionibus
1738 659 1924 712 ipsisque

183 729 423 784 Scripturis,
455 732 601 772 sedulo
625 732 906 784 distinguatur
939 733 1046 785 inter
1077 732 1169 784 ipsa
1201 732 1342 773 media
1364 742 1598 784 eorumque
1621 744 1757 773 usum.
1800 730 1924 783 Atqui

183 803 373 844 veritatis
406 804 618 843 assecutio
652 802 808 855 pendet
839 803 882 842 in
914 804 1060 855 primis
1092 816 1117 844 a
1151 804 1388 845 mediorum
1421 815 1500 844 usu
1531 802 1738 854 legitimo:
1770 801 1812 842 in
1842 801 1925 842 hoc

183 886 285 915 vero
302 873 480 926 Spiritus
503 887 533 914 s.
558 874 955 921 assistitlffcclesiae,
977 879 1021 915 ut
1045 875 1194 915 mediis
1217 875 1295 916 rite
1317 879 1460 916 utatur
1483 876 1535 916 ad
1558 874 1781 915 veritatem
1806 883 1924 913 asse-

184 944 410 997 quendam.
453 943 634 985 Notetur

303 1028 344 1070 ⁶2.
367 1026 674 1068 infallibilitatis
690 1029 1034 1080 praerogativam
1057 1041 1144 1069 non
1167 1028 1391 1069 excludere
1414 1028 1457 1068 in
1480 1029 1657 1069 veritate
1672 1026 1925 1080 inquirenda

112 1093 119 1098 ”
183 1102 225 1139 et
251 1097 420 1150 Judiciis
454 1097 637 1138 ferendis
664 1098 885 1139 hominum
909 1099 1271 1151 cooperationem,
1302 1104 1349 1139 ut
1375 1099 1465 1151 jam
1498 1110 1549 1139 ex
1580 1099 1717 1151 primo
1749 1103 1924 1149 aposto-

183 1169 322 1209 lorum
345 1169 526 1210 concilio
549 1168 639 1210 Act.
667 1172 732 1219 15,
756 1174 781 1213 6
814 1169 1033 1222 probatur.
1075 1170 1271 1223 Legimus
1294 1171 1407 1211 enim
1431 1170 1684 1211 convenisse
1707 1168 1925 1222 apostolos

184 1244 225 1281 et
247 1240 437 1280 seniores
460 1252 745 1292 magnamque
768 1241 1123 1293 conquisitionem
1147 1241 1303 1281 factam
1326 1252 1431 1289 esse,
1464 1245 1508 1281 ut
1531 1240 1800 1281 dirimeretur
1822 1251 1924 1280 con-

185 1311 405 1359 troversia,
429 1323 532 1351 num
555 1323 580 1351 a
603 1310 795 1352 fidelibus
818 1312 1030 1353 servanda
1053 1313 1233 1365 posthac
1256 1316 1399 1353 essent
1420 1311 1582 1363 legalia.

304 1408 559 1445 Conciliorum
580 1407 740 1447 utilitas.
764 1431 819 1436 -—
844 1409 971 1453 Quare
994 1408 1034 1450 3.
1058 1410 1219 1447 concilia
1251 1411 1510 1455 oecumenica,
1543 1410 1721 1458 quamvis
1746 1409 1927 1447 absolute

175 1462 402 1504 'necessaria
424 1479 503 1504 non
526 1468 607 1504 sint
628 1468 677 1505 ad
699 1468 996 1506 infallibilitatis
1027 1469 1266 1513 exercitium,
1299 1471 1432 1506 tamen
1454 1469 1664 1506 admodum
1685 1470 1778 1506 sunt
1799 1468 1926 1513 utilia,

181 1538 270 1562 cum
294 1526 426 1575 agitur
447 1527 510 1563 vel
533 1527 579 1564 de
602 1527 781 1564 doctrina
803 1528 992 1565 catholica
1015 1528 1224 1565 statuenda
1247 1529 1309 1565 vel
1323 1528 1370 1565 de
1386 1528 1615 1565 damnandis
1636 1527 1843 1565 haereticis
1863 1528 1928 1564 vel

182 1585 229 1622 de
252 1585 472 1623 sanciendis
496 1585 671 1623 decretis.
695 1588 794 1624 Nam
817 1597 859 1626 a..
885 1587 1076 1624 libentius
1098 1601 1120 1624 a
1141 1587 1327 1624 fidelibus
1341 1587 1482 1636 iisque,
1507 1600 1675 1635 quorum
1689 1586 1785 1624 fides
1799 1587 1926 1631 nutat,

181 1644 337 1681 decreta
359 1644 619 1693 accipiuntur,
644 1657 743 1693 quae
765 1646 814 1682 ab
836 1646 931 1683 adeo
947 1647 1156 1695 conspicuo
1179 1649 1218 1684 et
1240 1659 1449 1684 numeroso
1471 1649 1677 1695 pastorum
1699 1648 1813 1684 coetu
1834 1657 1926 1694 pro-

181 1703 306 1740 deunt
328 1704 390 1741 vel
412 1704 705 1748 confirmantur,
730 1718 845 1752 quam
870 1718 914 1742 ea
936 1718 1035 1753 quae
1057 1705 1105 1743 ab
1128 1718 1207 1743 uno
1232 1706 1292 1743 vel
1314 1719 1335 1743 a
1356 1708 1561 1754 pastorum
1583 1707 1697 1743 coetu
1709 1718 1779 1755 per
1792 1705 1928 1742 orbem

181 1762 357 1811 disperso
380 1763 564 1807 eduntur,
588 1776 677 1800 cum
701 1764 946 1812 suspiciones
977 1764 1138 1817 fraudis,
1171 1765 1428 1814 ignorantiae,
1463 1764 1717 1813 deceptionis,
1740 1763 1928 1802 utilitatis

185 1822 365 1870 propriae
388 1826 459 1859 etc.
482 1822 640 1872 longius
663 1827 882 1863 arceantur.
924 1824 1095 1861 Facilius
1126 1824 1244 1861 etiam
1266 1822 1311 1864 b.
1334 1826 1466 1872 partes
1499 1824 1728 1861 dissidentes
1757 1823 1798 1860 in
1821 1823 1926 1871 ejus-

182 1880 289 1917 modi
311 1880 473 1930 synodis
497 1881 544 1918 ad
568 1882 813 1919 concordiam
834 1886 1091 1921 revocantur:
1118 1884 1292 1932 episcopi
1314 1893 1353 1923 (3.
1378 1883 1545 1920 alacrius
1568 1885 1839 1931 exsequuntur
1859 1881 1926 1919 de-

182 1942 297 1983 creta,
322 1952 421 1988 quae
443 1940 520 1988 ipsi
541 1953 629 1977 cum
651 1941 738 1978 aliis
760 1941 1042 1979 condiderunt:
1077 1946 1216 1979 mutua
1251 1943 1459 1980 collatione
1494 1940 1537 1982 (l.
1572 1954 1612 1979 se
1642 1942 1860 1987 instruunt,
1884 1941 1927 1978 in

183 1997 257 2035 fide
279 1998 569 2041 confirmantur,
606 2000 808 2037 caritatem
844 2001 1111 2049 unionemque
1146 2001 1292 2045 fovent,
1329 2001 1482 2038 viribus
1516 2001 1643 2038 unitis
1672 2001 1716 2038 in
1746 2001 1925 2038 haereses

181 2057 431 2095 debellandas
464 2058 828 2108 exstinguendaque
861 2060 1072 2097 schismata
1104 2061 1329 2108 conspirant
1360 2060 1589 2108 collatisque
1620 2059 1793 2098 consiliis
1823 2060 1949 2113 bonor

182 2116 381 2153 communi
403 2117 594 2154 Ecclesiae
616 2118 757 2155 melius
781 2119 1039 2167 prospiciunt.
1083 2119 1297 2167 Nunquam
1318 2122 1451 2157 tamen
1473 2119 1628 2157 decreta
1651 2119 1807 2157 concilii
1821 2121 1925 2156 certe

181 2175 423 2213 oecumenici
443 2176 485 2212 in
507 2176 671 2214 dubium
695 2189 830 2214 vocare
854 2178 945 2215 licet
969 2178 1041 2215 sub
1064 2181 1270 2226 praetextu
1302 2178 1517 2215 adhibitam
1551 2189 1629 2215 non
1660 2178 1782 2215 fuisse
1814 2177 1924 2215 suffi-

184 2233 351 2271 cientem
372 2234 413 2271 in
436 2235 484 2272 iis
507 2235 718 2273 condendis
740 2236 998 2285 diligentiam.

923 2386 1093 2442 eaput
1127 2388 1182 2429 ΙΙΙ.

608 2478 676 2520 De
709 2480 1155 2533 proprietatibus
1189 2482 1488 2526 Ecclesiae.

895 2532 1093 2577 natumst

303 2575 400 2616 285.
423 2572 723 2614 Demonstrata
745 2574 960 2616 Ecclesiae
983 2575 1232 2616 exsistentia
1263 2580 1390 2628 atque
1423 2577 1615 2629 exposita
1648 2577 1739 2629 eJ‘us
1769 2581 1924 2617 natura

184 2648 228 2685 et
261 2643 575 2691 constitutione,
607 2645 902 2696 inquirendum
927 2650 1002 2695 est,
1034 2646 1246 2698 qualem
1271 2645 1462 2688 Christus
1484 2659 1606 2688 suam
1629 2658 1723 2688 esse
1744 2646 1923 2688 voluerit

183 2714 429 2763 Ecclesiam,
453 2727 527 2755 seu
550 2726 762 2767 quaenam
785 2717 869 2756 sint
890 2716 980 2768 ejus
1003 2718 1408 2769 proprietates,
1440 2729 1550 2770 quae
1572 2721 1723 2770 sponte
1745 2729 1823 2758 sua
1843 2717 1922 2758 Ec-

184 2785 340 2826 clesiae
363 2786 708 2826 constitutionem
731 2791 860 2839 atque
891 2787 1018 2828 finem
1047 2792 1377 2841 consequuntur.
1420 2788 1613 2839 Quatuor
1643 2800 1745 2841 prae
1775 2789 1922 2841 primis

185 2857 401 2897 recenseri
423 2856 572 2906 solent,
595 2868 704 2908 quae
727 2862 844 2898 sunt:
878 2859 1086 2908 unitas,
1117 2859 1503 2907 catholicitas,
1526 2859 1922 2912 apostolicitas

185 2931 226 2967 et
248 2926 534 2970 sanctitas,
575 2926 670 2968 Jam
693 2927 745 2968 de
768 2928 832 2969 his
855 2929 1095 2980 singillatim
1119 2942 1305 2982 agemus,
