2175 3382
653 123 818 157 Ecclesia
836 122 1079 168 distinguitur
1098 134 1119 156 a
1137 123 1312 158 societate
1331 125 1441 158 civili.
1832 131 1916 173 237·

187 243 351 283 illm-mn
376 242 490 284 Deus
521 246 556 281 et
589 242 666 296 ipsc·
697 245 817 281 erunt
848 241 948 281 mihi
977 241 1164 295 populus.
1211 241 1291 282 Per
1321 241 1551 283 Ecclesiam
1584 242 1775 286 Christus
1806 245 1918 286 sicut

186 318 313 364 caput
345 323 421 364 per
443 324 598 364 corpus
620 312 807 352 humano
831 312 974 363 generi
996 323 1164 363 semper
1187 312 1307 353 adest
1328 312 1610 363 benefaciens,
1643 315 1813 359 doeens.
1845 328 1916 357 sa-

185 395 304 431 nans,
326 383 549 430 redimens,
573 383 804 435 gratiarum
827 383 973 434 copias
995 381 1242 423 diffundens.
1278 382 1418 432 Quare
1442 384 1498 423 nil
1522 385 1685 432 mirum,
1709 391 1851 437 patres
1874 387 1915 427 in

183 453 447 494 vindicandis
470 454 682 494 Ecclesiae
700 452 866 505 juribus
890 451 1016 493 fuisse
1039 457 1125 493 tam
1150 453 1364 500 sollicitos,
1397 465 1533 505 neque
1556 454 1815 496 detrectasse
1839 469 1916 508 pro

182 524 348 565 illorum
383 524 575 565 custodia
619 530 659 564 et
699 524 943 564 defensione
977 524 1227 575 sanguinem
1262 523 1516 575 profundere
1538 526 1589 579 ¹);
1632 537 1711 565 nec
1746 526 1916 568 aliunde

182 595 317 636 oritur
339 595 679 636 adversariorum
703 596 887 648 pruritus
901 594 1133 636 Ecclesiam
1156 594 1405 647 subjiciendi
1427 595 1621 636 societati
1644 596 1763 646 civili,
1786 610 1913 649 quam

182 666 295 718 quod
317 666 512 706 animalis
534 667 663 707 homo
686 678 773 706 non
795 666 972 718 percipit
994 677 1057 711 ea,
1089 677 1198 718 quae
1221 670 1318 706 sunt
1340 664 1519 717 Spiritus
1543 666 1626 707 Dei.
1671 666 1775 707 Hinc
1806 668 1914 708 sicut

175 736 321 789 judaei
336 735 561 786 Christum,
584 738 654 789 qui
674 737 803 778 homo
819 736 1043 777 videbatur
1066 736 1196 791 (quod
1220 736 1390 789 quidem
1413 741 1516 786 erat,
1539 737 1613 777 sed
1637 749 1723 777 non
1745 738 1913 794 solum),

180 807 279 848 odio
301 807 557 860 implacabili
576 807 942 861 persequebantur
963 819 1013 847 ac
1037 807 1207 848 demum
1232 807 1345 848 cruci
1368 807 1601 857 affixerunt,
1624 809 1722 862 qaia
1746 808 1912 849 Patrem

180 892 302 918 suum
324 878 482 918 dicebat
496 878 629 920 Deum
652 878 864 934 aequalem
886 892 927 918 se
947 879 1108 932 faciens
1123 878 1209 919 Deo
1232 877 1368 933 (Joan.
1385 881 1423 925 5,
1444 879 1534 934 18):
1558 879 1616 918 ita
1638 884 1680 919 et
1701 878 1913 920 Ecclesiae

181 949 327 990 hostes
357 949 466 990 ferre
488 962 574 990 non
596 955 784 1002 possunt,
815 949 926 1001 quod
951 961 1014 996 ea,
1048 961 1143 990 cum
1167 949 1352 1001 speciem
1375 961 1477 1000 prae
1501 960 1546 990 se
1569 948 1676 989 ferat
1697 951 1915 990 societatis

179 1020 406 1069 humanae,
437 1032 482 1061 se
514 1020 737 1061 subtrahat
766 1021 810 1060 in
840 1020 926 1060 suis
956 1019 1136 1071 negotiis
1162 1019 1444 1072 jurisdictioni
1476 1019 1596 1068 civili,
1637 1024 1801 1060 tantam
1833 1020 1911 1061 sibi

178 1091 364 1132 vindicet
387 1091 698 1139 auctoritatem,
730 1096 849 1131 tanta
879 1091 1077 1143 loquatur
1097 1090 1304 1139 libertate,
1336 1095 1500 1131 tantam
1533 1096 1729 1131 exerceat
1752 1091 1794 1131 in
1817 1092 1909 1132 ani-

178 1174 270 1202 mas
292 1161 479 1203 fidelium
503 1167 773 1214 potestatem.
815 1161 911 1202 Non
934 1161 1046 1202 enim
1070 1162 1223 1202 minori
1245 1174 1373 1214 quam
1390 1161 1535 1213 judaei
1558 1162 1766 1203 coecitate
1788 1162 1912 1203 labo-

177 1238 283 1281 rant,
307 1233 537 1274 coelestem
552 1233 764 1274 Ecclesiae
779 1233 996 1284 originem,
1018 1232 1279 1285 dignitatem,
1301 1232 1627 1273 destinationem
1643 1233 1768 1285 plane
1791 1234 1913 1285 igno-

177 1309 342 1345 rantes:
375 1309 503 1357 atque
526 1305 585 1345 ita
607 1304 734 1345 etiam
757 1303 809 1344 de
832 1315 1011 1356 corpore
1034 1302 1189 1344 Christi
1210 1303 1418 1355 impletur,
1449 1303 1562 1356 quod
1594 1304 1645 1344 de
1679 1304 1815 1356 capite
1847 1311 1909 1345 est

176 1375 459 1428 praedictum:
482 1375 584 1416 Ecce
601 1377 761 1429 positus
783 1379 839 1416 est
860 1374 924 1414 hic
948 1377 989 1415 in
1012 1376 1179 1415 ruinam
1206 1378 1242 1414 et
1263 1375 1307 1414 ιή
1329 1376 1665 1416 resurrectionem
1688 1377 1908 1415 multorum

177 1447 218 1487 in
242 1445 390 1499 Israel,
423 1451 459 1486 et
481 1447 525 1486 ¹in
547 1446 726 1499 siquam,
758 1446 825 1485 eui
856 1445 1161 1486 contradicetur
1184 1445 1296 1500 (Luc.
1322 1448 1359 1492 2,
1384 1446 1468 1500 34).
1511 1445 1770 1486 Prolixiores
1802 1445 1910 1487 forte

177 1515 341 1566 fuimus,
375 1529 503 1570 quam
526 1516 767 1568 compendii
799 1516 1018 1568 angustiae
1048 1516 1275 1568 patiantur,
1307 1515 1381 1556 sed
1413 1516 1511 1568 quia
1542 1516 1769 1568 plurimum
1800 1517 1907 1558 haec

176 1587 474 1639 praerogativa
496 1587 659 1628 confert
681 1587 735 1628 ad
757 1587 1049 1628 illustrandam
1072 1586 1285 1627 Ecclesiae
1309 1591 1506 1627 naturam
1529 1591 1570 1627 et
1591 1587 1788 1636 indolem,
1812 1588 1909 1629 bre-

175 1657 479 1698 vioribus·esse
501 1659 569 1698 vix
591 1659 716 1699 licuit.
2052 1695 2175 1747 M

299 1744 396 1784 212.
428 1742 788 1785 Demonstrat-io
820 1755 863 1796 p.
887 1741 953 1783 ΙΙ.
997 1739 1055 1780 Ex
1088 1740 1208 1781 dictis
1241 1745 1391 1792 sponte
1423 1752 1501 1780 sua
1532 1741 1732 1794 sequitur,
1766 1734 2175 1803 Eccle-“lfflffl

175 1811 278 1851 siam
304 1827 329 1851 a
351 1813 536 1852 societate
558 1812 666 1852 civili
688 1816 724 1852 et
742 1812 916 1865 politica
939 1812 1105 1852 secerni.
1148 1810 1269 1861 Quod
1291 1816 1515 1863 praeterea
1537 1815 1654 1863 patet
1684 1823 1735 1852 ex
1766 1811 1909 1852 verbis
1918 1802 2153 1887 &ff

176 1879 330 1922 Christi
350 1881 413 1924 JO.
438 1885 504 1931 18,
527 1886 602 1927 36:
627 1882 685 1922 Re
714 1896 811 1923 num
834 1895 966 1922 meum
987 1895 1069 1922 non
1091 1887 1147 1922 est
1170 1883 1219 1922 de
1241 1882 1312 1922 hoc
1336 1897 1346 1922 i
1378 1882 1464 1922 und
1500 1898 1511 1931 ,-
1532 1883 1568 1923 si
1590 1897 1638 1923 ex
1660 1883 1733 1922 hoe
1754 1896 1838 1922 mm
1857 1883 2175 1938 dOWWY'*

179 1965 238 1993 ess
263 1957 277 1991 t
299 1966 342 1992 re
401 1967 470 2028 Q
492 1967 505 1992 i
535 1968 638 2002 eum,
671 1896 900 2029 ΊΞιηῗδὲῗῗ
918 1967 953 1994 ει
975 1957 1036 1993 uti
1066 1941 1116 1994 uMe
1136 1940 1400 2006 decertarent
1434 1898 1589 1994 ut3220n
1621 1943 1811 1994 {raderer
1840 1954 1909 2004 ju-
1932 1938 2121 2023 Ι»”““ᾷ’“’”ι
2137 1940 2175 1961 ⁰⁹

1 1966 318 2075 W&
349 2037 458 2064 mme
480 1997 612 2065 auiem
634 2038 801 2079 reynum
824 2038 954 2065 meum
978 2007 1058 2084 ἧφι
1082 2028 1139 2064 est
1160 2024 1254 2065 hinc
1271 2027 1325 2079 2);
1358 2029 1444 2072 tum
1470 2036 1521 2065 ex
1544 2023 1910 2077 appellationibus,
1932 2031 2028 2090 δν*-
2172 2030 2175 2036 “

321 2177 345 2220 ¹)
365 2175 554 2220 Legantm·
581 2186 634 2210 ex.
665 2188 720 2221 gr.
746 2175 1018 2220 pulcherrimae
1036 2187 1092 2220 ep.
1112 2188 1138 2210 s.
1157 2175 1218 2209 Th
1231 2186 1251 2209 o
1264 2188 1299 2209 m
1312 2187 1362 2210 ae
1381 2176 1658 2215 cantuariensis
1687 2177 1750 2220 qui
1769 2188 1825 2221 ep.
1847 2179 1913 2212 130
1924 2147 2175 2226 &ff—⁴

174 2228 347 2273 episcopo
367 2230 575 2262 londinensi
595 2230 776 2269 suadenti,
795 2231 837 2262 ut
850 2229 1024 2274 regijnra
1037 2229 1220 2263 Ecclesiae
1235 2230 1425 2263 invadenti
1440 2230 1715 2272 obsequeretur,
1730 2229 1827 2263 inter
1840 2229 1912 2263 alia-
1932 2213 2087 2274 ,mr-*ej
2106 2235 2175 2284 μία

173 2282 387 2326 respondet:
411 2281 472 2322 ,ln
490 2283 558 2316 hoc
576 2293 641 2316 nec
657 2282 739 2323 tibi,
764 2292 830 2316 nec
854 2282 918 2316 alii
936 2293 1057 2326 parco,
1084 2293 1152 2317 nec
1178 2283 1321 2327 angelo,
1353 2283 1382 2316 si
1401 2283 1632 2316 descenderit
1649 2282 1694 2316 de
1713 2283 1825 2322 coelo,
1849 2283 1911 2316 sed
1925 2268 2015 2321 “⁸7‘'

174 2334 301 2369 statim
318 2337 359 2369 ut
377 2334 526 2369 audiero
545 2335 637 2369 talia
654 2337 960 2374 commonentem,
981 2335 1107 2369 audiet
1125 2346 1167 2369 ex
1186 2347 1262 2369 me:
1307 2337 1398 2369 Vade
1424 2341 1519 2370 retro
1545 2341 1685 2377 satana,
1712 2348 1782 2370 non
1799 2340 1908 2380 sapis,
1938 2328 1946 2336 ⁶

174 2399 261 2432 quae
279 2389 346 2422 Dei
360 2394 444 2422 sunt
460 2389 607 2434 (Matth.
630 2391 684 2428 16,
704 2391 772 2429 ⁴23).
791 2389 901 2422 Absit
918 2399 940 2422 a
958 2400 1016 2423 me
1034 2389 1107 2422 ista
1125 2390 1321 2423 dementia.
1358 2390 1510 2423 Avertat
1528 2400 1548 2422 a
1567 2401 1623 2423 me
1643 2390 1738 2423 Deus
1760 2390 1907 2423 demen-

172 2441 265 2475 tiam
292 2442 412 2483 istam,
440 2447 482 2476 ut
508 2443 743 2486 aliquatenus
769 2442 995 2486 persuadear
1021 2442 1206 2485 aliquibus
1234 2442 1601 2487 tergiversationibus
1628 2443 1722 2477 inire
1741 2453 1912 2476 coniirer-

174 2494 269 2528 cium
288 2494 332 2529 dc
350 2495 489 2530 Christi
507 2506 668 2538 corpore,
697 2495 794 2529 unde
825 2506 891 2540 ego
911 2495 1031 2529 Judae
1059 2495 1242 2529 venditori
1270 2498 1306 2529 et
1330 2497 1499 2530 dominus
1527 2507 1628 2530 meus
1655 2497 1744 2542 (rex)
1771 2496 1910 2541 judaeis

174 2548 398 2582 assimiletur
416 2549 645 2593 emptoribus
665 2548 812 2583 Christi.
824 2557 837 2570 ¹

320 2601 346 2647 ²)
363 2603 443 2636 Non
460 2608 507 2636 est
525 2603 564 2636 de
581 2603 644 2635 hoe
661 2604 791 2636 mundo
809 2602 831 2638 i.
852 2613 881 2638 e.
901 2613 973 2636 non
993 2604 1046 2636 est
1067 2601 1303 2646 originis,
1322 2602 1523 2643 indolis,
1545 2601 1911 2637 destinationis

173 2653 399 2693 mundanae:
427 2665 499 2688 nou
528 2655 642 2689 habet
668 2654 820 2689 finem
850 2656 1084 2691 mundanum.
1114 2655 1209 2688 bono
1239 2655 1314 2688 scil.
1335 2656 1459 2699 aliquo
1477 2656 1586 2700 hujus
1605 2656 1730 2690 mundi
1751 2665 1910 2698 compre-

175 2706 330 2741 hensum
349 2709 532 2752 armisque
550 2710 876 2752 propugnandum.
907 2708 977 2742 Sed
997 2719 1039 2742 ex
1059 2719 1100 2742 eo
1119 2708 1217 2751 quod
1236 2708 1398 2743 Ecclesia
1415 2721 1489 2743 non
1509 2714 1561 2743 est
1582 2709 1744 2753 originis,
1764 2708 1911 2747 indolis,

177 2760 435 2795 destinationis
453 2762 671 2801 mundanae,
701 2772 775 2795 non
806 2762 972 2805 sequitur
1002 2772 1082 2794 eam
1113 2760 1169 2795 vel
1197 2771 1273 2795 esse
1301 2764 1404 2796 extra
1431 2763 1621 2796 mundum.
1641 2763 1697 2796 vel
1716 2773 1786 2795 non
1807 2770 1911 2804 posse

174 2813 362 2857 possidere
379 2815 476 2848 bona
495 2815 604 2859 hujus
622 2816 750 2848 mundi
769 2815 886 2858 iisque
914 2815 969 2849 uti
999 2815 1043 2848 ad
1064 2826 1168 2848 suum
1187 2815 1296 2848 finem
1324 2816 1650 2860 supernaturalem,
1679 2816 1736 2848 cui
1765 2814 1909 2847 demum

174 2867 298 2900 omnia
314 2867 488 2901 inservire
507 2867 655 2902 debent.
691 2868 793 2902 Sicut
811 2879 853 2902 ex
872 2878 923 2908 ρο,
944 2868 1045 2912 quod
1074 2868 1198 2902 anima
1224 2868 1387 2902 humana
1414 2879 1488 2902 non
1516 2870 1570 2902 est
1594 2880 1637 2902 ex
1656 2877 1818 2911 corpore,
1837 2876 1909 2900 non

174 2920 229 2953 est
247 2919 412 2963 originis,
431 2921 577 2960 indolis,
596 2923 749 2955 naturae
769 2921 983 2960 materialis,
1006 2931 1078 2954 non
1097 2920 1272 2964 sequitur,
1291 2932 1371 2955 eam
1389 2932 1465 2955 esse
1484 2925 1586 2955 extra
1604 2931 1746 2964 corpus,
1766 2930 1837 2952 non
1853 2918 1908 2951 uti

173 2982 324 3016 corpore
342 2974 453 3016 atque
471 2973 510 3006 in
527 2972 622 3008 illud
639 2985 712 3007 non
732 2973 931 3017 multiplici
951 2973 1071 3014 modo,
1099 2974 1161 3007 sed
1194 2974 1366 3013 benefico,
1395 2974 1556 3008 influere.
1593 2972 1692 3014 Quae
1710 2972 1836 3015 paucis
1855 2971 1907 3004 ita

173 3025 351 3068 expressit
369 3037 396 3060 S.
414 3026 621 3070 Augusti
635 3038 693 3059 nu
706 3038 721 3059 s
739 3029 783 3059 tr.
807 3030 870 3060 115
888 3026 927 3059 in
945 3025 1050 3060 Joan.
1070 3038 1104 3059 11.
1125 3028 1164 3060 2:
1185 3026 1290 3065 „Non
1305 3027 1377 3060 ait.-
1395 3026 1561 3070 Regnum
1579 3036 1698 3058 menn]
1713 3035 1785 3056 non
1801 3029 1853 3056 est
1870 3023 1907 3056 in

174 3079 242 3113 hoc
258 3079 405 3119 mundo,
423 3073 485 3112 sed
505 3090 576 3113 non
596 3080 652 3113 est
669 3082 709 3114 de
726 3082 788 3114 hoc
804 3081 933 3114 mzmdo
953 3108 959 3113 .
982 3107 989 3114 .
1009 3107 1016 3113 .
1036 3079 1121 3114 Non
1139 3081 1210 3114 a-it:
1246 3080 1353 3113 Nunc
1381 3083 1503 3113 autem
1523 3089 1675 3122 regnum
1696 3088 1814 3111 meum
1835 3087 1906 3110 non
