2175 3382
218 105 296 144 154
561 98 679 134 'l'rm-t.
705 98 744 130 ll.
766 97 816 131 Dc
838 109 863 130 s.
884 98 1109 141 Scripturae.
1130 97 1256 131 Falsas·
1276 97 1400 141 inspir.
1422 98 1602 132 notiones.

212 232 241 258 s.
266 224 290 261 51
316 231 348 259 c.
375 222 400 260 4
424 221 445 267 ς’
470 220 506 262 8.
551 215 708 257 Verum
742 228 792 257 ea
816 217 1025 257 sententia
1050 216 1212 257 admitti
1237 216 1390 268 nequit,
1415 217 1663 268 praesertim
1688 222 1782 269 post
1804 217 1946 258 decla-

212 289 420 329 rationem
444 287 610 328 concilii
635 288 817 328 vaticani
843 288 898 342 (n.
926 290 1039 341 157).
1071 292 1117 328 ut
1149 291 1266 339 patet
1296 287 1360 327 vel
1394 298 1443 327 ex
1468 287 1559 339 ipsa
1583 287 1708 328 obvia
1731 288 1846 329 vocis
1869 301 1946 329 no-

213 360 337 407 tione,
370 370 465 399 cum
499 358 688 411 profecto
712 359 834 410 longe
857 358 970 399 aliud
1002 359 1054 398 sit
1087 358 1386 410 inspiratio
1419 362 1461 399 et
1492 357 1847 410 approbatio:
1880 358 1949 399 illa

211 430 322 469 enim
339 434 493 478 actum,
517 430 585 482 qui
600 430 872 482 scriptionem
888 429 1116 481 praecedit,
1139 429 1245 470 haec
1269 433 1423 478 actum,
1447 429 1517 482 qui
1541 429 1652 469 illam
1675 429 1948 482 consequitur

212 500 429 551 significat.
473 500 572 541 Inde
596 505 739 541 autem
765 500 832 540 illa
856 505 950 541 orta
973 500 1147 548 videtur,
1182 500 1294 553 quod
1319 512 1405 541 non
1428 500 1529 541 satis
1553 500 1820 552 distinguitur
1842 500 1950 541 inter

210 571 431 612 verbum
456 571 529 612 Dei
561 576 602 613 et
633 571 786 612 librum
810 572 1152 624 inspiratum.
1199 570 1482 613 Concedimus
1505 572 1673 625 quidem
1697 571 1848 612 librum
1872 572 1949 612 ali-

212 654 336 695 quem
359 642 593 683 humanum
627 642 718 683 sola
740 642 814 683 Dei
848 642 1158 695 approbatione
1191 643 1279 684 fieri
1306 642 1482 684 verbum
1507 642 1581 683 Dei
1606 645 1710 699 (non
1733 642 1949 695 proprium

211 712 285 754 sed
309 713 598 767 adoptatum:
631 713 722 765 ipsa
755 713 867 753 enim
901 713 1212 766 approbatione
1236 713 1396 754 revelat
1418 713 1530 755 Deus
1553 713 1708 762 omnia,
1740 724 1848 766 quae
1881 712 1949 754 illo

211 784 490 833 continentur,
515 795 606 824 esse
630 795 731 824 vera
754 783 935 836 ideoque
958 787 1004 824 ut
1026 783 1203 824 verbum
1226 783 1301 824 Dei
1325 783 1439 825 credi
1461 794 1607 836 posse;
1640 783 1714 824 sed
1746 795 1831 824 non
1855 782 1950 824 ideo

211 854 469 896 evaditliber
483 855 724 906 inspiratus,
747 855 817 908 qui
842 856 1016 896 omnino
1041 855 1166 906 exigit
1188 854 1416 907 positivum
1432 854 1507 895 Dei
1529 854 1731 895 inlluxum
1754 854 1796 894 in
1819 854 1949 906 scrip-

209 931 357 966 torem.
400 925 527 978 Atqui
551 924 796 978 Scripturae
819 938 906 967 non
937 930 1035 966 sunt
1059 925 1298 967 credendae
1320 925 1497 966 verbum
1521 925 1595 966 Dei
1619 930 1845 978 utcunque,
1877 924 1951 965 sed

209 996 385 1037 verbum
409 996 484 1037 Dei
506 997 770 1048 inspiratum.
816 996 957 1047 Quare
979 997 1086 1038 haec
1110 996 1399 1049 inspirationis
1422 996 1539 1036 notio
1563 1008 1649 1037 non
1672 1000 1736 1037 est
1757 996 1950 1047 genuina.

211 1067 266 1107 Cf.
290 1066 404 1108 Vv'el
421 1072 467 1108 te
491 1067 594 1111 Tiib.
618 1066 796 1118 Qtlschr.
824 1071 936 1112 1855
959 1081 995 1120 p.
1020 1070 1075 1112 58
1099 1081 1151 1108 ss.

340 1166 431 1207 163.
466 1163 794 1207 corollarium
828 1163 908 1206 IV.
956 1161 1049 1202 Non
1084 1163 1313 1217 requiritur
1345 1162 1511 1202 dictatio
1542 1160 1770 1203 verborum.
1803 1187 1860 1191 -—
1892 1159 1951 1200 Ex

212 1234 377 1287 analysi
402 1234 622 1275 doctrinae
646 1234 882 1274 catholicae
906 1233 957 1273 de
984 1233 1261 1285 inspiratione
1285 1233 1340 1287 (n.
1369 1233 1468 1287 159)
1491 1232 1620 1284 liquet
1643 1244 1823 1285 quoque,
1856 1243 1951 1272 ver-

210 1305 362 1346 borum
377 1305 665 1354 dictationem,
689 1316 818 1358 quam
840 1305 949 1345 tueri
970 1304 1167 1345 videntur
1189 1303 1380 1344 nonnulli
1402 1303 1576 1344 scholae
1591 1303 1776 1355 theologi
1790 1302 1950 1355 ample-

209 1376 333 1428 xique
357 1381 453 1417 sunt
477 1375 596 1416 multi
619 1388 670 1417 ex
698 1375 912 1417 veteribus
935 1375 1269 1428 protestantibus
1291 1376 1333 1432 ¹),
1367 1388 1454 1416 non
1485 1375 1696 1427 pertinere
1728 1386 1804 1427 per
1833 1386 1880 1415 se
1912 1378 1953 1415 et

209 1447 453 1488 necessario
490 1446 543 1487 ad
575 1447 863 1500 inspirationis
896 1447 1128 1495 rationem;
1161 1446 1342 1499 ideoque
1374 1446 1454 1487 nisi
1486 1450 1603 1487 certo
1627 1445 1953 1494 demonstretur,

209 1529 296 1558 non
319 1529 412 1559 esse
436 1518 807 1570 praesumendam.
850 1517 994 1570 quue
1018 1518 1157 1558 minus
1180 1517 1294 1570 quod
1316 1521 1546 1570 suppetunt
1568 1521 1830 1568 argumenta,
1859 1516 1952 1569 qui-

211 1588 289 1629 bus
304 1589 517 1641 probetur,
542 1593 740 1630 auctores
754 1589 983 1641 inspiratos
1006 1589 1049 1629 in
1071 1588 1213 1630 verbis
1236 1588 1437 1641 eligendis
1460 1593 1502 1629 et
1524 1588 1567 1628 in
1590 1587 1718 1628 modo
1741 1586 1953 1628 scribendi

211 1661 488 1712 grammatico
506 1665 633 1714 atque
648 1661 863 1702 rhetorico
879 1660 1127 1713 plerumque
1152 1660 1205 1701 ad
1227 1672 1360 1701 unum
1383 1672 1470 1700 non
1492 1659 1619 1701 fuisse
1635 1659 1951 1700 determinatos.

212 1730 474 1783 Argumenta
497 1744 625 1784 porro
650 1736 765 1772 sunt:
798 1745 840 1775 a.
865 1732 957 1784 ipsa
980 1731 1231 1772 elocutionis
1255 1735 1297 1772 et
1319 1731 1400 1771 stili
1423 1731 1645 1772 diversitas
1670 1730 1863 1770 diversae
1885 1740 1954 1769 re-

213 1803 427 1854 spondens
449 1802 580 1844 indoli
611 1808 651 1844 et
683 1803 908 1844 eruditioni
940 1803 1216 1855 scriptorun13
1251 1803 1298 1846 b.
1332 1802 1566 1852 diversitas,
1603 1813 1712 1855 quae
1747 1801 1956 1853 reperitur

215 1873 326 1925 apud
350 1874 644 1926 evangelistas,
668 1887 765 1915 cum
787 1873 961 1915 eosdem
977 1873 1133 1914 Christi
1146 1884 1368 1914 sermones
1390 1873 1482 1914 aliis
1505 1877 1632 1926 atque
1656 1871 1748 1913 aliis
1770 1870 1957 1912 referunt

215 1944 355 1985 verbis
373 1945 428 2001 2);
453 1958 492 1987 c.
519 1944 650 1985 verba
665 1945 852 1985 auctoris
868 1948 905 1988 2.
922 1944 1055 1985 Mach.
1075 1948 1140 1994 15,
1156 1948 1231 1988 39:
1256 1943 1310 1984 Et
1332 1945 1368 1985 si
1389 1944 1551 2000 quidem
1575 1944 1669 1985 bene
1692 1944 1953 1999 (sermonem

212 2014 321 2071 feci),
343 2019 383 2055 et
409 2020 451 2055 ut
474 2015 670 2056 historiae
685 2017 886 2069 competit,
909 2020 980 2056 hoc
1002 2024 1035 2056 et
1061 2016 1144 2069 ipse
1162 2016 1300 2056 selim:
1323 2017 1388 2055 sin
1403 2019 1538 2056 autem
1553 2019 1690 2055 minus
1704 2014 1840 2068 dique,
1863 2026 1953 2054 con-

214 2086 436 2126 cedendum
460 2090 517 2126 est
541 2087 665 2127 mihi.-
689 2098 797 2139 quae
822 2098 918 2127 cum
942 2086 1201 2138 singularum
1224 2098 1379 2127 vocum
1403 2085 1632 2127 dictatione
1648 2084 1864 2126 conciliari
1886 2083 1955 2124 vix

216 2162 403 2209 possunt.

364 2311 386 2356 ¹)
405 2311 457 2344 Cf.
475 2311 730 2357 Denzinger
750 2312 771 2344 1.
795 2322 822 2345 c.
840 2311 883 2352 H,
912 2313 999 2349 238;
1020 2310 1050 2344 R
1063 2321 1082 2344 o
1095 2311 1146 2344 th
1159 2321 1176 2344 e
1195 2311 1234 2344 in
1253 2310 1351 2344 foliis
1367 2309 1505 2354 period.
1529 2310 1683 2344 Studien
1697 2308 1773 2343 und
1787 2308 1958 2342 Kritiken

218 2366 306 2398 1860
324 2375 358 2408 p.
382 2366 397 2396 1
419 2375 463 2397 ss.
499 2364 634 2398 Contra
653 2376 735 2398 eam
755 2364 902 2408 scripsit
915 2364 995 2409 J'am
1016 2374 1085 2398 sec.
1106 2363 1165 2397 [X.
1201 2364 1270 2409 Ag
1284 2374 1303 2397 o
1316 2364 1338 2397 b
1351 2363 1468 2397 ardu
1481 2375 1496 2397 s
1524 2374 1581 2407 ep.
1600 2363 1702 2408 lugd.
1720 2363 1744 2397 ].
1763 2363 1809 2396 ad
1827 2362 1957 2397 Frede-

213 2417 334 2461 gisum
353 2430 388 2453 n,
411 2421 465 2452 12.
485 2418 604 2463 (Mig.
630 2421 704 2458 104,
725 2421 814 2459 166).
850 2417 942 2451 Eam
969 2418 1047 2452 fuse
1075 2418 1208 2452 iterum
1236 2418 1362 2451 tuetur
1388 2417 1516 2451 nostra
1535 2418 1656 2451 aetate
1680 2416 1958 2450 Fernandez

215 2470 256 2505 O.
276 2470 309 2505 S.
328 2471 422 2515 Aug.
442 2472 481 2505 in
499 2471 649 2505 Revista
669 2472 943 2516 Augustiniana
961 2482 991 2508 a.
1014 2474 1105 2506 1884
1122 2472 1147 2505 t.
1168 2472 1188 2504 7
1208 2471 1245 2505 et
1263 2474 1295 2512 8,
1316 2472 1444 2505 contra
1461 2481 1570 2514 quem
1589 2471 1633 2503 cf.
1652 2469 1740 2504 Sch
1754 2469 1848 2504 mid
1867 2469 1958 2504 Zeit-

213 2523 307 2558 schr.
327 2524 385 2557 fiii·
402 2525 436 2558 k.
457 2524 581 2559 Theol.
607 2528 693 2560 1885
711 2537 747 2570 p.
767 2528 931 2560 670-90
943 2555 950 2561 ,
971 2525 1241 2569 quadamtenus
1260 2525 1373 2559 etiam
1393 2524 1430 2558 M
1442 2535 1460 2558 e
1472 2523 1588 2558 ndiv
1601 2534 1619 2557 e
1638 2523 1662 2564 I,
1680 2526 1749 2559 432
1769 2534 1812 2557 ss.

360 2578 386 2623 2)
405 2577 457 2611 Cf.
477 2578 508 2611 K
521 2590 541 2611 a
555 2590 577 2611 u
590 2578 601 2611 l
615 2589 669 2611 en
696 2578 720 2612 l.
739 2590 766 2612 c,
784 2591 821 2622 p.
840 2580 883 2612 62
904 2589 948 2613 ss,
968 2578 1024 2611 lta
1043 2588 1096 2613 ex.
1115 2590 1168 2623 gr.
1188 2579 1285 2612 inter
1303 2577 1486 2621 psalmum
1508 2578 1562 2617 17,
1589 2576 1710 2620 qualis
1736 2576 1893 2610 habetur
1920 2576 1960 2610 in

213 2629 308 2664 libro
327 2630 552 2674 psalmorum
572 2632 607 2664 et
626 2635 658 2666 2.
678 2632 764 2676 ch.
785 2633 840 2671 22,
869 2634 954 2665 sunt
981 2631 1193 2665 discrimina
1225 2633 1279 2671 95,
1308 2632 1344 2665 et
1371 2634 1466 2665 certe
1493 2630 1531 2664 in
1558 2631 1714 2673 utroque
1740 2629 1821 2664 loco
1838 2628 1959 2663 David

215 2682 345 2717 haberi
373 2683 481 2718 debet
509 2684 725 2728 inspiratus,
754 2685 823 2718 etsi
850 2683 958 2718 illurn
987 2684 1231 2729 probabiliter
1264 2695 1338 2718 una
1371 2685 1519 2718 tant-um
1548 2684 1664 2717 forma
1697 2682 1958 2717 enunciaverit.

216 2737 327 2770 Porro
342 2737 431 2770 haec
445 2737 637 2771 diversitas
652 2738 831 2772 divinitus
845 2738 985 2772 idcirco
997 2738 1175 2782 permissa
1186 2739 1243 2772 est
1259 2737 1455 2772 secundum
1470 2739 1501 2772 A
1513 2749 1536 2770 11
1548 2750 1572 2783 g
1583 2749 1606 2771 11
1617 2748 1633 2771 s
1643 2738 1659 2770 t
1669 2736 1681 2770 i
1692 2749 1716 2770 n
1728 2748 1753 2770 11
1764 2748 1800 2770 m
1819 2736 1864 2770 de
1876 2747 1960 2771 con-

215 2800 319 2823 sensu
339 2799 467 2834 evang,
488 2791 511 2824 l.
531 2793 551 2824 3
571 2803 604 2827 n.
625 2794 679 2831 28,
699 2793 739 2825 ut
762 2791 879 2835 ,quod
898 2793 944 2824 ad
963 2789 1168 2825 doctrina-m
1187 2791 1334 2825 fidelem
1364 2791 1522 2825 maxime
1540 2791 1712 2835 pertinet,
1730 2788 1962 2834 intelligere-

215 2854 306 2884 mus,
327 2853 399 2876 non
418 2844 496 2876 tam
515 2844 705 2877 verborum
725 2854 835 2887 quam
854 2855 976 2878 rerum
997 2844 1249 2887 quaerendam
1273 2843 1334 2878 vel
1348 2843 1646 2888 amplectendam
1663 2853 1738 2877 esse
1753 2842 1960 2882 veritatem,

215 2896 364 2939 quando
384 2906 455 2935 eos,
475 2896 537 2940 qui
556 2907 630 2930 non
648 2896 775 2930 eadem
794 2897 979 2931 locutione
1000 2898 1166 2939 utuntur,
1198 2908 1280 2930 cuin
1306 2897 1415 2931 rebus
1442 2895 1709 2939 sententiisque
1736 2905 1809 2929 non
1828 2895 1959 2929 discre-

214 2951 317 2993 pant.
335 2949 373 2982 in
392 2949 518 2983 eadem
538 2949 694 2984 veritate
713 2951 924 2984 constitisse
943 2950 1225 2995 approbamus‘
1261 2950 1312 2984 Cf.
1344 2949 1548 2994 generatim
1577 2949 1621 2982 de
1649 2948 1717 2982 hoc
1740 2948 1959 2993 argumento

218 3014 309 3047 opus
329 3002 473 3047 insigne
494 3003 537 3037 cl.
556 3002 613 3036 Fr.
634 3003 656 3037 S
669 3004 721 3037 ch
734 3003 829 3036 mid
848 3003 891 3037 de
912 3003 1168 3047 inspirationis
1188 3003 1390 3037 bibliorum
1409 3003 1446 3036 vi
1466 3003 1503 3036 et
1522 3002 1676 3043 ratione,
1690 3001 1833 3036 Brixiae
1849 3003 1958 3037 1885:

215 3055 245 3089 D
255 3066 275 3089 a
285 3067 307 3089 11
317 3067 332 3089 s
341 3056 391 3089 ch
403 3055 469 3089 Die
479 3055 619 3090 Schrift
628 3056 850 3101 inspiration
863 3056 1038 3101 Friburgi
1054 3059 1134 3092 1891
1145 3070 1152 3095 ;
1167 3056 1199 3089 K
1211 3056 1222 3090 l
1232 3066 1250 3090 e
1261 3068 1285 3090 11
1299 3057 1315 3090 t
1326 3068 1350 3100 g
1361 3066 1379 3090 e
1391 3068 1414 3089 n
1426 3055 1552 3090 Theol.
1565 3055 1630 3089 der
1642 3055 1744 3088 Vorz.
1753 3056 1778 3088 t..
1788 3053 1846 3088 In.
1857 3056 1902 3088 28
1914 3066 1961 3088 ss.
