2175 3382
692 117 743 150 De
763 117 907 161 objecto
926 115 1131 160 magisterii
1150 115 1398 150 ecclesiastici.
1817 119 1903 162 529

172 235 286 275 circa
306 233 404 276 Pius
425 234 490 278 IX.
514 234 771 275 confirmans
793 234 964 275 decreta
986 245 1104 274 conc.
1136 234 1385 274 vaticani
1416 246 1517 275 sess.
1540 238 1566 278 3
1590 234 1649 275 ita
1671 235 1902 276 concludit:

179 303 412 356 „Quoniam
435 317 535 346 vero
558 305 661 346 satis
682 317 769 346 non
792 309 867 354 est,
889 304 1151 345 haereticam
1167 304 1419 356 pravitatem
1434 305 1635 355 devitare,
1649 306 1727 346 nisi
1750 306 1777 346 ii
1798 318 1904 359 quo-

171 387 253 429 que
286 387 453 416 errores
487 375 706 428 diligenter
739 374 964 426 fugiantur,
998 374 1069 427 qui
1103 373 1157 414 ad
1191 374 1303 415 illam
1335 375 1428 426 plus
1460 376 1652 417 minusve
1674 376 1905 424 accedunt,-

172 457 321 487 omnes
342 445 467 486 officii
489 440 731 501 monemUS,
757 445 955 486 servandi
977 446 1106 486 etiam
1128 445 1451 486 constitutiones
1473 450 1512 486 et
1536 446 1719 494 decreta,
1753 446 1905 499 quibus

171 528 329 569 pravae
351 516 559 569 ejusmodi
581 515 814 568 opiniones,
839 527 949 568 quae
970 515 1094 555 isthic
1116 514 1272 556 diserte
1294 528 1381 555 non
1403 522 1717 562 enumerantur,
1744 517 1798 557 ab
1826 517 1905 558 hac

171 591 319 628 sancta
341 586 441 627 sede
463 586 726 638 proscriptae
748 590 790 626 et
810 585 1049 638 prohibitae
1071 590 1203 626 sunt.“
1233 584 1373 636 Quare
1388 586 1540 638 duplex
1556 587 1752 639 distingui
1768 592 1907 639 potest

171 662 213 698 et
234 657 362 698 debet
382 657 671 697 doctrinae
706 656 942 697 catholicae
966 656 1172 708 acceptiO,
1196 656 1330 697 altera
1354 658 1581 708 angustior,
1604 657 1739 698 laxior
1761 657 1905 701 altera.

170 727 362 769 Pressius
384 732 562 780 accepta
584 726 778 767 doctrina
800 726 1011 767 catholica
1037 728 1077 770 1.
1101 726 1212 767 idem
1237 731 1300 767 est
1322 739 1374 767 ac
1405 726 1545 768 fides
1577 728 1788 769 catholica
1811 729 1906 783 (ob-

165 799 339 855 jective)
362 804 404 839 et
425 797 719 850 complectitur
741 808 868 837 omne
893 797 946 846 id,
982 797 1095 850 quod
1118 797 1198 838 fide
1221 797 1432 838 catholica
1463 803 1526 839 est
1557 799 1906 848 credendum;

169 869 319 911 laxiori
340 881 442 910 vero
465 869 771 921 significatione
794 869 888 926 (sed
912 870 1124 925 technica)
1148 869 1338 910 adhibita
1359 871 1400 914 2.
1424 870 1719 922 complectitur
1740 876 1908 923 praeter

171 939 371 993 dogmata
392 940 602 982 catholica
624 942 708 982 alia
730 941 950 982 doctrinae
973 942 1125 994 capita,
1158 941 1286 982 modo
1309 942 1507 991 indicata,
1539 954 1649 994 quae
1671 947 1769 983 sunt
1790 947 1907 984 certo

170 1016 220 1052 te
232 1024 260 1051 n
271 1022 294 1052 e
305 1024 330 1051 n
344 1011 369 1051 d
382 1023 408 1052 a
430 1023 623 1065 quaeque
636 1012 898 1053 constituunt
908 1025 994 1053 non
1006 1017 1093 1053 tam
1111 1024 1307 1053 normam
1330 1024 1353 1052 c
1364 1025 1385 1053 r
1396 1024 1418 1053 e
1431 1013 1457 1053 d
1469 1024 1491 1053 e
1503 1026 1527 1053 n
1542 1015 1568 1053 d
1579 1014 1603 1063 i,
1625 1026 1752 1066 quam
1768 1014 1908 1066 potius

170 1093 366 1123 normam
388 1082 596 1123 catholice
618 1082 903 1134 cogitandi
925 1088 966 1123 et
984 1083 1212 1135 judicandi.

287 1169 440 1206 Nomen
461 1169 482 1205 d
496 1179 517 1205 0
530 1169 730 1207 cti-inae
751 1169 966 1207 catholicae
988 1170 1171 1207 latiori
1196 1170 1314 1207 etiam
1334 1183 1451 1208 sensu
1472 1167 1764 1223 (etymologico)
1779 1172 1910 1218 potest

170 1226 212 1268 3.
225 1228 344 1277 accipi
366 1240 437 1277 pro
459 1240 504 1265 ea
524 1227 604 1267 scil.
619 1227 807 1274 doctrina,
831 1241 930 1276 quae
953 1241 1092 1278 magno
1113 1229 1271 1277 quidem
1287 1242 1478 1266 consensu
1493 1229 1721 1277 atheologis
1734 1228 1907 1273 docetur,

169 1287 217 1325 ab
238 1287 322 1336 ipsa
344 1299 434 1324 vero
465 1287 633 1324 Ecclesia
664 1300 869 1335 nunquam
901 1288 1126 1325 authentico
1159 1288 1291 1336 aliquo
1318 1288 1471 1326 decreto
1494 1287 1571 1325 fuit
1593 1288 1751 1332 sancita,
1785 1292 1831 1325 ut
1852 1300 1908 1326 ex.

169 1359 226 1397 gr.
250 1358 389 1386 novem
421 1358 504 1383 esse
525 1346 753 1395 angelorum
778 1346 943 1391 ordines,
968 1347 1136 1395 singulis
1158 1347 1502 1384 indiscriminatim
1526 1347 1752 1384 hominihus
1775 1347 1909 1384 adesse

170 1418 284 1443 suum
326 1405 509 1454 angelum
551 1405 766 1450 custodem,
798 1405 946 1442 nemini
978 1406 1111 1443 deesse
1141 1406 1312 1455 gratiam
1343 1406 1391 1443 ad
1421 1406 1586 1443 salutem
1630 1405 1907 1447 sufficientem:

169 1465 247 1502 imo
268 1462 311 1504 4.
336 1476 453 1501 sensu
474 1463 738 1502 latissimo
770 1463 828 1513 (et
849 1461 1050 1517 negativo)
1083 1465 1277 1514 significat
1304 1464 1526 1513 quamlibet
1548 1465 1777 1507 doctrinam,
1809 1476 1908 1512 quae

169 1536 248 1561 non
268 1523 500 1561 adversatur
521 1522 718 1560 doctrinae
741 1523 934 1561 Ecclesiae
955 1524 1045 1573 plus
1069 1524 1247 1561 minusve
1270 1524 1454 1573 gravibus
1477 1523 1698 1561 rationibus
1719 1523 1910 1560 innititur

169 1582 399 1632 theologicis
429 1584 468 1619 et
498 1582 675 1630 quolibet
705 1582 888 1632 theologo
920 1584 1109 1620 catholico
1140 1586 1228 1620 tuto
1260 1583 1444 1631 liciteque
1476 1582 1632 1619 defendi
1673 1584 1713 1620 et:
1751 1582 1909 1619 admitti

169 1643 311 1691 potest,
344 1640 444 1690 quin
473 1644 608 1678 tamen
638 1641 684 1677 ad
717 1641 787 1678 hoc
821 1644 1015 1678 teneatur.
1060 1642 1143 1686 Quo
1166 1654 1282 1679 sensu
1310 1642 1408 1679 duae
1439 1641 1657 1679 sententiae
1679 1642 1796 1690 plane
1818 1653 1908 1678 con-

168 1700 312 1737 trariae
334 1700 410 1737 dici
433 1703 600 1748 possunt
622 1700 847 1745 catholicae,
871 1706 917 1737 ut
938 1700 1243 1749 praedestinatio
1265 1702 1356 1738 ante
1378 1702 1418 1738 et
1438 1704 1530 1750 post
1553 1700 1728 1748 praevisa
1751 1701 1908 1744 merita3

170 1759 299 1809 gratia
319 1771 363 1796 ex
386 1771 468 1796 sese
483 1759 545 1796 vel
567 1758 614 1795 ab
637 1760 852 1797 extrinseco
874 1759 1006 1796 efficax
1023 1764 1092 1797 etc.
1117 1760 1169 1797 Ex
1185 1759 1234 1796 iis
1250 1763 1393 1804 autem,
1416 1772 1516 1808 quae
1531 1759 1592 1796 hic
1606 1759 1908 1807 disputavimus,

102 1828 104 1832 ·
168 1818 333 1867 patebit,
365 1831 482 1865 quam
513 1818 825 1865 reprehendendi
854 1818 934 1855 siut
963 1818 1022 1855 illi
1053 1819 1238 1867 theologi,
1263 1818 1327 1866 qui
1354 1819 1483 1856 omnia
1504 1830 1559 1858 ea,
1592 1830 1691 1865 quae
1716 1830 1793 1855 non
1817 1829 1907 1854 con-

169 1877 344 1915 stituunt
365 1877 548 1926 dogmata
569 1876 662 1913 fidei
684 1877 903 1921 catholicae,
934 1877 1154 1925 adiaphoris
1178 1879 1394 1923 accensent,
1428 1890 1527 1926 quae
1549 1876 1691 1914 idcirco
1713 1877 1820 1913 licite
1841 1888 1909 1913 ne-

169 1936 254 1986 gari
275 1937 337 1974 vel
358 1936 400 1973 in
421 1936 589 1973 dubium
609 1936 764 1984 possint
785 1936 926 1981 vocari,
950 1949 1049 1984 quos
1072 1936 1215 1974 merito
1238 1937 1500 1986 Kleutgen
1521 1936 1545 1973 l.
1561 1948 1591 1974 c.
1605 1948 1642 1972 n.
1661 1942 1712 1975 88
1737 1936 1910 1984 graviter

171 1995 307 2044 carpit.

287 2077 385 2119 507.
408 2074 693 2115 Utdoctrinae
716 2074 966 2123 catholicae,
990 2087 1120 2127 quam
1144 2075 1272 2116 modo
1284 2087 1479 2115 normam
1496 2075 1676 2116 diximus
1699 2075 1906 2116 catholice
1948 2117 1950 2119 ,

169 2144 377 2186 sentiendi
398 2149 440 2185 et
455 2143 686 2196 judicandi,
709 2143 896 2184 ambitus
918 2144 996 2184 rite
1021 2143 1257 2192 definiatur,
1280 2144 1508 2185 recolenda
1530 2151 1627 2186 sunt
1650 2157 1701 2186 ea
1723 2158 1833 2199 quae
1855 2146 1907 2188 de

170 2215 256 2268 obj
271 2221 392 2256 ecto
424 2214 653 2265 magisterii
675 2214 956 2255 ecclesiastici
978 2216 1226 2265 statuimus;
1251 2215 1462 2268 quaedam
1486 2216 1614 2256 etiam
1638 2216 1834 2257 addenda
1855 2217 1907 2258 de

169 2286 431 2328 censuris,
455 2285 606 2338 quibus
628 2284 816 2326 Ecclesia
842 2285 1116 2326 revelationis
1141 2285 1381 2338 depositum
1395 2291 1535 2327 tuetur
1559 2293 1687 2339 atque
1701 2287 1906 2328 adversus

170 2368 318 2398 omnes
333 2356 553 2408 opiniones
570 2356 719 2396 noxias
733 2356 852 2407 sepit,
874 2355 927 2396 de
950 2369 1008 2396 su
1020 2356 1072 2407 bj
1088 2367 1110 2396 e
1123 2368 1145 2396 c
1157 2361 1172 2396 t
1184 2368 1208 2397 o
1232 2357 1462 2408 magisterii
1482 2357 1758 2398 ecclesiastici
1771 2358 1907 2411 deque

169 2438 412 2468 assensu.
435 2426 506 2479 qui
527 2426 655 2467 variis
678 2425 892 2467 Ecclesiae
912 2426 1081 2478 judiciis
1103 2426 1292 2469 debetur.

286 2497 352 2538 De
371 2497 520 2550 objecto
542 2497 772 2550 maqi'steric'
794 2497 1064 2539 ecclesiastici.
1088 2522 1144 2528 -—
1172 2499 1212 2542 1.
1238 2496 1510 2539 Ostendimus
1541 2499 1742 2539 nimirum
1774 2500 1909 2552 magi-

169 2568 284 2610 sterii
298 2567 573 2609 ecclesiastici
587 2566 925 2608 infallibilitatem
949 2567 962 2606 i
977 2580 1016 2607 m
1030 2580 1069 2607 m
1084 2579 1107 2608 e
1119 2567 1145 2607 d
1160 2569 1172 2607 i
1188 2572 1274 2609 ate
1297 2568 1465 2621 quidem
1481 2569 1535 2610 ad
1550 2569 1821 2610 revelationis
1836 2570 1908 2611 de-

168 2639 351 2692 positum
368 2651 414 2679 se
429 2637 657 2679 extendere
680 2638 735 2693 (n.
751 2639 868 2693 213),
890 2650 932 2678 m
949 2638 1131 2679 ediate
1153 2649 1254 2679 vero
1278 2639 1332 2679 ad
1354 2640 1499 2680 omnia
1521 2652 1584 2689 ea,
1607 2652 1717 2693 quae
1731 2653 1825 2681 cum
1842 2653 1908 2681 re-

168 2709 380 2750 velatione
402 2710 461 2749 ita
482 2708 724 2758 cohaerent,
757 2713 804 2749 ut
834 2708 914 2748 nisi
946 2720 997 2749 ea
1019 2709 1062 2749 in
1084 2714 1174 2750 tuto
1198 2710 1293 2758 sint,
1323 2710 1460 2762 ipsum
1482 2711 1755 2752 revelationis
1777 2711 1908 2762 depo-

170 2781 295 2820 situm
319 2781 359 2820 in
382 2779 607 2820 discrimen
631 2784 806 2820 vocetur
828 2780 884 2835 (n.
908 2782 994 2823 275
1017 2781 1100 2835 ss).
1143 2778 1187 2820 Si
1218 2786 1361 2821 autem
1393 2782 1575 2834 quaeris,
1606 2793 1816 2834 quaenam
1850 2781 1908 2821 ita

171 2862 266 2892 cum
289 2850 549 2891 revelatione
570 2851 655 2890 sint
676 2862 884 2900 connexa,
914 2855 959 2890 ut
982 2856 1209 2903 propterea
1230 2851 1380 2892 saltem
1402 2852 1605 2893 indirecte
1637 2852 1691 2893 ad
1713 2851 1906 2892 infallibi-

170 2921 299 2962 litatis
321 2921 636 2962 ecclesiasticae
659 2921 874 2974 objectum
897 2926 1101 2973 spectent,
1132 2922 1453 2974 respondemus,
1485 2923 1689 2964 nonnulla
1719 2935 1813 2962 cum
1837 2922 1907 2963 illa

172 3002 266 3031 esse
288 3003 481 3031 connexa
503 3003 543 3034 a.
577 2992 1085 3044 praesuppositive,
1118 2998 1159 3033 et
1181 2993 1349 3045 quidem
1373 2993 1439 3034 vel
1470 2993 1666 3045 logice,
1700 2998 1746 3033 ut
1768 2993 1906 3045 plures

170 3063 372 3102 veritates
395 3061 713 3114 philosophicae
735 3067 790 3116 (n.
814 3065 931 3119 276),
953 3063 1019 3104 vet
1041 3064 1277 3105 historic
1291 3076 1326 3114 e,
1347 3069 1394 3106 ut
1414 3065 1625 3118 quaedam
1651 3064 1774 3113 facta,
1797 3075 1905 3116 quac

314 3143 434 3169 Hnrte
445 3151 467 3176 r,
490 3144 636 3176 Compend.
656 3145 810 3178 theologiae
831 3146 854 3175 Ι,
876 3145 919 3170 10.
939 3145 980 3170 ed.
1622 3137 1669 3168 34
