2175 3382
195 164 279 205 5224
672 156 791 189 'l'1·act.
815 154 873 187 lll.
895 153 943 187 De
965 153 1134 186 Ecclesia.
1158 149 1444 195 Exceptionibus

196 280 472 319 monstrabilis.
497 279 660 326 ideoque
684 277 874 314 visibilis:
908 275 1080 313 Ecclesia
1102 274 1204 311 enim
1231 271 1443 310 invisibilis
1476 275 1515 308 et.
1546 271 1585 308 in
1617 271 1812 307 abstracto
1835 269 1933 306 nihil

195 341 307 378 nobis
330 339 500 388 prodest.

314 397 358 438 ⁸2.
383 397 566 442 Quamvis
589 410 643 440 ea,
667 409 765 444 quae
788 395 1006 432 membrum
1031 391 1281 429 constituunt
1306 389 1499 426 Ecclesiae
1523 389 1604 425 viv
1619 401 1693 425 um
1727 390 1767 425 et
1787 387 1933 437 perfec-

196 466 294 504 tum,
318 470 386 506 per
409 469 447 494 se
470 469 548 494 non
571 456 790 499 videantur,
815 460 859 491 ut
884 453 989 496 tides,
1014 452 1165 491 caritas,
1190 449 1315 498 gratia
1339 448 1586 485 sanctificans
1609 450 1693 492 etc.‚
1729 448 1935 496 propterea

196 521 327 555 tamen
350 529 427 553 non
450 515 649 564 sequitur:
673 524 713 554 a.
736 517 889 562 praeter
911 513 1001 549 haec
1024 510 1133 548 nulla
1154 521 1236 546 esse
1258 507 1429 544 visibilia
1453 507 1656 551 elementa,
1681 505 1827 554 quihus
1845 517 1935 543 con-

199 577 334 626 spicua.
354 575 571 613 reddantur
592 573 784 611 Ecclesiae
809 571 981 609 membra
1002 580 1217 616 eorumque
1241 570 1393 606 coetus:
1427 564 1472 606 b.
1504 566 1573 602 illa
1604 578 1683 602 non
1713 577 1829 614 posse
1852 564 1935 608 fieri

198 636 364 673 mediate
386 633 564 671 visibilia
587 645 656 681 per
678 644 769 669 suos
793 631 973 673 effectus;
998 639 1037 669 e.
1060 640 1124 666 eos
1148 627 1376 664 nullatenus
1400 625 1447 662 ad
1471 638 1600 662 veram
1616 624 1828 662 Ecclesiam
1848 635 1936 672 per-

198 695 336 735 tinere,
360 694 430 742 qui
452 693 611 730 illorum
643 691 774 738 aliquo
806 690 1091 726 destituuntur.
1135 685 1239 730 Quae
1271 685 1303 722 si
1335 697 1426 733 prae
1458 684 1581 721 oculis
1617 683 1822 726 habentur,
1847 695 1935 720 eva-

198 756 331 792 nescet
351 753 562 790 difficultas
585 750 710 799 petita
732 762 775 786 ex
799 749 877 786 Jer.
904 755 970 795 31,
996 754 1069 787 33:
1094 746 1200 783 Dabo
1223 746 1335 793 leyem
1358 756 1479 780 meam
1503 745 1541 780 in
1566 743 1770 780 visceribus
1791 754 1934 790 eorum,

201 819 232 851 et
256 815 294 850 in
320 813 429 849 corde
452 823 578 848 eorum
604 809 769 846 scribam
792 821 899 855 eam;
932 812 962 843 et
995 818 1058 843 ero
1090 806 1142 842 eis
1176 805 1213 840 in
1238 803 1370 852 Deum,
1410 807 1441 839 et
1465 804 1538 851 ipsi
1560 807 1670 839 erunt
1694 802 1788 838 mihi
1811 803 1849 838 in
1868 813 1937 849 po-

137 873 357 945 ΙΙγριιῖιιηις
379 871 489 935 2033.
515 875 642 936 *ist-⁸:³3³
678 867 779 904 I‘nic
801 868 1092 961 ho'uhfiavt'qmff
1115 868 1180 908 est,
1228 875 1251 899 u
1281 863 1354 899 ndo
1370 863 1455 923 ffrg'
1477 863 1701 918 adoratgres
1723 859 1940 898 adorabunt

496 930 502 936 '
756 905 782 963 ἢ
924 925 975 961 Pe
997 938 1024 961 r.
1051 930 1086 968 2,
1115 929 1157 962 5:
1192 878 1210 958 4

114 946 159 979 (γη
203 932 358 969 Patrem
383 943 421 967 en
443 933 585 978 spirata
608 932 639 964 et
664 928 751 963 veri!
776 931 838 963 sle:
868 933 898 965 1.
1211 922 1274 969 psi
1305 926 1501 970 tamquam
1533 921 1678 969 lapides
1710 921 1782 957 vivi
1805 931 1939 968 snper-

202 990 458 1038 aedificamini
479 989 615 1025 (lomus
636 986 853 1034 spiritualis
875 986 947 1022 etc.
988 984 1092 1021 Haec
1114 981 1220 1019 enim
1243 984 1282 1016 et
1303 980 1446 1017 similia
1468 992 1547 1017 non
1569 983 1661 1017 sunt
1683 978 1941 1023 exeludentia,

202 1051 226 1087 i.
251 1063 281 1087 e.
304 1061 381 1086 non
404 1047 619 1085 excludunt
640 1045 834 1082 Ecclesiae
858 1042 1192 1092 conspicuitatem‚
1229 1039 1296 1076 sed
1319 1042 1412 1076 sunt
1433 1038 1668 1076 affirmantia
1690 1039 1714 1075 i.
1737 1051 1768 1075 e.
1792 1037 1941 1088 signifi-

203 1112 303 1148 cant.
328 1107 421 1156 quid
444 1106 681 1154 requiratur,
704 1108 751 1140 ut
773 1103 923 1153 singuli
954 1102 1035 1140 sint
1056 1099 1248 1138 Ecclesiae
1279 1098 1453 1135 membra
1483 1099 1736 1147 perfecta:
1769 1109 1847 1134 non
1877 1096 1942 1134 de-

230 1168 359 1211 niunt,
373 1166 468 1215 quid
482 1164 718 1213 requiratur,
734 1166 780 1200 ut
793 1163 882 1211 quis
906 1174 965 1210 qu
977 1161 1022 1198 al
1035 1173 1054 1197 e
1066 1173 1084 1198 c
1096 1174 1122 1197 u
1134 1172 1160 1196 n
1171 1171 1195 1206 q
1206 1170 1234 1194 u
1245 1169 1264 1194 e
1289 1157 1341 1194 sit
1356 1157 1549 1194 Ecclesiae
1563 1157 1794 1194 membrum.
1819 1155 1944 1200 Quare

206 1228 240 1265 si
263 1227 351 1275 quis
383 1238 427 1262 ex
451 1225 530 1261 illis
552 1223 728 1260 textibus
751 1222 911 1259 inferat:
938 1220 1109 1258 Ecclesia
1130 1219 1285 1255 constat
1301 1217 1434 1264 justis,
1457 1216 1568 1264 atqui
1583 1215 1685 1264 justi
1706 1226 1786 1252 non
1807 1215 1946 1252 riden-

205 1290 291 1330 tur:
315 1298 407 1334 ergo
430 1286 521 1329 etc.;
544 1281 826 1331 respondemus
848 1281 890 1318 in
912 1280 1054 1317 forma:
1080 1276 1251 1316 Ecclesia
1273 1275 1570 1324 constatjustis‚
1587 1275 1677 1315 dist,
1691 1275 1780 1323 maj.
1796 1276 1947 1312 constat

0 1329 47 1372 ’μ’
204 1348 361 1383 tantum
379 1343 515 1393 just-is,
539 1355 597 1387 n.;
620 1342 661 1378 in
683 1341 835 1389 primis,
860 1339 973 1377 subd.
996 1340 1192 1387 quatenus
1216 1339 1309 1372 sunt
1327 1335 1441 1384 justi,
1466 1348 1524 1379 n.;
1557 1336 1756 1383 quatenus
1779 1333 1946 1370 visibili-

207 1406 281 1442 bus
304 1403 473 1441 vinculis
495 1415 584 1439 cum
607 1401 694 1438 aliis
728 1399 916 1437 membris
947 1399 988 1435 in
1016 1410 1141 1434 unum
1172 1393 1364 1432 visibilem
1399 1396 1551 1431 coetum
1585 1393 1820 1437 coalescunt,
1845 1404 1957 1431 conc„

207 1464 307 1501 Dist.
330 1463 424 1500 min.
446 1461 554 1498 Justi
577 1472 656 1497 non
679 1459 874 1503 videntur,
898 1462 1093 1506 quatenus
1117 1457 1212 1493 sunt
1235 1455 1408 1491 membra
1429 1453 1637 1498 Ecclesiae,
1661 1465 1719 1498 n.;
1752 1454 1948 1500 quatenus

209 1526 304 1560 sunt
320 1521 433 1570 justi,
458 1520 568 1559 subd.
594 1519 832 1563 immediate,
856 1529 981 1560 conc.;
1004 1515 1183 1556 mediate,
1207 1524 1343 1551 rursus
1366 1514 1475 1550 dist:
1501 1512 1663 1562 singuli,
1686 1513 1880 1549 transeat:
1903 1513 1950 1548 ut

207 1581 424 1631 plurimum
446 1593 483 1617 n.

329 1638 371 1680 3.
397 1639 508 1683 Quod
539 1637 681 1675 attinet
715 1637 834 1673 verba
857 1635 1003 1673 Christi
1026 1636 1115 1672 Luc.
1144 1642 1206 1679 17,
1234 1640 1306 1674 20:
1344 1635 1429 1671 Xon
1462 1633 1559 1669 venit
1586 1643 1742 1680 requam
1770 1630 1838 1667 Dee·
1868 1642 1952 1666 cum

210 1701 477 1746 observatione,
500 1700 684 1735 notamus
706 1706 746 1736 a.
770 1695 874 1732 hisce
897 1707 976 1731 non
998 1694 1135 1743 negari
1158 1705 1433 1742 quamcunque
1455 1690 1647 1728 Ecclesiae
1667 1690 1950 1735 visibilitatem,

211 1759 279 1796 sed
301 1758 455 1796 excludi
477 1755 523 1797 b.
548 1756 868 1793 observationem.
885 1756 1129 1802 apparatum,
1153 1765 1336 1801 pompam
1347 1751 1594 1791 mundanam.
1611 1761 1778 1798 quacum
1790 1749 1950 1787 venien-

211 1821 290 1856 tem
314 1817 515 1867 fingebant
537 1816 611 1853 sibi
628 1814 763 1864 judaei
784 1813 978 1851 Messiam.
1022 1813 1116 1850 Cum
1139 1825 1229 1849 vero
1253 1821 1293 1852 e.
1319 1812 1497 1848 Christus
1530 1809 1684 1847 subdit:
1728 1808 1824 1846 Ecce
1855 1809 1953 1846 enim

211 1890 368 1927 reynum
393 1877 463 1913 Dec·
487 1877 591 1912 intra
614 1885 679 1911 ¹sos
701 1879 764 1922 est,
791 1872 997 1922 significat,
1032 1885 1198 1922 regnum
1224 1871 1293 1908 Dei
1315 1871 1485 1920 coepisse
1512 1870 1595 1917 jam
1624 1869 1732 1905 intra
1762 1867 1879 1917 ipsos,
1911 1867 1953 1904 in

210 1936 338 1974 medio
370 1935 545 1983 ipsorum
579 1933 809 1971 annunciari
843 1935 881 1968 et
916 1931 1096 1977 diffundi,
1128 1944 1219 1968 sane
1251 1930 1401 1967 visibili
1432 1929 1557 1973 modo,
1593 1927 1881 1976 praedicatione
1915 1928 1956 1964 et

213 1995 421 2033 miraculis.
465 1993 574 2038 Quod
598 1993 629 2030 si
655 1990 701 2032 (l.
725 1992 814 2040 quis
838 1991 930 2028 haec
952 1990 1098 2027 referre
1120 1990 1242 2027 vellet
1265 1989 1312 2026 ad
1335 1989 1516 2033 animam,
1540 1988 1582 2024 in
1605 1999 1681 2035 qua
1702 1986 1953 2035 potissimum

213 2054 494 2092 stabiliendum
516 2053 567 2089 sit
589 2065 753 2101 regnum
777 2050 858 2095 Dei,
894 2062 972 2087 non
1007 2053 1215 2098 propterea
1247 2049 1437 2096 sequitur,
1474 2059 1548 2091 eos,
1585 2046 1626 2083 in
1659 2046 1803 2094 quibus
1833 2045 1955 2082 fuerit

211 2127 377 2164 regnum
400 2112 481 2157 Dei,
505 2124 583 2149 non
607 2115 781 2160 spectare
804 2121 919 2158 posse
941 2109 1005 2146 vel
1026 2108 1165 2145 debere
1188 2108 1235 2145 ad
1257 2110 1412 2145 coetum
1434 2106 1640 2144 visibilem.

331 2169 373 2211 4.
396 2172 483 2209 Alia
504 2170 714 2207 difficultas
735 2171 866 2218 potest
887 2169 946 2205 ita
966 2167 1153 2217 proponi:
1187 2167 1235 2204 Ut
1259 2167 1348 2215 quis
1370 2167 1420 2204 sit
1441 2166 1488 2202 de
1510 2165 1691 2209 Ecclesia,
1725 2163 1840 2201 debet
1872 2176 1956 2201 esse

214 2232 443 2280 baptiza-tus.
487 2229 610 2278 Atqui
642 2229 688 2266 de
710 2228 822 2265 nullo
845 2230 950 2265 certo
974 2230 1126 2264 constat
1147 2239 1235 2263 eum
1268 2238 1350 2263 esse
1381 2225 1458 2262 rite
1489 2224 1727 2272 baptizatum
1762 2221 1819 2276 (et
1841 2223 1874 2260 si
1895 2226 1956 2260 est

213 2290 406 2328 Ecclesiae
428 2292 572 2338 pastor,
607 2301 697 2325 eum
731 2287 808 2325 rite
842 2299 924 2324 esse
958 2282 1214 2337 ordinatum).
1256 2285 1359 2334 Ergo
1394 2296 1598 2332 nunquam
1633 2285 1810 2321 constare
1843 2283 1956 2320 nobis

215 2351 356 2398 potest,
390 2349 550 2398 quinam
583 2348 663 2385 sint
695 2347 740 2384 de
771 2346 952 2385 Ecclesia.
997 2345 1122 2389 Quare
1153 2344 1325 2382 Ecclesia
1356 2343 1496 2392 nequit
1527 2354 1610 2379 esse
1642 2344 1746 2380 certo
1778 2342 1956 2380 visibilis.

215 2409 330 2456 Resp.
353 2418 394 2449 a.
419 2407 683 2456 retorquendo
706 2408 994 2455 argumentum.
1037 2404 1137 2441 Nam
1169 2404 1216 2440 de
1248 2403 1419 2440 essentia
1450 2401 1691 2438 matrimonii
1713 2404 1774 2439 est
1795 2414 1957 2439 consen—

217 2480 282 2505 sus
303 2468 482 2504 internus
505 2470 544 2503 et
564 2466 733 2503 intentio
757 2463 1021 2508 contrahendi,
1054 2475 1153 2511 quae
1186 2475 1308 2511 aeque
1337 2464 1397 2499 est
1418 2462 1574 2498 interna
1606 2464 1644 2498 et
1665 2474 1734 2509 per
1756 2473 1796 2498 se
1818 2461 1957 2498 invisi-

216 2527 306 2564 bilis
329 2530 446 2574 atque
468 2525 637 2562 intentio
659 2524 882 2573 baptizandi
914 2526 954 2561 et
986 2521 1205 2560 ordinandi.
1248 2522 1371 2559 Nemo
1402 2524 1533 2558 tamen
1564 2525 1772 2569 propterea
1801 2520 1957 2566 inferat,

218 2586 264 2622 de
286 2585 396 2622 nullo
419 2585 668 2621 matrimonio
688 2583 866 2633 legitimo
889 2585 1076 2627 constare,
1100 2593 1234 2619 omnes
1258 2580 1358 2618 filios
1381 2592 1465 2617 esse
1489 2579 1629 2617 dubios
1652 2583 1723 2617 etc.
1765 2579 1878 2616 Ratio
1901 2583 1961 2616 est

219 2643 264 2684 b.
288 2644 379 2692 quia
402 2644 639 2680 elementum
661 2643 862 2679 internum
885 2642 944 2693 (in
966 2644 1102 2678 nostro
1127 2652 1216 2678 casu
1241 2641 1438 2677 character
1468 2637 1736 2689 baptismalis)
1769 2641 1829 2675 est
1860 2637 1957 2676 visi-

220 2703 313 2746 bile,
338 2708 531 2751 quantum
545 2702 640 2739 satis
655 2705 727 2747 est,
743 2702 783 2738 in
799 2701 992 2738 elemento
1015 2703 1184 2744 externo,
1210 2699 1292 2736 scil.
1316 2700 1357 2736 in
1372 2699 1456 2747 ipso
1470 2698 1554 2734 ritu
1567 2702 1727 2736 externo
1742 2710 1960 2735 sacramen-

219 2762 304 2799 tali.
340 2762 448 2798 Licet
469 2774 557 2798 vero
581 2761 726 2809 singuli
761 2760 938 2797 homines
972 2759 1124 2808 possint·
1146 2758 1378 2796 sacramenti
1399 2758 1522 2794 ritum
1543 2757 1739 2802 simulare,
1764 2759 1960 2806 repugnat

219 2824 353 2858 tamen
374 2820 530 2869 legibus
553 2820 702 2857 ordinis
724 2819 885 2856 moralis
909 2825 948 2855 et
970 2819 1138 2862 socia-lis,
1161 2819 1207 2855 ut
1229 2820 1363 2854 coetus
1384 2819 1462 2853 tam
1485 2815 1638 2865 ingens,
1662 2816 1789 2864 qualis
1817 2820 1875 2853 est
1887 2815 1958 2852 Ec-

221 2880 346 2925 clesia,
370 2880 517 2927 quique
539 2891 578 2915 se
601 2879 845 2915 commendat·
878 2878 1015 2915 saltem
1037 2878 1078 2914 in
1100 2877 1282 2925 plurimis
1305 2875 1488 2912 membris
1511 2875 1614 2912 vitae
1637 2875 1846 2923 probitate,
1869 2886 1959 2912 con-

223 2942 301 2976 stet
331 2937 546 2987 hypocritis
579 2941 738 2973 tantum
759 2937 955 2979 membris,
979 2949 1078 2984 quae
1100 2949 1199 2984 pura
1219 2935 1384 2975 malitia,
1417 2933 1528 2971 nulla
1551 2946 1619 2982 spe
1641 2934 1742 2971 lucri
1764 2934 1960 2982 decipiant

223 3000 262 3035 et
294 2998 483 3034 simulent
514 2998 845 3033 sacramentorum
887 2995 1280 3032 administrationem.
1325 2993 1450 3037 Qua-re
1481 2992 1640 3029 evidens
1672 2996 1732 3030 est
1762 2992 1962 3030 evidentia

223 3056 373 3102 morali,
396 3056 438 3092 in
459 3056 528 3093 illo
549 3058 674 3100 coetu,
698 3055 760 3091 cui
775 3055 951 3103 alioquin
966 3054 1205 3091 conveniunt
1218 3055 1333 3090 notae
1348 3064 1461 3089 verae
1475 3051 1681 3097 Ecclesiae,
1706 3064 1849 3095 omnes,
1872 3051 1962 3088 uni-

224 3115 449 3152 versalitate
482 3115 618 3152 saltem
651 3113 801 3159 morali,
835 3125 914 3150 esse
945 3113 1021 3150 rite
1053 3113 1269 3162 baptizatos
1291 3112 1353 3149 vel
1379 3111 1593 3158 ordinatos,
1626 3111 1781 3149 etiamsi
1800 3111 1839 3147 id
1861 3110 1962 3147 forte
