<?xml version="1.0" encoding="UTF-8"?>
<!DOCTYPE html PUBLIC "-//W3C//DTD XHTML 1.0 Transitional//EN"
    "http://www.w3.org/TR/xhtml1/DTD/xhtml1-transitional.dtd">
<html xmlns="http://www.w3.org/1999/xhtml" xml:lang="en" lang="en">
 <head>
  <title>
</title>
<meta http-equiv="Content-Type" content="text/html;charset=utf-8" />
  <meta name='ocr-system' content='tesseract 3.04.00' />
  <meta name='ocr-capabilities' content='ocr_page ocr_carea ocr_par ocr_line ocrx_word'/>
</head>
<body>
  <div class='ocr_page' id='page_1' title='image "./theologiaedogmat01hurt/theologiaedogmat01hurt_0266.png"; bbox 0 0 2175 3382; ppageno 0'>
   <div class='ocr_carea' id='block_1_1' title="bbox 0 646 38 662">
    <p class='ocr_par' dir='ltr' id='par_1_1' title="bbox 0 646 38 662">
     <span class='ocr_line' id='line_1_1' title="bbox 0 646 38 662; baseline 0 -3"><span class='ocrx_word' id='word_1_1' title='bbox 0 646 38 662; x_wconf 61' lang='lat' dir='ltr'><em>as</em></span> 
     </span>
    </p>
   </div>
   <div class='ocr_carea' id='block_1_2' title="bbox 187 105 1556 150">
    <p class='ocr_par' dir='ltr' id='par_1_2' title="bbox 187 105 1556 150">
     <span class='ocr_line' id='line_1_2' title="bbox 187 105 1556 150; baseline 0.002 -13"><span class='ocrx_word' id='word_1_2' title='bbox 187 109 272 150; x_wconf 62' lang='lat' dir='ltr'>325ss</span> <span class='ocrx_word' id='word_1_3' title='bbox 549 105 667 139; x_wconf 78' lang='lat' dir='ltr'>&#39;si-act.</span> <span class='ocrx_word' id='word_1_4' title='bbox 690 105 748 139; x_wconf 84' lang='lat'>111.</span> <span class='ocrx_word' id='word_1_5' title='bbox 770 105 821 140; x_wconf 89' lang='lat' dir='ltr'>De</span> <span class='ocrx_word' id='word_1_6' title='bbox 840 106 1012 140; x_wconf 67' lang='lat' dir='ltr'>Ecclesia.</span> <span class='ocrx_word' id='word_1_7' title='bbox 1033 106 1189 140; x_wconf 79' lang='lat' dir='ltr'>Materia</span> <span class='ocrx_word' id='word_1_8' title='bbox 1207 109 1344 141; x_wconf 83' lang='lat' dir='ltr'>remota</span> <span class='ocrx_word' id='word_1_9' title='bbox 1369 107 1556 142; x_wconf 71' lang='lat' dir='ltr'>Ecclesiae.</span> 
     </span>
    </p>
   </div>
   <div class='ocr_carea' id='block_1_3' title="bbox 187 224 1924 561">
    <p class='ocr_par' dir='ltr' id='par_1_3' title="bbox 187 224 1924 561">
     <span class='ocr_line' id='line_1_3' title="bbox 311 224 1923 278; baseline 0.001 -12"><span class='ocrx_word' id='word_1_10' title='bbox 311 225 349 266; x_wconf 93' lang='lat' dir='ltr'>l.</span> <span class='ocrx_word' id='word_1_11' title='bbox 375 235 425 264; x_wconf 81' lang='lat' dir='ltr'>ex</span> <span class='ocrx_word' id='word_1_12' title='bbox 449 224 713 266; x_wconf 79' lang='lat' dir='ltr'>theoremate</span> <span class='ocrx_word' id='word_1_13' title='bbox 736 226 971 266; x_wconf 88' lang='lat' dir='ltr'>certissimo</span> <span class='ocrx_word' id='word_1_14' title='bbox 996 226 1050 266; x_wconf 88' lang='lat' dir='ltr'>ab</span> <span class='ocrx_word' id='word_1_15' title='bbox 1065 225 1270 278; x_wconf 84' lang='lat' dir='ltr'>Apostolo</span> <span class='ocrx_word' id='word_1_16' title='bbox 1294 226 1480 278; x_wconf 82' lang='lat' dir='ltr'>gentium</span> <span class='ocrx_word' id='word_1_17' title='bbox 1496 226 1774 278; x_wconf 87' lang='lat' dir='ltr'>promulgato,</span> <span class='ocrx_word' id='word_1_18' title='bbox 1790 227 1923 269; x_wconf 91' lang='lat' dir='ltr'>Deum</span> 
     </span>
     <span class='ocr_line' id='line_1_4' title="bbox 188 293 1924 351; baseline 0.003 -17"><span class='ocrx_word' id='word_1_19' title='bbox 188 293 292 334; x_wconf 90' lang='lat' dir='ltr'>velle</span> <span class='ocrx_word' id='word_1_20' title='bbox 315 305 464 335; x_wconf 89' lang='lat' dir='ltr'>omnes</span> <span class='ocrx_word' id='word_1_21' title='bbox 487 295 683 337; x_wconf 90' lang='lat' dir='ltr'>homines</span> <span class='ocrx_word' id='word_1_22' title='bbox 705 296 846 337; x_wconf 79' lang='lat' dir='ltr'>salvos</span> <span class='ocrx_word' id='word_1_23' title='bbox 871 297 958 337; x_wconf 82' lang='lat' dir='ltr'>lieri</span> <span class='ocrx_word' id='word_1_24' title='bbox 986 302 1018 340; x_wconf 93' lang='grc'>1.</span> <span class='ocrx_word' id='word_1_25' title='bbox 1041 296 1145 339; x_wconf 88' lang='lat' dir='ltr'><strong>Tim.</strong></span> <span class='ocrx_word' id='word_1_26' title='bbox 1169 301 1206 340; x_wconf 77' lang='lat'>2.</span> <span class='ocrx_word' id='word_1_27' title='bbox 1234 300 1252 339; x_wconf 89' lang='lat'>1</span> <span class='ocrx_word' id='word_1_28' title='bbox 1279 310 1346 345; x_wconf 84' lang='lat' dir='ltr'>ss,</span> <span class='ocrx_word' id='word_1_29' title='bbox 1378 301 1466 338; x_wconf 90' lang='lat' dir='ltr'>tum</span> <span class='ocrx_word' id='word_1_30' title='bbox 1489 309 1541 338; x_wconf 82' lang='lat' dir='ltr'>ex</span> <span class='ocrx_word' id='word_1_31' title='bbox 1563 297 1828 340; x_wconf 84' lang='lat' dir='ltr'>theoremate</span> <span class='ocrx_word' id='word_1_32' title='bbox 1850 311 1924 351; x_wconf 86' lang='lat' dir='ltr'>pa-</span> 
     </span>
     <span class='ocr_line' id='line_1_5' title="bbox 187 366 1923 422; baseline 0.003 -17"><span class='ocrx_word' id='word_1_33' title='bbox 187 366 288 406; x_wconf 90' lang='lat' dir='ltr'>riter</span> <span class='ocrx_word' id='word_1_34' title='bbox 319 370 456 406; x_wconf 86' lang='lat' dir='ltr'>certo:</span> <span class='ocrx_word' id='word_1_35' title='bbox 490 366 701 407; x_wconf 78' lang='lat' dir='ltr'>Christum</span> <span class='ocrx_word' id='word_1_36' title='bbox 727 372 941 408; x_wconf 91' lang='lat' dir='ltr'>mortuum</span> <span class='ocrx_word' id='word_1_37' title='bbox 964 379 1058 408; x_wconf 90' lang='lat' dir='ltr'>esse</span> <span class='ocrx_word' id='word_1_38' title='bbox 1093 380 1168 420; x_wconf 91' lang='lat' dir='ltr'>pro</span> <span class='ocrx_word' id='word_1_39' title='bbox 1197 367 1395 408; x_wconf 91' lang='lat' dir='ltr'>omnibus</span> <span class='ocrx_word' id='word_1_40' title='bbox 1417 367 1670 409; x_wconf 84' lang='lat' dir='ltr'>hominibus.</span> <span class='ocrx_word' id='word_1_41' title='bbox 1714 368 1841 422; x_wconf 90' lang='lat' dir='ltr'>Atqui</span> <span class='ocrx_word' id='word_1_42' title='bbox 1871 381 1923 411; x_wconf 85' lang='lat' dir='ltr'>ex</span> 
     </span>
     <span class='ocr_line' id='line_1_6' title="bbox 187 436 1924 489; baseline 0.002 -12"><span class='ocrx_word' id='word_1_43' title='bbox 187 437 295 477; x_wconf 86' lang='lat' dir='ltr'>thesi</span> <span class='ocrx_word' id='word_1_44' title='bbox 318 436 433 477; x_wconf 83' lang='lat' dir='ltr'>XLII.</span> <span class='ocrx_word' id='word_1_45' title='bbox 457 442 577 478; x_wconf 83' lang='lat' dir='ltr'>extra</span> <span class='ocrx_word' id='word_1_46' title='bbox 600 437 830 478; x_wconf 75' lang='lat' dir='ltr'>Ecclesiam</span> <span class='ocrx_word' id='word_1_47' title='bbox 855 450 941 478; x_wconf 90' lang='lat' dir='ltr'>non</span> <span class='ocrx_word' id='word_1_48' title='bbox 965 443 1028 479; x_wconf 91' lang='lat' dir='ltr'>est</span> <span class='ocrx_word' id='word_1_49' title='bbox 1050 438 1175 481; x_wconf 82' lang='lat' dir='ltr'>salus,</span> <span class='ocrx_word' id='word_1_50' title='bbox 1220 437 1326 489; x_wconf 82' lang='lat' dir='ltr'>Ergo</span> <span class='ocrx_word' id='word_1_51' title='bbox 1359 438 1393 478; x_wconf 93' lang='lat' dir='ltr'>si</span> <span class='ocrx_word' id='word_1_52' title='bbox 1425 437 1537 479; x_wconf 90' lang='lat' dir='ltr'>Deus</span> <span class='ocrx_word' id='word_1_53' title='bbox 1559 450 1708 480; x_wconf 90' lang='lat' dir='ltr'>omnes</span> <span class='ocrx_word' id='word_1_54' title='bbox 1730 439 1924 481; x_wconf 89' lang='lat' dir='ltr'>homines</span> 
     </span>
     <span class='ocr_line' id='line_1_7' title="bbox 187 507 1575 561; baseline 0.001 -13"><span class='ocrx_word' id='word_1_55' title='bbox 187 507 277 548; x_wconf 71' lang='lat' dir='ltr'>salx</span> <span class='ocrx_word' id='word_1_56' title='bbox 281 519 329 548; x_wconf 92' lang='lat' dir='ltr'>os</span> <span class='ocrx_word' id='word_1_57' title='bbox 351 507 441 549; x_wconf 89' lang='lat' dir='ltr'>fieri</span> <span class='ocrx_word' id='word_1_58' title='bbox 463 508 563 558; x_wconf 87' lang='lat' dir='ltr'>vult,</span> <span class='ocrx_word' id='word_1_59' title='bbox 586 509 672 549; x_wconf 89' lang='lat' dir='ltr'>vult</span> <span class='ocrx_word' id='word_1_60' title='bbox 696 509 823 549; x_wconf 87' lang='lat' dir='ltr'>etiam</span> <span class='ocrx_word' id='word_1_61' title='bbox 849 520 998 550; x_wconf 89' lang='lat' dir='ltr'>omnes</span> <span class='ocrx_word' id='word_1_62' title='bbox 1021 509 1074 549; x_wconf 90' lang='lat' dir='ltr'>ad</span> <span class='ocrx_word' id='word_1_63' title='bbox 1099 508 1330 550; x_wconf 83' lang='lat' dir='ltr'>Ecclesiam</span> <span class='ocrx_word' id='word_1_64' title='bbox 1354 509 1575 561; x_wconf 87' lang='lat' dir='ltr'>pertinere.</span> 
     </span>
    </p>
   </div>
   <div class='ocr_carea' id='block_1_4' title="bbox 185 589 1928 815">
    <p class='ocr_par' dir='ltr' id='par_1_4' title="bbox 185 589 1928 807">
     <span class='ocr_line' id='line_1_8' title="bbox 369 589 1928 670; baseline 0.001 -40.078"><span class='ocrx_word' id='word_1_65' title='bbox 369 589 580 657; x_wconf 58' lang='lat' dir='ltr'>Pmbatstf</span> <span class='ocrx_word' id='word_1_66' title='bbox 603 602 652 631; x_wconf 84' lang='lat' dir='ltr'>ex</span> <span class='ocrx_word' id='word_1_67' title='bbox 677 591 799 631; x_wconf 80' lang='lat' dir='ltr'>vatic</span> <span class='ocrx_word' id='word_1_68' title='bbox 806 591 992 666; x_wconf 44' lang='lat' dir='ltr'>nib-lm.»</span> <span class='ocrx_word' id='word_1_69' title='bbox 921 590 1072 643; x_wconf 87' lang='lat' dir='ltr'>quibus</span> <span class='ocrx_word' id='word_1_70' title='bbox 1095 589 1130 631; x_wconf 94' lang='lat' dir='ltr'>N</span> <span class='ocrx_word' id='word_1_71' title='bbox 1010 591 1423 668; x_wconf 51' lang='lat' dir='ltr'>mssrffsslimtur</span> <span class='ocrx_word' id='word_1_72' title='bbox 1445 591 1928 670; x_wconf 40' lang='lat' dir='ltr'>Tesssanssffl</span> <span class='ocrx_word' id='word_1_73' title='bbox 1813 592 1922 632; x_wconf 80' lang='lat' dir='ltr'>Vum</span> 
     </span>
     <span class='ocr_line' id='line_1_9' title="bbox 187 603 1924 740; baseline 0.001 -39"><span class='ocrx_word' id='word_1_74' title='bbox 187 675 318 702; x_wconf 70' lang='lat' dir='ltr'>reare</span> <span class='ocrx_word' id='word_1_75' title='bbox 250 617 488 702; x_wconf 29' lang='lat' dir='ltr'>&amp;micio</span> <span class='ocrx_word' id='word_1_76' title='bbox 511 603 992 739; x_wconf 47' lang='lat' dir='ltr'>malmffkffigss„</span> <span class='ocrx_word' id='word_1_77' title='bbox 943 623 1143 702; x_wconf 70' lang='lat' dir='ltr'>estut</span> <span class='ocrx_word' id='word_1_78' title='bbox 1060 675 1106 702; x_wconf 69' lang='grc'>115</span> <span class='ocrx_word' id='word_1_79' title='bbox 1137 675 1241 714; x_wconf 74' lang='lat' dir='ltr'>sum,</span> <span class='ocrx_word' id='word_1_80' title='bbox 1275 643 1524 740; x_wconf 48' lang='lat' dir='ltr'>fimf-um·</span> <span class='ocrx_word' id='word_1_81' title='bbox 1528 675 1575 702; x_wconf 77' lang='lat' dir='ltr'>us</span> <span class='ocrx_word' id='word_1_82' title='bbox 1609 664 1660 702; x_wconf 66' lang='lat' dir='ltr'>sit</span> <span class='ocrx_word' id='word_1_83' title='bbox 1696 676 1738 702; x_wconf 82' lang='grc' dir='ltr'>ιη</span> <span class='ocrx_word' id='word_1_84' title='bbox 1795 667 1924 704; x_wconf 79' lang='lat' dir='ltr'>entem</span> 
     </span>
     <span class='ocr_line' id='line_1_10' title="bbox 185 676 1901 815; baseline 0 -77"><span class='ocrx_word' id='word_1_85' title='bbox 185 717 217 744; x_wconf 71' lang='lat' dir='ltr'>a..</span> <span class='ocrx_word' id='word_1_86' title='bbox 373 706 481 739; x_wconf 52' lang='lat' dir='ltr'>amat</span> <span class='ocrx_word' id='word_1_87' title='bbox 582 676 834 815; x_wconf 45' lang='lat' dir='ltr'>m</span> <span class='ocrx_word' id='word_1_88' title='bbox 1057 715 1119 732; x_wconf 65' lang='lat'>⁴⁰*-</span> <span class='ocrx_word' id='word_1_89' title='bbox 1135 696 1256 773; x_wconf 46' lang='grc' dir='ltr'>ΓΜ</span> <span class='ocrx_word' id='word_1_90' title='bbox 1482 704 1697 740; x_wconf 60' lang='lat' dir='ltr'>wal-m</span> <span class='ocrx_word' id='word_1_91' title='bbox 1797 704 1901 738; x_wconf 53' lang='lat'>‘4¹-</span> 
     </span>
    </p>
   </div>
   <div class='ocr_carea' id='block_1_5' title="bbox 158 704 1926 1069">
    <p class='ocr_par' dir='ltr' id='par_1_5' title="bbox 189 704 1924 803">
     <span class='ocr_line' id='line_1_11' title="bbox 189 704 1924 803; baseline 0.002 -32"><span class='ocrx_word' id='word_1_92' title='bbox 189 746 225 772; x_wconf 84' lang='lat' dir='ltr'>m</span> <span class='ocrx_word' id='word_1_93' title='bbox 255 746 381 785; x_wconf 75' lang='lat' dir='ltr'>qnam</span> <span class='ocrx_word' id='word_1_94' title='bbox 406 736 441 773; x_wconf 79' lang='lat' dir='ltr'>et</span> <span class='ocrx_word' id='word_1_95' title='bbox 466 721 587 803; x_wconf 50' lang='lat' dir='ltr'>›oggns</span> <span class='ocrx_word' id='word_1_96' title='bbox 623 746 692 771; x_wconf 62' lang='lat' dir='ltr'>ssu</span> <span class='ocrx_word' id='word_1_97' title='bbox 708 746 789 772; x_wconf 80' lang='lat' dir='ltr'>zam</span> <span class='ocrx_word' id='word_1_98' title='bbox 843 736 879 772; x_wconf 79' lang='lat' dir='ltr'>et</span> <span class='ocrx_word' id='word_1_99' title='bbox 902 704 1135 773; x_wconf 65' lang='lat' dir='ltr'>benedicens</span> <span class='ocrx_word' id='word_1_100' title='bbox 1152 748 1199 773; x_wconf 73' lang='lat' dir='ltr'>&lt;te</span> <span class='ocrx_word' id='word_1_101' title='bbox 1221 737 1302 773; x_wconf 66' lang='lat' dir='ltr'>sant</span> <span class='ocrx_word' id='word_1_102' title='bbox 1326 747 1367 773; x_wconf 80' lang='lat' dir='ltr'>m</span> <span class='ocrx_word' id='word_1_103' title='bbox 1390 747 1401 773; x_wconf 77' lang='lat'><strong><em>2</em></strong></span> <span class='ocrx_word' id='word_1_104' title='bbox 1437 746 1458 773; x_wconf 83' lang='grc' dir='ltr'><em>ο</em></span> <span class='ocrx_word' id='word_1_105' title='bbox 1481 746 1618 774; x_wconf 65' lang='lat' dir='ltr'>omnes</span> <span class='ocrx_word' id='word_1_106' title='bbox 1640 734 1826 774; x_wconf 77' lang='lat' dir='ltr'>nationes</span> <span class='ocrx_word' id='word_1_107' title='bbox 1847 737 1924 774; x_wconf 83' lang='lat' dir='ltr'>ter-</span> 
     </span>
    </p>

    <p class='ocr_par' dir='ltr' id='par_1_6' title="bbox 158 777 1926 1069">
     <span class='ocr_line' id='line_1_12' title="bbox 158 777 1925 858; baseline 0.001 -14"><span class='ocrx_word' id='word_1_108' title='bbox 158 777 435 846; x_wconf 51' lang='lat' dir='ltr'>W‘Gen.</span> <span class='ocrx_word' id='word_1_109' title='bbox 465 807 528 851; x_wconf 74' lang='grc'>18,</span> <span class='ocrx_word' id='word_1_110' title='bbox 583 807 604 846; x_wconf 84' lang='grc'>7</span> <span class='ocrx_word' id='word_1_111' title='bbox 630 816 682 850; x_wconf 83' lang='grc'>5.;</span> <span class='ocrx_word' id='word_1_112' title='bbox 726 803 819 843; x_wconf 72' lang='lat' dir='ltr'>Erit</span> <span class='ocrx_word' id='word_1_113' title='bbox 852 817 896 842; x_wconf 81' lang='lat' dir='ltr'>m</span> <span class='ocrx_word' id='word_1_114' title='bbox 927 804 1156 843; x_wconf 64' lang='lat' dir='ltr'>nous-simis</span> <span class='ocrx_word' id='word_1_115' title='bbox 1178 803 1319 844; x_wconf 78' lang='lat' dir='ltr'>diebus</span> <span class='ocrx_word' id='word_1_116' title='bbox 1335 808 1623 858; x_wconf 75' lang='lat' dir='ltr'>praeparatus</span> <span class='ocrx_word' id='word_1_117' title='bbox 1645 817 1761 845; x_wconf 77' lang='lat' dir='ltr'>mons</span> <span class='ocrx_word' id='word_1_118' title='bbox 1781 804 1925 846; x_wconf 77' lang='lat' dir='ltr'>domus</span> 
     </span>
     <span class='ocr_line' id='line_1_13' title="bbox 187 873 1921 929; baseline 0.002 -15"><span class='ocrx_word' id='word_1_119' title='bbox 187 873 360 914; x_wconf 69' lang='lat' dir='ltr'>Domini</span> <span class='ocrx_word' id='word_1_120' title='bbox 387 875 429 913; x_wconf 80' lang='lat' dir='ltr'>in</span> <span class='ocrx_word' id='word_1_121' title='bbox 454 874 598 914; x_wconf 61' lang='lat' dir='ltr'>vertice</span> <span class='ocrx_word' id='word_1_122' title='bbox 621 876 817 914; x_wconf 66' lang='lat' dir='ltr'>montium</span> <span class='ocrx_word' id='word_1_123' title='bbox 842 878 877 915; x_wconf 73' lang='lat' dir='ltr'>et</span> <span class='ocrx_word' id='word_1_124' title='bbox 899 874 1122 915; x_wconf 73' lang='lat' dir='ltr'>elevabitur</span> <span class='ocrx_word' id='word_1_125' title='bbox 1144 888 1268 929; x_wconf 78' lang='lat' dir='ltr'>super</span> <span class='ocrx_word' id='word_1_126' title='bbox 1290 875 1421 929; x_wconf 60' lang='lat' dir='ltr'>colles,</span> <span class='ocrx_word' id='word_1_127' title='bbox 1444 880 1479 916; x_wconf 77' lang='lat' dir='ltr'>et</span> <span class='ocrx_word' id='word_1_128' title='bbox 1499 877 1629 929; x_wconf 75' lang='lat' dir='ltr'>fluent</span> <span class='ocrx_word' id='word_1_129' title='bbox 1652 877 1708 917; x_wconf 80' lang='lat' dir='ltr'>ad</span> <span class='ocrx_word' id='word_1_130' title='bbox 1729 890 1819 917; x_wconf 76' lang='lat' dir='ltr'>eum</span> <span class='ocrx_word' id='word_1_131' title='bbox 1843 890 1921 918; x_wconf 87' lang='lat' dir='ltr'>om-</span> 
     </span>
     <span class='ocr_line' id='line_1_14' title="bbox 189 945 1926 999; baseline 0.002 -14"><span class='ocrx_word' id='word_1_132' title='bbox 189 958 257 986; x_wconf 81' lang='lat' dir='ltr'>nes</span> <span class='ocrx_word' id='word_1_133' title='bbox 276 951 424 999; x_wconf 55' lang='lat' dir='ltr'>pentes,</span> <span class='ocrx_word' id='word_1_134' title='bbox 447 945 495 988; x_wconf 88' lang='lat' dir='ltr'>ls.</span> <span class='ocrx_word' id='word_1_135' title='bbox 520 949 557 993; x_wconf 76' lang='lat'>2.</span> <span class='ocrx_word' id='word_1_136' title='bbox 581 949 628 993; x_wconf 75' lang='lat'>23</span> <span class='ocrx_word' id='word_1_137' title='bbox 651 945 698 989; x_wconf 87' lang='lat' dir='ltr'>cf.</span> <span class='ocrx_word' id='word_1_138' title='bbox 722 958 760 986; x_wconf 90' lang='lat' dir='ltr'>n.</span> <span class='ocrx_word' id='word_1_139' title='bbox 778 949 853 989; x_wconf 82' lang='lat'>71:</span> <span class='ocrx_word' id='word_1_140' title='bbox 876 958 986 999; x_wconf 87' lang='lat' dir='ltr'>quae</span> <span class='ocrx_word' id='word_1_141' title='bbox 1009 945 1212 987; x_wconf 89' lang='lat' dir='ltr'>latissime</span> <span class='ocrx_word' id='word_1_142' title='bbox 1235 947 1409 987; x_wconf 91' lang='lat' dir='ltr'>omnino</span> <span class='ocrx_word' id='word_1_143' title='bbox 1433 951 1590 999; x_wconf 89' lang='lat' dir='ltr'>patent,</span> <span class='ocrx_word' id='word_1_144' title='bbox 1612 948 1828 988; x_wconf 90' lang='lat' dir='ltr'>neminem</span> <span class='ocrx_word' id='word_1_145' title='bbox 1850 959 1926 988; x_wconf 87' lang='lat' dir='ltr'>ex-</span> 
     </span>
     <span class='ocr_line' id='line_1_15' title="bbox 187 1016 1214 1069; baseline 0.001 -13"><span class='ocrx_word' id='word_1_146' title='bbox 187 1016 370 1059; x_wconf 88' lang='lat' dir='ltr'>cludunt.</span> <span class='ocrx_word' id='word_1_147' title='bbox 393 1017 478 1057; x_wconf 90' lang='lat' dir='ltr'>imo</span> <span class='ocrx_word' id='word_1_148' title='bbox 503 1028 651 1057; x_wconf 86' lang='lat' dir='ltr'>omnes</span> <span class='ocrx_word' id='word_1_149' title='bbox 675 1028 725 1057; x_wconf 84' lang='lat' dir='ltr'>ex</span> <span class='ocrx_word' id='word_1_150' title='bbox 749 1029 842 1058; x_wconf 91' lang='lat' dir='ltr'>sese</span> <span class='ocrx_word' id='word_1_151' title='bbox 866 1016 1214 1069; x_wconf 89' lang='lat' dir='ltr'>complectuntur.</span> 
     </span>
    </p>
   </div>
   <div class='ocr_carea' id='block_1_6' title="bbox 183 1097 1926 1437">
    <p class='ocr_par' dir='ltr' id='par_1_7' title="bbox 183 1097 1926 1437">
     <span class='ocr_line' id='line_1_16' title="bbox 304 1097 1926 1155; baseline 0.002 -18"><span class='ocrx_word' id='word_1_152' title='bbox 304 1099 346 1141; x_wconf 81' lang='lat'>3.</span> <span class='ocrx_word' id='word_1_153' title='bbox 383 1097 605 1138; x_wconf 89' lang='lat' dir='ltr'>Accedunt</span> <span class='ocrx_word' id='word_1_154' title='bbox 639 1097 797 1139; x_wconf 89' lang='lat' dir='ltr'>diserta</span> <span class='ocrx_word' id='word_1_155' title='bbox 831 1097 988 1139; x_wconf 80' lang='lat' dir='ltr'>Christi</span> <span class='ocrx_word' id='word_1_156' title='bbox 1022 1098 1153 1139; x_wconf 85' lang='lat' dir='ltr'>verba</span> <span class='ocrx_word' id='word_1_157' title='bbox 1189 1098 1245 1155; x_wconf 94' lang='lat' dir='ltr'>(n.</span> <span class='ocrx_word' id='word_1_158' title='bbox 1286 1099 1397 1154; x_wconf 81' lang='lat'>115),</span> <span class='ocrx_word' id='word_1_159' title='bbox 1432 1099 1584 1151; x_wconf 88' lang='lat' dir='ltr'>quibus</span> <span class='ocrx_word' id='word_1_160' title='bbox 1619 1101 1846 1153; x_wconf 90' lang='lat' dir='ltr'>praecepit,</span> <span class='ocrx_word' id='word_1_161' title='bbox 1880 1105 1926 1142; x_wconf 91' lang='lat' dir='ltr'>ut</span> 
     </span>
     <span class='ocr_line' id='line_1_17' title="bbox 185 1165 1925 1222; baseline 0.002 -14"><span class='ocrx_word' id='word_1_162' title='bbox 185 1168 460 1221; x_wconf 83' lang='lat' dir='ltr'>Evangelium</span> <span class='ocrx_word' id='word_1_163' title='bbox 497 1168 694 1209; x_wconf 89' lang='lat' dir='ltr'>omnibus</span> <span class='ocrx_word' id='word_1_164' title='bbox 729 1168 924 1220; x_wconf 86' lang='lat' dir='ltr'>gentibus</span> <span class='ocrx_word' id='word_1_165' title='bbox 959 1170 1183 1210; x_wconf 87' lang='lat' dir='ltr'>nuncietur</span> <span class='ocrx_word' id='word_1_166' title='bbox 1217 1169 1397 1222; x_wconf 91' lang='lat' dir='ltr'>ideoque</span> <span class='ocrx_word' id='word_1_167' title='bbox 1433 1181 1583 1211; x_wconf 89' lang='lat' dir='ltr'>omnes</span> <span class='ocrx_word' id='word_1_168' title='bbox 1617 1170 1660 1210; x_wconf 90' lang='lat' dir='ltr'>in</span> <span class='ocrx_word' id='word_1_169' title='bbox 1694 1165 1925 1212; x_wconf 85' lang='lat' dir='ltr'>Ecclesiam</span> 
     </span>
     <span class='ocr_line' id='line_1_18' title="bbox 186 1238 1926 1294; baseline 0.002 -15"><span class='ocrx_word' id='word_1_170' title='bbox 186 1239 427 1280; x_wconf 88' lang='lat' dir='ltr'>invitentur.</span> <span class='ocrx_word' id='word_1_171' title='bbox 470 1238 595 1280; x_wconf 88' lang='lat' dir='ltr'>Teste</span> <span class='ocrx_word' id='word_1_172' title='bbox 628 1240 740 1280; x_wconf 90' lang='lat' dir='ltr'>enim</span> <span class='ocrx_word' id='word_1_173' title='bbox 773 1238 905 1280; x_wconf 89' lang='lat' dir='ltr'>Paulo</span> <span class='ocrx_word' id='word_1_174' title='bbox 937 1239 1060 1283; x_wconf 82' lang='lat' dir='ltr'>Rom.</span> <span class='ocrx_word' id='word_1_175' title='bbox 1088 1244 1151 1288; x_wconf 78' lang='lat'>10,</span> <span class='ocrx_word' id='word_1_176' title='bbox 1178 1243 1243 1289; x_wconf 74' lang='lat'>12.</span> <span class='ocrx_word' id='word_1_177' title='bbox 1276 1254 1355 1280; x_wconf 72' lang='lat' dir='ltr'>non</span> <span class='ocrx_word' id='word_1_178' title='bbox 1387 1245 1444 1280; x_wconf 79' lang='lat' dir='ltr'>est</span> <span class='ocrx_word' id='word_1_179' title='bbox 1478 1241 1687 1282; x_wconf 73' lang='lat' dir='ltr'>distinctio</span> <span class='ocrx_word' id='word_1_180' title='bbox 1715 1241 1860 1294; x_wconf 77' lang='lat' dir='ltr'>judaei</span> <span class='ocrx_word' id='word_1_181' title='bbox 1890 1247 1926 1283; x_wconf 83' lang='lat' dir='ltr'>et</span> 
     </span>
     <span class='ocr_line' id='line_1_19' title="bbox 183 1311 1926 1369; baseline 0.003 -20"><span class='ocrx_word' id='word_1_182' title='bbox 183 1311 337 1364; x_wconf 69' lang='lat' dir='ltr'>qraece&#39;,</span> <span class='ocrx_word' id='word_1_183' title='bbox 361 1323 457 1351; x_wconf 78' lang='lat' dir='ltr'>nam</span> <span class='ocrx_word' id='word_1_184' title='bbox 484 1311 588 1351; x_wconf 78' lang='lat' dir='ltr'>idem</span> <span class='ocrx_word' id='word_1_185' title='bbox 612 1311 818 1351; x_wconf 78' lang='lat' dir='ltr'>Dominus</span> <span class='ocrx_word' id='word_1_186' title='bbox 841 1313 1037 1365; x_wconf 66' lang='lat' dir='ltr'>omnium,</span> <span class='ocrx_word' id='word_1_187' title='bbox 1069 1312 1181 1352; x_wconf 73' lang='lat' dir='ltr'>dices</span> <span class='ocrx_word' id='word_1_188' title='bbox 1212 1313 1255 1352; x_wconf 73' lang='lat' dir='ltr'>vin</span> <span class='ocrx_word' id='word_1_189' title='bbox 1288 1325 1438 1366; x_wconf 71' lang='lat' dir='ltr'>omnes7</span> <span class='ocrx_word' id='word_1_190' title='bbox 1470 1314 1539 1367; x_wconf 76' lang='lat' dir='ltr'>qui</span> <span class='ocrx_word' id='word_1_191' title='bbox 1570 1313 1762 1354; x_wconf 33' lang='lat' dir='ltr'>vim-ocant</span> <span class='ocrx_word' id='word_1_192' title='bbox 1782 1313 1926 1369; x_wconf 8' lang='lat' dir='ltr'>tillem&amp;</span> 
     </span>
     <span class='ocr_line' id='line_1_20' title="bbox 185 1374 1922 1437; baseline 0.002 -16"><span class='ocrx_word' id='word_1_193' title='bbox 185 1383 318 1422; x_wconf 79' lang='lat' dir='ltr'>omnis</span> <span class='ocrx_word' id='word_1_194' title='bbox 342 1384 449 1423; x_wconf 79' lang='lat' dir='ltr'>enim</span> <span class='ocrx_word' id='word_1_195' title='bbox 471 1383 702 1437; x_wconf 74' lang='lat' dir='ltr'>quicunque</span> <span class='ocrx_word' id='word_1_196' title='bbox 725 1384 974 1423; x_wconf 60' lang='lat' dir='ltr'>invocat-erit</span> <span class='ocrx_word' id='word_1_197' title='bbox 998 1396 1140 1424; x_wconf 78' lang='lat' dir='ltr'>nomen</span> <span class='ocrx_word' id='word_1_198' title='bbox 1166 1383 1349 1437; x_wconf 65' lang='lat' dir='ltr'>Domini,</span> <span class='ocrx_word' id='word_1_199' title='bbox 1372 1384 1511 1424; x_wconf 71' lang='lat' dir='ltr'>salvus</span> <span class='ocrx_word' id='word_1_200' title='bbox 1533 1385 1622 1424; x_wconf 76' lang='lat' dir='ltr'>erit.</span> <span class='ocrx_word' id='word_1_201' title='bbox 1918 1374 1922 1387; x_wconf 62' lang='lat'><em>³</em></span> 
     </span>
    </p>
   </div>
   <div class='ocr_carea' id='block_1_7' title="bbox 186 1463 1928 2655">
    <p class='ocr_par' dir='ltr' id='par_1_8' title="bbox 186 1463 1928 2655">
     <span class='ocr_line' id='line_1_21' title="bbox 304 1463 1924 1518; baseline 0.001 -12"><span class='ocrx_word' id='word_1_202' title='bbox 304 1465 346 1508; x_wconf 85' lang='lat'>4.</span> <span class='ocrx_word' id='word_1_203' title='bbox 369 1463 527 1505; x_wconf 87' lang='lat' dir='ltr'>Eadem</span> <span class='ocrx_word' id='word_1_204' title='bbox 552 1465 730 1506; x_wconf 81' lang='lat' dir='ltr'>assertio</span> <span class='ocrx_word' id='word_1_205' title='bbox 762 1470 880 1518; x_wconf 87' lang='lat' dir='ltr'>patet</span> <span class='ocrx_word' id='word_1_206' title='bbox 913 1477 964 1506; x_wconf 80' lang='lat' dir='ltr'>ex</span> <span class='ocrx_word' id='word_1_207' title='bbox 995 1465 1274 1517; x_wconf 85' lang='lat' dir='ltr'>persuasione</span> <span class='ocrx_word' id='word_1_208' title='bbox 1300 1465 1535 1506; x_wconf 86' lang='lat' dir='ltr'>theoretica</span> <span class='ocrx_word' id='word_1_209' title='bbox 1557 1470 1599 1506; x_wconf 88' lang='lat' dir='ltr'>et</span> <span class='ocrx_word' id='word_1_210' title='bbox 1620 1467 1810 1518; x_wconf 87' lang='lat' dir='ltr'>practica</span> <span class='ocrx_word' id='word_1_211' title='bbox 1831 1467 1924 1508; x_wconf 91' lang='lat' dir='ltr'>uni-</span> 
     </span>
     <span class='ocr_line' id='line_1_22' title="bbox 187 1535 1925 1590; baseline 0.002 -14"><span class='ocrx_word' id='word_1_212' title='bbox 187 1536 298 1576; x_wconf 90' lang='lat' dir='ltr'>versi</span> <span class='ocrx_word' id='word_1_213' title='bbox 320 1535 541 1576; x_wconf 84' lang='lat' dir='ltr'>christiani</span> <span class='ocrx_word' id='word_1_214' title='bbox 562 1536 770 1584; x_wconf 77' lang='lat' dir='ltr'>nominis3</span> <span class='ocrx_word' id='word_1_215' title='bbox 802 1536 991 1577; x_wconf 85' lang='lat' dir='ltr'>Ecclesia</span> <span class='ocrx_word' id='word_1_216' title='bbox 1014 1537 1126 1577; x_wconf 91' lang='lat' dir='ltr'>enim</span> <span class='ocrx_word' id='word_1_217' title='bbox 1150 1535 1345 1588; x_wconf 76' lang='lat' dir='ltr'>exemplo</span> <span class='ocrx_word' id='word_1_218' title='bbox 1369 1536 1673 1588; x_wconf 84' lang='lat' dir='ltr'>apostolorum,</span> <span class='ocrx_word' id='word_1_219' title='bbox 1705 1537 1748 1578; x_wconf 89' lang='lat' dir='ltr'>in</span> <span class='ocrx_word' id='word_1_220' title='bbox 1778 1537 1925 1590; x_wconf 90' lang='lat' dir='ltr'>primis</span> 
     </span>
     <span class='ocr_line' id='line_1_23' title="bbox 187 1605 1925 1659; baseline 0.004 -13"><span class='ocrx_word' id='word_1_221' title='bbox 187 1605 316 1655; x_wconf 85' lang='lat' dir='ltr'>Pauli,</span> <span class='ocrx_word' id='word_1_222' title='bbox 348 1607 418 1659; x_wconf 87' lang='lat' dir='ltr'>qui</span> <span class='ocrx_word' id='word_1_223' title='bbox 441 1607 586 1647; x_wconf 89' lang='lat' dir='ltr'>omnia</span> <span class='ocrx_word' id='word_1_224' title='bbox 609 1607 807 1648; x_wconf 87' lang='lat' dir='ltr'>omnihus</span> <span class='ocrx_word' id='word_1_225' title='bbox 830 1606 966 1648; x_wconf 84' lang='lat' dir='ltr'>factus</span> <span class='ocrx_word' id='word_1_226' title='bbox 998 1612 1073 1657; x_wconf 82' lang='lat' dir='ltr'>est,</span> <span class='ocrx_word' id='word_1_227' title='bbox 1104 1612 1151 1648; x_wconf 90' lang='lat' dir='ltr'>ut</span> <span class='ocrx_word' id='word_1_228' title='bbox 1182 1619 1331 1648; x_wconf 89' lang='lat' dir='ltr'>omnes</span> <span class='ocrx_word' id='word_1_229' title='bbox 1364 1606 1523 1648; x_wconf 88' lang='lat' dir='ltr'>faceret</span> <span class='ocrx_word' id='word_1_230' title='bbox 1544 1607 1686 1649; x_wconf 87' lang='lat' dir='ltr'>salvos</span> <span class='ocrx_word' id='word_1_231' title='bbox 1711 1613 1747 1652; x_wconf 91' lang='lat'>1.</span> <span class='ocrx_word' id='word_1_232' title='bbox 1770 1607 1863 1653; x_wconf 89' lang='lat' dir='ltr'>Cor.</span> <span class='ocrx_word' id='word_1_233' title='bbox 1887 1611 1925 1658; x_wconf 80' lang='lat'>9,</span> 
     </span>
     <span class='ocr_line' id='line_1_24' title="bbox 187 1678 1925 1732; baseline -0.001 -10"><span class='ocrx_word' id='word_1_234' title='bbox 187 1681 255 1727; x_wconf 76' lang='lat'>22,</span> <span class='ocrx_word' id='word_1_235' title='bbox 277 1678 438 1719; x_wconf 91' lang='lat' dir='ltr'>nullum</span> <span class='ocrx_word' id='word_1_236' title='bbox 464 1691 652 1731; x_wconf 83' lang='lat' dir='ltr'>unquam</span> <span class='ocrx_word' id='word_1_237' title='bbox 677 1679 894 1720; x_wconf 88' lang='lat' dir='ltr'>hominem</span> <span class='ocrx_word' id='word_1_238' title='bbox 917 1692 943 1720; x_wconf 89' lang='lat' dir='ltr'>a</span> <span class='ocrx_word' id='word_1_239' title='bbox 965 1691 1011 1720; x_wconf 91' lang='lat' dir='ltr'>se</span> <span class='ocrx_word' id='word_1_240' title='bbox 1033 1679 1186 1731; x_wconf 89' lang='lat' dir='ltr'>repulit</span> <span class='ocrx_word' id='word_1_241' title='bbox 1207 1679 1314 1728; x_wconf 90' lang='lat' dir='ltr'>ideo,</span> <span class='ocrx_word' id='word_1_242' title='bbox 1339 1678 1453 1732; x_wconf 89' lang='lat' dir='ltr'>quod</span> <span class='ocrx_word' id='word_1_243' title='bbox 1475 1691 1526 1720; x_wconf 85' lang='lat' dir='ltr'>ex</span> <span class='ocrx_word' id='word_1_244' title='bbox 1549 1679 1832 1720; x_wconf 83' lang='lat' dir='ltr'>destinatione</span> <span class='ocrx_word' id='word_1_245' title='bbox 1854 1692 1925 1721; x_wconf 92' lang='lat' dir='ltr'>su-</span> 
     </span>
     <span class='ocr_line' id='line_1_25' title="bbox 186 1746 1927 1803; baseline 0.002 -14"><span class='ocrx_word' id='word_1_246' title='bbox 186 1746 321 1802; x_wconf 81' lang='lat' dir='ltr'>premi</span> <span class='ocrx_word' id='word_1_247' title='bbox 343 1749 566 1790; x_wconf 82' lang='lat' dir='ltr'>architecti</span> <span class='ocrx_word' id='word_1_248' title='bbox 597 1754 644 1790; x_wconf 92' lang='lat' dir='ltr'>ut</span> <span class='ocrx_word' id='word_1_249' title='bbox 674 1750 718 1790; x_wconf 92' lang='lat' dir='ltr'>in</span> <span class='ocrx_word' id='word_1_250' title='bbox 750 1751 886 1802; x_wconf 89' lang='lat' dir='ltr'>ipsam</span> <span class='ocrx_word' id='word_1_251' title='bbox 918 1751 1148 1803; x_wconf 85' lang='lat' dir='ltr'>recipiatur</span> <span class='ocrx_word' id='word_1_252' title='bbox 1171 1755 1295 1803; x_wconf 89' lang='lat' dir='ltr'>aptus</span> <span class='ocrx_word' id='word_1_253' title='bbox 1317 1763 1405 1792; x_wconf 91' lang='lat' dir='ltr'>non</span> <span class='ocrx_word' id='word_1_254' title='bbox 1427 1755 1559 1792; x_wconf 90' lang='lat' dir='ltr'>esset:</span> <span class='ocrx_word' id='word_1_255' title='bbox 1590 1763 1810 1803; x_wconf 88' lang='lat' dir='ltr'>nunquam</span> <span class='ocrx_word' id='word_1_256' title='bbox 1840 1763 1927 1792; x_wconf 92' lang='lat' dir='ltr'>non</span> 
     </span>
     <span class='ocr_line' id='line_1_26' title="bbox 187 1820 1925 1874; baseline 0.001 -14"><span class='ocrx_word' id='word_1_257' title='bbox 187 1820 338 1861; x_wconf 87' lang='lat' dir='ltr'>zelavit</span> <span class='ocrx_word' id='word_1_258' title='bbox 360 1820 541 1861; x_wconf 88' lang='lat' dir='ltr'>salutem</span> <span class='ocrx_word' id='word_1_259' title='bbox 565 1821 755 1861; x_wconf 89' lang='lat' dir='ltr'>omnium</span> <span class='ocrx_word' id='word_1_260' title='bbox 778 1821 999 1862; x_wconf 90' lang='lat' dir='ltr'>hominum</span> <span class='ocrx_word' id='word_1_261' title='bbox 1023 1821 1220 1862; x_wconf 89' lang='lat' dir='ltr'>omnibus</span> <span class='ocrx_word' id='word_1_262' title='bbox 1244 1821 1396 1874; x_wconf 88' lang='lat' dir='ltr'>quibus</span> <span class='ocrx_word' id='word_1_263' title='bbox 1426 1825 1595 1874; x_wconf 88' lang='lat' dir='ltr'>poterat</span> <span class='ocrx_word' id='word_1_264' title='bbox 1624 1821 1774 1862; x_wconf 89' lang='lat' dir='ltr'>modis.</span> <span class='ocrx_word' id='word_1_265' title='bbox 1816 1821 1925 1863; x_wconf 90' lang='lat' dir='ltr'>Cen-</span> 
     </span>
     <span class='ocr_line' id='line_1_27' title="bbox 188 1891 1923 1945; baseline 0.001 -14"><span class='ocrx_word' id='word_1_266' title='bbox 188 1891 270 1931; x_wconf 87' lang='lat' dir='ltr'>suit</span> <span class='ocrx_word' id='word_1_267' title='bbox 292 1903 392 1943; x_wconf 83' lang='lat' dir='ltr'>ergo</span> <span class='ocrx_word' id='word_1_268' title='bbox 416 1904 565 1933; x_wconf 90' lang='lat' dir='ltr'>omnes</span> <span class='ocrx_word' id='word_1_269' title='bbox 588 1893 783 1933; x_wconf 90' lang='lat' dir='ltr'>homines</span> <span class='ocrx_word' id='word_1_270' title='bbox 807 1905 901 1933; x_wconf 90' lang='lat' dir='ltr'>esse</span> <span class='ocrx_word' id='word_1_271' title='bbox 924 1904 976 1933; x_wconf 81' lang='lat' dir='ltr'>ex</span> <span class='ocrx_word' id='word_1_272' title='bbox 999 1905 1044 1934; x_wconf 92' lang='lat' dir='ltr'>se</span> <span class='ocrx_word' id='word_1_273' title='bbox 1071 1898 1207 1945; x_wconf 89' lang='lat' dir='ltr'>aptos,</span> <span class='ocrx_word' id='word_1_274' title='bbox 1238 1893 1309 1945; x_wconf 88' lang='lat' dir='ltr'>qui</span> <span class='ocrx_word' id='word_1_275' title='bbox 1340 1893 1383 1933; x_wconf 91' lang='lat' dir='ltr'>in</span> <span class='ocrx_word' id='word_1_276' title='bbox 1405 1892 1639 1933; x_wconf 86' lang='lat' dir='ltr'>Ecclesiam</span> <span class='ocrx_word' id='word_1_277' title='bbox 1661 1894 1826 1945; x_wconf 87' lang='lat' dir='ltr'>possint</span> <span class='ocrx_word' id='word_1_278' title='bbox 1847 1892 1923 1933; x_wconf 89' lang='lat' dir='ltr'>ad-</span> 
     </span>
     <span class='ocr_line' id='line_1_28' title="bbox 188 1963 1923 2016; baseline 0.001 -14"><span class='ocrx_word' id='word_1_279' title='bbox 188 1963 307 2010; x_wconf 86' lang='lat' dir='ltr'>mitti,</span> <span class='ocrx_word' id='word_1_280' title='bbox 342 1963 421 2003; x_wconf 92' lang='lat' dir='ltr'>nisi</span> <span class='ocrx_word' id='word_1_281' title='bbox 455 1963 534 2016; x_wconf 88' lang='lat' dir='ltr'>ipsi</span> <span class='ocrx_word' id='word_1_282' title='bbox 568 1976 645 2004; x_wconf 90' lang='lat' dir='ltr'>sua</span> <span class='ocrx_word' id='word_1_283' title='bbox 680 1975 725 2004; x_wconf 90' lang='lat' dir='ltr'>se</span> <span class='ocrx_word' id='word_1_284' title='bbox 760 1964 979 2004; x_wconf 86' lang='lat' dir='ltr'>voluntate</span> <span class='ocrx_word' id='word_1_285' title='bbox 1014 1964 1195 2004; x_wconf 84' lang='lat' dir='ltr'>reddant</span> <span class='ocrx_word' id='word_1_286' title='bbox 1229 1964 1408 2016; x_wconf 82' lang='lat' dir='ltr'>ineptos,</span> <span class='ocrx_word' id='word_1_287' title='bbox 1455 1963 1596 2015; x_wconf 87' lang='lat' dir='ltr'>Quare</span> <span class='ocrx_word' id='word_1_288' title='bbox 1631 1963 1923 2005; x_wconf 87' lang='lat' dir='ltr'>concludimus</span> 
     </span>
     <span class='ocr_line' id='line_1_29' title="bbox 186 2034 1928 2093; baseline 0.001 -19"><span class='ocrx_word' id='word_1_289' title='bbox 186 2034 481 2085; x_wconf 86' lang='lat' dir='ltr'>pulcherrimis</span> <span class='ocrx_word' id='word_1_290' title='bbox 505 2034 644 2075; x_wconf 89' lang='lat' dir='ltr'>verbis</span> <span class='ocrx_word' id='word_1_291' title='bbox 668 2034 961 2093; x_wconf 69' lang='lat' dir='ltr'>Augustini</span> <span class='ocrx_word' id='word_1_292' title='bbox 993 2035 1184 2076; x_wconf 83' lang='lat' dir='ltr'>docentis</span> <span class='ocrx_word' id='word_1_293' title='bbox 1217 2035 1268 2075; x_wconf 93' lang='lat' dir='ltr'>de</span> <span class='ocrx_word' id='word_1_294' title='bbox 1300 2046 1401 2076; x_wconf 87' lang='lat' dir='ltr'>vera</span> <span class='ocrx_word' id='word_1_295' title='bbox 1433 2034 1546 2087; x_wconf 82' lang='lat' dir='ltr'>relig.</span> <span class='ocrx_word' id='word_1_296' title='bbox 1570 2047 1603 2077; x_wconf 86' lang='lat' dir='ltr'>e.</span> <span class='ocrx_word' id='word_1_297' title='bbox 1627 2038 1652 2078; x_wconf 81' lang='lat'>6</span> <span class='ocrx_word' id='word_1_298' title='bbox 1676 2046 1826 2075; x_wconf 91' lang='lat' dir='ltr'>omnes</span> <span class='ocrx_word' id='word_1_299' title='bbox 1847 2034 1928 2076; x_wconf 93' lang='lat' dir='ltr'>ho-</span> 
     </span>
     <span class='ocr_line' id='line_1_30' title="bbox 187 2104 1927 2157; baseline 0 -12"><span class='ocrx_word' id='word_1_300' title='bbox 187 2105 323 2146; x_wconf 89' lang='lat' dir='ltr'>mines</span> <span class='ocrx_word' id='word_1_301' title='bbox 355 2106 444 2146; x_wconf 86' lang='lat' dir='ltr'>sive</span> <span class='ocrx_word' id='word_1_302' title='bbox 475 2105 606 2146; x_wconf 67' lang='lat' dir='ltr'>xelint</span> <span class='ocrx_word' id='word_1_303' title='bbox 636 2106 725 2146; x_wconf 85' lang='lat' dir='ltr'>sive</span> <span class='ocrx_word' id='word_1_304' title='bbox 756 2105 892 2146; x_wconf 90' lang='lat' dir='ltr'>nolint</span> <span class='ocrx_word' id='word_1_305' title='bbox 923 2105 976 2146; x_wconf 91' lang='lat' dir='ltr'>ad</span> <span class='ocrx_word' id='word_1_306' title='bbox 1011 2105 1169 2146; x_wconf 88' lang='lat' dir='ltr'>bonum</span> <span class='ocrx_word' id='word_1_307' title='bbox 1192 2105 1408 2147; x_wconf 85' lang='lat' dir='ltr'>Ecclesiae</span> <span class='ocrx_word' id='word_1_308' title='bbox 1440 2117 1491 2146; x_wconf 84' lang='lat' dir='ltr'>ex</span> <span class='ocrx_word' id='word_1_309' title='bbox 1517 2105 1831 2157; x_wconf 88' lang='lat' dir='ltr'>sapientissima</span> <span class='ocrx_word' id='word_1_310' title='bbox 1852 2104 1927 2146; x_wconf 89' lang='lat' dir='ltr'>Dei</span> 
     </span>
     <span class='ocr_line' id='line_1_31' title="bbox 188 2175 1926 2229; baseline 0 -13"><span class='ocrx_word' id='word_1_311' title='bbox 188 2176 454 2227; x_wconf 85' lang='lat' dir='ltr'>providentia</span> <span class='ocrx_word' id='word_1_312' title='bbox 488 2176 712 2217; x_wconf 84' lang='lat' dir='ltr'>destinari:</span> <span class='ocrx_word' id='word_1_313' title='bbox 755 2175 921 2223; x_wconf 80' lang='lat' dir='ltr'>..Utitur</span> <span class='ocrx_word' id='word_1_314' title='bbox 955 2176 1156 2225; x_wconf 90' lang='lat' dir='ltr'>Ecclesia</span> <span class='ocrx_word' id='word_1_315' title='bbox 1198 2177 1343 2229; x_wconf 87' lang='lat' dir='ltr'>inquit,</span> <span class='ocrx_word' id='word_1_316' title='bbox 1384 2175 1578 2228; x_wconf 85' lang='lat' dir='ltr'>gentibus</span> <span class='ocrx_word' id='word_1_317' title='bbox 1614 2175 1668 2216; x_wconf 88' lang='lat' dir='ltr'>ad</span> <span class='ocrx_word' id='word_1_318' title='bbox 1700 2175 1926 2221; x_wconf 83' lang='lat' dir='ltr'>materiam</span> 
     </span>
     <span class='ocr_line' id='line_1_32' title="bbox 189 2246 1926 2299; baseline -0.001 -11"><span class='ocrx_word' id='word_1_319' title='bbox 189 2248 447 2299; x_wconf 85' lang='lat' dir='ltr'>operationis</span> <span class='ocrx_word' id='word_1_320' title='bbox 471 2259 584 2296; x_wconf 89' lang='lat' dir='ltr'>suae,</span> <span class='ocrx_word' id='word_1_321' title='bbox 607 2247 832 2288; x_wconf 85' lang='lat' dir='ltr'>haereticis</span> <span class='ocrx_word' id='word_1_322' title='bbox 856 2246 910 2288; x_wconf 89' lang='lat' dir='ltr'>ad</span> <span class='ocrx_word' id='word_1_323' title='bbox 932 2246 1230 2299; x_wconf 86' lang='lat' dir='ltr'>probationem</span> <span class='ocrx_word' id='word_1_324' title='bbox 1255 2247 1474 2288; x_wconf 85' lang='lat' dir='ltr'>doctrinae</span> <span class='ocrx_word' id='word_1_325' title='bbox 1497 2259 1614 2295; x_wconf 87' lang='lat' dir='ltr'>suae,</span> <span class='ocrx_word' id='word_1_326' title='bbox 1645 2246 1926 2288; x_wconf 87' lang='lat' dir='ltr'>schismaticis</span> 
     </span>
     <span class='ocr_line' id='line_1_33' title="bbox 189 2317 1927 2371; baseline 0.001 -14"><span class='ocrx_word' id='word_1_327' title='bbox 189 2317 242 2357; x_wconf 91' lang='lat' dir='ltr'>ad</span> <span class='ocrx_word' id='word_1_328' title='bbox 257 2317 560 2360; x_wconf 87' lang='lat' dir='ltr'>documentum</span> <span class='ocrx_word' id='word_1_329' title='bbox 575 2318 816 2359; x_wconf 86' lang='lat' dir='ltr'>stabilitatis</span> <span class='ocrx_word' id='word_1_330' title='bbox 830 2330 947 2368; x_wconf 89' lang='lat' dir='ltr'>suae,</span> <span class='ocrx_word' id='word_1_331' title='bbox 966 2318 1133 2371; x_wconf 85' lang='lat' dir='ltr'>judaeis</span> <span class='ocrx_word' id='word_1_332' title='bbox 1156 2318 1209 2359; x_wconf 94' lang='lat' dir='ltr'>ad</span> <span class='ocrx_word' id='word_1_333' title='bbox 1225 2319 1591 2370; x_wconf 87' lang='lat' dir='ltr'>comparationem</span> <span class='ocrx_word' id='word_1_334' title='bbox 1606 2317 1927 2370; x_wconf 88' lang='lat' dir='ltr'>pulchritudinis</span> 
     </span>
     <span class='ocr_line' id='line_1_34' title="bbox 189 2387 1927 2442; baseline -0.001 -13"><span class='ocrx_word' id='word_1_335' title='bbox 189 2400 303 2429; x_wconf 89' lang='lat' dir='ltr'>suae.</span> <span class='ocrx_word' id='word_1_336' title='bbox 346 2389 463 2430; x_wconf 81' lang='lat' dir='ltr'>Alios</span> <span class='ocrx_word' id='word_1_337' title='bbox 491 2401 590 2442; x_wconf 85' lang='lat' dir='ltr'>ergo</span> <span class='ocrx_word' id='word_1_338' title='bbox 625 2390 785 2438; x_wconf 87' lang='lat' dir='ltr'>invitat,</span> <span class='ocrx_word' id='word_1_339' title='bbox 817 2389 922 2430; x_wconf 91' lang='lat' dir='ltr'>alios</span> <span class='ocrx_word' id='word_1_340' title='bbox 956 2389 1151 2437; x_wconf 78' lang='lat' dir='ltr'>excludit,</span> <span class='ocrx_word' id='word_1_341' title='bbox 1184 2390 1290 2430; x_wconf 91' lang='lat' dir='ltr'>alios</span> <span class='ocrx_word' id='word_1_342' title='bbox 1322 2389 1531 2442; x_wconf 81' lang='lat' dir='ltr'>relinquit,</span> <span class='ocrx_word' id='word_1_343' title='bbox 1563 2388 1670 2430; x_wconf 91' lang='lat' dir='ltr'>alios</span> <span class='ocrx_word' id='word_1_344' title='bbox 1702 2387 1927 2437; x_wconf 80' lang='lat' dir='ltr'>antecedit,</span> 
     </span>
     <span class='ocr_line' id='line_1_35' title="bbox 190 2457 1926 2513; baseline 0 -14"><span class='ocrx_word' id='word_1_345' title='bbox 190 2459 386 2500; x_wconf 86' lang='lat' dir='ltr'>omnibus</span> <span class='ocrx_word' id='word_1_346' title='bbox 418 2465 564 2501; x_wconf 89' lang='lat' dir='ltr'>tamen</span> <span class='ocrx_word' id='word_1_347' title='bbox 595 2461 757 2511; x_wconf 84' lang='lat' dir='ltr'>gratiae</span> <span class='ocrx_word' id='word_1_348' title='bbox 780 2459 856 2501; x_wconf 89' lang='lat' dir='ltr'>Dei</span> <span class='ocrx_word' id='word_1_349' title='bbox 887 2461 1210 2513; x_wconf 85' lang='lat' dir='ltr'>participandae</span> <span class='ocrx_word' id='word_1_350' title='bbox 1242 2460 1315 2501; x_wconf 88' lang='lat' dir='ltr'>dat</span> <span class='ocrx_word' id='word_1_351' title='bbox 1344 2464 1599 2513; x_wconf 88' lang='lat' dir='ltr'>potestatem</span> <span class='ocrx_word' id='word_1_352' title='bbox 1632 2459 1720 2500; x_wconf 88' lang='lat' dir='ltr'>sive</span> <span class='ocrx_word' id='word_1_353' title='bbox 1752 2458 1808 2500; x_wconf 88' lang='lat' dir='ltr'>illi</span> <span class='ocrx_word' id='word_1_354' title='bbox 1840 2457 1926 2500; x_wconf 88' lang='lat' dir='ltr'>for-</span> 
     </span>
     <span class='ocr_line' id='line_1_36' title="bbox 189 2528 1924 2584; baseline 0 -14"><span class='ocrx_word' id='word_1_355' title='bbox 189 2530 333 2570; x_wconf 90' lang='lat' dir='ltr'>mandi</span> <span class='ocrx_word' id='word_1_356' title='bbox 356 2531 439 2571; x_wconf 90' lang='lat' dir='ltr'>sint</span> <span class='ocrx_word' id='word_1_357' title='bbox 461 2531 612 2579; x_wconf 90' lang='lat' dir='ltr'>adhuc,</span> <span class='ocrx_word' id='word_1_358' title='bbox 637 2531 725 2572; x_wconf 86' lang='lat' dir='ltr'>sive</span> <span class='ocrx_word' id='word_1_359' title='bbox 748 2531 1019 2580; x_wconf 84' lang='lat' dir='ltr'>reformandi,</span> <span class='ocrx_word' id='word_1_360' title='bbox 1043 2532 1131 2572; x_wconf 86' lang='lat' dir='ltr'>sive</span> <span class='ocrx_word' id='word_1_361' title='bbox 1154 2531 1425 2584; x_wconf 83' lang='lat' dir='ltr'>recolligendi</span> <span class='ocrx_word' id='word_1_362' title='bbox 1439 2531 1527 2572; x_wconf 87' lang='lat' dir='ltr'>sive</span> <span class='ocrx_word' id='word_1_363' title='bbox 1543 2529 1826 2571; x_wconf 86' lang='lat' dir='ltr'>admittendi.“</span> <span class='ocrx_word' id='word_1_364' title='bbox 1866 2528 1924 2570; x_wconf 83' lang='lat' dir='ltr'>Cf.</span> 
     </span>
     <span class='ocr_line' id='line_1_37' title="bbox 189 2600 833 2655; baseline 0.002 -14"><span class='ocrx_word' id='word_1_365' title='bbox 189 2613 220 2641; x_wconf 91' lang='grc'>5.</span> <span class='ocrx_word' id='word_1_366' title='bbox 243 2600 480 2642; x_wconf 91' lang='lat' dir='ltr'>Thomas</span> <span class='ocrx_word' id='word_1_367' title='bbox 503 2605 540 2646; x_wconf 81' lang='lat'>3.</span> <span class='ocrx_word' id='word_1_368' title='bbox 563 2615 600 2654; x_wconf 91' lang='lat' dir='ltr'>p.</span> <span class='ocrx_word' id='word_1_369' title='bbox 625 2615 662 2655; x_wconf 90' lang='lat' dir='ltr'>q.</span> <span class='ocrx_word' id='word_1_370' title='bbox 687 2605 711 2646; x_wconf 80' lang='lat'>8</span> <span class='ocrx_word' id='word_1_371' title='bbox 735 2614 771 2644; x_wconf 89' lang='lat' dir='ltr'>a.</span> <span class='ocrx_word' id='word_1_372' title='bbox 795 2605 833 2646; x_wconf 81' lang='lat'>3.</span> 
     </span>
    </p>
   </div>
   <div class='ocr_carea' id='block_1_8' title="bbox 190 2696 1926 3104">
    <p class='ocr_par' dir='ltr' id='par_1_9' title="bbox 190 2696 1926 3104">
     <span class='ocr_line' id='line_1_38' title="bbox 312 2696 1926 2751; baseline -0.003 -13"><span class='ocrx_word' id='word_1_373' title='bbox 312 2705 406 2739; x_wconf 74' lang='lat'>226.</span> <span class='ocrx_word' id='word_1_374' title='bbox 444 2696 725 2740; x_wconf 78' lang='lat' dir='ltr'>Corollaria.</span> <span class='ocrx_word' id='word_1_375' title='bbox 753 2700 871 2751; x_wconf 79' lang='lat' dir='ltr'>,Hinc</span> <span class='ocrx_word' id='word_1_376' title='bbox 893 2700 1116 2749; x_wconf 84' lang='lat' dir='ltr'>colligimus</span> <span class='ocrx_word' id='word_1_377' title='bbox 1141 2697 1182 2739; x_wconf 93' lang='grc'>1.</span> <span class='ocrx_word' id='word_1_378' title='bbox 1210 2701 1278 2748; x_wconf 83' lang='lat' dir='ltr'>jus</span> <span class='ocrx_word' id='word_1_379' title='bbox 1310 2700 1515 2745; x_wconf 84' lang='lat' dir='ltr'>Ecclesiae,</span> <span class='ocrx_word' id='word_1_380' title='bbox 1548 2701 1594 2736; x_wconf 89' lang='lat' dir='ltr'>ut</span> <span class='ocrx_word' id='word_1_381' title='bbox 1624 2697 1773 2746; x_wconf 89' lang='lat' dir='ltr'>ubique</span> <span class='ocrx_word' id='word_1_382' title='bbox 1804 2697 1857 2734; x_wconf 86' lang='lat' dir='ltr'>sit</span> <span class='ocrx_word' id='word_1_383' title='bbox 1887 2698 1926 2733; x_wconf 89' lang='lat' dir='ltr'>et</span> 
     </span>
     <span class='ocr_line' id='line_1_39' title="bbox 190 2758 1925 2808; baseline -0.002 -12"><span class='ocrx_word' id='word_1_384' title='bbox 190 2769 272 2796; x_wconf 84' lang='lat' dir='ltr'>esse</span> <span class='ocrx_word' id='word_1_385' title='bbox 294 2758 428 2806; x_wconf 84' lang='lat' dir='ltr'>possit.</span> <span class='ocrx_word' id='word_1_386' title='bbox 472 2758 582 2802; x_wconf 83' lang='lat' dir='ltr'>Quod</span> <span class='ocrx_word' id='word_1_387' title='bbox 604 2759 723 2795; x_wconf 86' lang='lat' dir='ltr'>etiam</span> <span class='ocrx_word' id='word_1_388' title='bbox 746 2759 926 2806; x_wconf 86' lang='lat' dir='ltr'>sequitur</span> <span class='ocrx_word' id='word_1_389' title='bbox 948 2772 993 2796; x_wconf 81' lang='lat' dir='ltr'>ex</span> <span class='ocrx_word' id='word_1_390' title='bbox 1015 2759 1287 2808; x_wconf 84' lang='lat' dir='ltr'>praerogativa</span> <span class='ocrx_word' id='word_1_391' title='bbox 1309 2759 1464 2804; x_wconf 83' lang='lat' dir='ltr'>Christi,</span> <span class='ocrx_word' id='word_1_392' title='bbox 1497 2770 1574 2806; x_wconf 86' lang='lat' dir='ltr'>qua</span> <span class='ocrx_word' id='word_1_393' title='bbox 1606 2760 1666 2795; x_wconf 81' lang='lat' dir='ltr'>est</span> <span class='ocrx_word' id='word_1_394' title='bbox 1687 2769 1753 2794; x_wconf 82' lang='lat' dir='ltr'>rex</span> <span class='ocrx_word' id='word_1_395' title='bbox 1775 2768 1925 2805; x_wconf 85' lang='lat' dir='ltr'>regum,</span> 
     </span>
     <span class='ocr_line' id='line_1_40' title="bbox 190 2815 1925 2866; baseline -0.001 -13"><span class='ocrx_word' id='word_1_396' title='bbox 190 2816 254 2854; x_wconf 87' lang='lat' dir='ltr'>cui</span> <span class='ocrx_word' id='word_1_397' title='bbox 287 2817 376 2853; x_wconf 84' lang='lat' dir='ltr'>data</span> <span class='ocrx_word' id='word_1_398' title='bbox 409 2819 467 2854; x_wconf 83' lang='lat' dir='ltr'>est</span> <span class='ocrx_word' id='word_1_399' title='bbox 489 2818 614 2855; x_wconf 87' lang='lat' dir='ltr'>omnis</span> <span class='ocrx_word' id='word_1_400' title='bbox 635 2819 811 2866; x_wconf 86' lang='lat' dir='ltr'>potestas</span> <span class='ocrx_word' id='word_1_401' title='bbox 834 2819 875 2855; x_wconf 86' lang='lat' dir='ltr'>in</span> <span class='ocrx_word' id='word_1_402' title='bbox 898 2819 1005 2855; x_wconf 89' lang='lat' dir='ltr'>coelo</span> <span class='ocrx_word' id='word_1_403' title='bbox 1040 2821 1079 2855; x_wconf 91' lang='lat' dir='ltr'>et</span> <span class='ocrx_word' id='word_1_404' title='bbox 1111 2819 1154 2854; x_wconf 90' lang='lat' dir='ltr'>in</span> <span class='ocrx_word' id='word_1_405' title='bbox 1175 2820 1291 2855; x_wconf 86' lang='lat' dir='ltr'>terra.</span> <span class='ocrx_word' id='word_1_406' title='bbox 1336 2818 1429 2855; x_wconf 88' lang='lat' dir='ltr'>Cum</span> <span class='ocrx_word' id='word_1_407' title='bbox 1454 2829 1545 2866; x_wconf 82' lang='lat' dir='ltr'>ergo</span> <span class='ocrx_word' id='word_1_408' title='bbox 1568 2816 1744 2853; x_wconf 86' lang='lat' dir='ltr'>Christus</span> <span class='ocrx_word' id='word_1_409' title='bbox 1778 2815 1925 2862; x_wconf 90' lang='lat' dir='ltr'>ubique</span> 
     </span>
     <span class='ocr_line' id='line_1_41' title="bbox 190 2873 1926 2926; baseline -0.002 -13"><span class='ocrx_word' id='word_1_410' title='bbox 190 2876 336 2921; x_wconf 84' lang='lat' dir='ltr'>docere,</span> <span class='ocrx_word' id='word_1_411' title='bbox 361 2877 601 2913; x_wconf 79' lang='lat' dir='ltr'>sanctificare</span> <span class='ocrx_word' id='word_1_412' title='bbox 623 2881 662 2914; x_wconf 87' lang='lat' dir='ltr'>et</span> <span class='ocrx_word' id='word_1_413' title='bbox 685 2877 837 2914; x_wconf 84' lang='lat' dir='ltr'>salvare</span> <span class='ocrx_word' id='word_1_414' title='bbox 858 2877 986 2926; x_wconf 81' lang='lat' dir='ltr'>possit</span> <span class='ocrx_word' id='word_1_415' title='bbox 1007 2877 1193 2922; x_wconf 87' lang='lat' dir='ltr'>homines,</span> <span class='ocrx_word' id='word_1_416' title='bbox 1216 2877 1335 2925; x_wconf 90' lang='lat' dir='ltr'>idque</span> <span class='ocrx_word' id='word_1_417' title='bbox 1356 2876 1471 2914; x_wconf 92' lang='lat' dir='ltr'>modo</span> <span class='ocrx_word' id='word_1_418' title='bbox 1503 2878 1686 2924; x_wconf 82' lang='lat' dir='ltr'>operetur</span> <span class='ocrx_word' id='word_1_419' title='bbox 1705 2887 1776 2924; x_wconf 86' lang='lat' dir='ltr'>per</span> <span class='ocrx_word' id='word_1_420' title='bbox 1795 2873 1926 2911; x_wconf 85' lang='lat' dir='ltr'>Eccle-</span> 
     </span>
     <span class='ocr_line' id='line_1_42' title="bbox 190 2932 1924 2985; baseline -0.002 -13"><span class='ocrx_word' id='word_1_421' title='bbox 190 2935 297 2980; x_wconf 86' lang='lat' dir='ltr'>siam,</span> <span class='ocrx_word' id='word_1_422' title='bbox 331 2947 429 2983; x_wconf 87' lang='lat' dir='ltr'>quae</span> <span class='ocrx_word' id='word_1_423' title='bbox 450 2947 630 2984; x_wconf 78' lang='lat' dir='ltr'>regnum,</span> <span class='ocrx_word' id='word_1_424' title='bbox 663 2936 740 2972; x_wconf 87' lang='lat' dir='ltr'>imo</span> <span class='ocrx_word' id='word_1_425' title='bbox 763 2948 902 2984; x_wconf 87' lang='lat' dir='ltr'>corpus</span> <span class='ocrx_word' id='word_1_426' title='bbox 924 2937 1009 2984; x_wconf 84' lang='lat' dir='ltr'>ejus</span> <span class='ocrx_word' id='word_1_427' title='bbox 1032 2939 1093 2973; x_wconf 86' lang='lat' dir='ltr'>est</span> <span class='ocrx_word' id='word_1_428' title='bbox 1123 2936 1348 2985; x_wconf 82' lang='lat' dir='ltr'>mysticum;</span> <span class='ocrx_word' id='word_1_429' title='bbox 1383 2935 1475 2972; x_wconf 88' lang='lat' dir='ltr'>huic</span> <span class='ocrx_word' id='word_1_430' title='bbox 1499 2935 1568 2983; x_wconf 80' lang='lat' dir='ltr'>jus</span> <span class='ocrx_word' id='word_1_431' title='bbox 1600 2936 1659 2971; x_wconf 87' lang='lat' dir='ltr'>est</span> <span class='ocrx_word' id='word_1_432' title='bbox 1684 2932 1924 2977; x_wconf 85' lang='lat' dir='ltr'>inviolabile,</span> 
     </span>
     <span class='ocr_line' id='line_1_43' title="bbox 190 2992 1924 3044; baseline -0.002 -13"><span class='ocrx_word' id='word_1_433' title='bbox 190 2996 237 3032; x_wconf 82' lang='lat' dir='ltr'>ut</span> <span class='ocrx_word' id='word_1_434' title='bbox 259 2995 312 3032; x_wconf 86' lang='lat' dir='ltr'>sit</span> <span class='ocrx_word' id='word_1_435' title='bbox 333 2996 373 3031; x_wconf 87' lang='lat' dir='ltr'>et</span> <span class='ocrx_word' id='word_1_436' title='bbox 395 3006 476 3031; x_wconf 88' lang='lat' dir='ltr'>esse</span> <span class='ocrx_word' id='word_1_437' title='bbox 499 2994 622 3042; x_wconf 85' lang='lat' dir='ltr'>possit</span> <span class='ocrx_word' id='word_1_438' title='bbox 643 2994 803 3043; x_wconf 87' lang='lat' dir='ltr'>ubique.</span> <span class='ocrx_word' id='word_1_439' title='bbox 846 2995 927 3033; x_wconf 87' lang='lat' dir='ltr'>Hoc</span> <span class='ocrx_word' id='word_1_440' title='bbox 959 2995 1137 3032; x_wconf 86' lang='lat' dir='ltr'>Christus</span> <span class='ocrx_word' id='word_1_441' title='bbox 1168 2994 1407 3044; x_wconf 86' lang='lat' dir='ltr'>significavit</span> <span class='ocrx_word' id='word_1_442' title='bbox 1437 2994 1609 3031; x_wconf 88' lang='lat' dir='ltr'>inferens</span> <span class='ocrx_word' id='word_1_443' title='bbox 1642 3006 1686 3030; x_wconf 88' lang='lat' dir='ltr'>ex</span> <span class='ocrx_word' id='word_1_444' title='bbox 1718 3005 1788 3030; x_wconf 82' lang='lat' dir='ltr'>sua</span> <span class='ocrx_word' id='word_1_445' title='bbox 1816 2992 1924 3040; x_wconf 85' lang='lat' dir='ltr'>pote-</span> 
     </span>
     <span class='ocr_line' id='line_1_44' title="bbox 191 3053 1501 3104; baseline 0 -13"><span class='ocrx_word' id='word_1_446' title='bbox 191 3053 306 3091; x_wconf 82' lang='lat' dir='ltr'>statis</span> <span class='ocrx_word' id='word_1_447' title='bbox 328 3053 599 3102; x_wconf 86' lang='lat' dir='ltr'>plenitudine:</span> <span class='ocrx_word' id='word_1_448' title='bbox 624 3053 758 3090; x_wconf 81' lang='lat' dir='ltr'>Docete</span> <span class='ocrx_word' id='word_1_449' title='bbox 780 3067 865 3104; x_wconf 67' lang='lat' dir='ltr'>erqo</span> <span class='ocrx_word' id='word_1_450' title='bbox 887 3066 1014 3091; x_wconf 77' lang='lat' dir='ltr'>omnes</span> <span class='ocrx_word' id='word_1_451' title='bbox 1033 3059 1157 3103; x_wconf 75' lang='lat' dir='ltr'>yenles</span> <span class='ocrx_word' id='word_1_452' title='bbox 1179 3053 1317 3090; x_wconf 78' lang='lat' dir='ltr'>Matth.</span> <span class='ocrx_word' id='word_1_453' title='bbox 1344 3059 1408 3099; x_wconf 66' lang='lat'>28,</span> <span class='ocrx_word' id='word_1_454' title='bbox 1439 3060 1501 3093; x_wconf 86' lang='lat'>19.</span> 
     </span>
    </p>
   </div>
  </div>
 </body>
</html>
