2175 3382
217 138 300 177 352
438 132 558 165 'Prin-t.
580 131 638 167 lll,
658 131 701 164 de
719 132 894 175 primatu.
913 130 1042 164 'rhesis
1062 129 1218 163 LXVIII.
1240 130 1423 163 Primatus
1443 140 1532 164 rom.
1551 129 1735 173 pontificis

215 251 520 292 catholicorum
547 262 645 302 erga
669 262 872 291 romanos
895 250 1131 302 episcopos.
1164 249 1299 301 qualis
1322 249 1505 289 maxime
1529 253 1676 289 nostra
1699 252 1840 289 aetate
1862 247 1952 289 elu-

214 326 281 362 cet
302 333 433 374 seque
456 321 595 374 prodit
617 320 771 362 collato
795 320 921 361 obolo
945 334 975 362 s,
1000 319 1123 367 Petri,
1157 319 1292 359 auctis
1314 317 1726 371 peregrinationibus
1749 317 1803 359 ad
1825 318 1951 360 obse-

213 393 356 445 quium
382 392 668 434 exhibendum
691 391 845 433 Christi
869 391 1040 438 vicario,
1064 391 1228 430 fervore
1252 390 1293 430 in
1317 389 1633 442 propugnandis
1651 388 1818 441 juribus
1839 388 1951 430 sedis

213 463 488 516 apostolicae,
511 464 617 504 mira
632 464 930 515 episcoporum
946 461 1263 512 conspiratione
1287 472 1384 500 cum
1407 471 1588 500 romano
1610 458 1822 511 pontifice.
1846 472 1953 513 qua-

213 534 262 574 lis
285 538 412 575 antea
433 546 650 587 nunquam
675 534 749 574 fuit
771 534 874 573 visa.

331 605 375 647 S.
407 604 666 646 Recolantur
696 603 961 654 triumphi
993 602 1044 642 de
1077 600 1271 642 hostibus
1303 602 1441 641 omnis
1464 601 1630 652 generis
1662 600 1717 641 ab
1749 613 1800 642 eo
1832 600 1952 642 relati

212 679 340 727 atque
362 675 626 716 incrementa
651 675 888 726 omnigena,
911 685 1022 726 quae
1045 672 1282 713 institutum
1306 673 1340 712 si
1363 683 1564 725 unquam,
1587 677 1736 713 nostra
1757 683 1953 725 praeser-

212 746 287 786 tim
310 750 463 794 aetate,
496 745 669 786 mirifice
692 744 930 787 fecundum,
962 745 1049 783 vita
1080 743 1251 795 plenum
1275 748 1316 784 et
1339 755 1556 796 nunquam
1581 755 1810 785 senescens
1831 747 1952 796 pate-

213 815 382 858 faciunt.
425 815 536 857 Vere
559 820 752 868 repetere
774 815 873 855 licet
894 814 986 854 filiis
1007 813 1222 854 Ecclesiae
1245 818 1419 855 nostrae
1442 815 1615 855 aetatis:
1665 813 1793 855 Vestri
1815 817 1952 854 autem

215 887 320 928 beati
342 888 463 939 oculi,
485 888 583 942 quia
608 887 758 939 rident,
791 890 826 925 et
853 899 976 926 aures
999 889 1155 926 restrae
1177 885 1274 939 quia
1299 885 1491 925 audiunt.
1535 887 1667 925 Amen
1691 889 1840 939 quippe
1860 884 1950 924 dico

216 957 337 1003 rob-is,
368 959 466 1012 quia
501 958 618 998 multi
632 956 861 1011 prophetae
892 962 927 997 et
957 957 1058 1005 justi
1081 957 1300 1010 cupierunt
1321 957 1470 1008 videre,
1493 969 1596 1010 quae
1627 956 1770 1006 videtis
1802 960 1837 995 et
1867 967 1950 995 non

211 1029 402 1069 viderunt
425 1034 504 1069 etc.
527 1028 671 1069 Matth.
698 1030 762 1075 13,
790 1030 843 1071 16
865 1040 896 1068 s.

334 1121 428 1156 338.
451 1115 564 1153 Ratio
585 1115 780 1162 primatus
803 1110 853 1154 R.
877 1114 919 1150 P.
957 1125 1029 1150 non
1063 1118 1151 1149 sunt
1184 1125 1324 1149 causae
1355 1113 1560 1149 naturales.
1587 1134 1641 1139 —
1663 1111 1797 1160 quue
1826 1111 1951 1161 magis

212 1174 491 1212 recurrendum
524 1177 584 1210 est
606 1186 674 1222 pro
697 1173 923 1222 explicando
958 1172 1132 1221 primatu
1162 1172 1326 1223 romani
1347 1171 1542 1220 pontificis
1573 1171 1622 1208 ad
1653 1170 1860 1219 specialem
1884 1170 1953 1208 Dei

212 1234 492 1272 interventum.
516 1232 620 1281 quod
642 1233 815 1270 rationes
837 1244 970 1269 omnes
991 1231 1234 1268 naturale
1249 1243 1276 1270 s.
1311 1243 1406 1279 quas
1440 1230 1653 1267 adversarii
1675 1230 1868 1279 primatus
1888 1241 1953 1266 ex-

212 1293 437 1342 cogitarunt
456 1291 498 1343 1),
522 1294 632 1329 tanto
654 1292 921 1340 phaenomeno
943 1289 1174 1339 explicando
1195 1302 1273 1327 non
1296 1292 1389 1327 sunt
1410 1302 1531 1339 pares.
1575 1289 1712 1327 Solent
1733 1288 1835 1326 enim

333 1349 373 1392 1.
396 1351 610 1401 primatum
633 1351 745 1388 illum
770 1350 859 1387 hinc
881 1350 1039 1398 quidem
1062 1349 1239 1386 tribuere
1263 1349 1434 1397 ipsorum
1456 1348 1688 1397 pontificum
1710 1347 1882 1385 astutiae
1895 1351 1953 1384 at-

213 1424 289 1460 que
312 1411 504 1453 solertiae.
540 1410 630 1447 inde
651 1421 743 1447 vero
765 1409 1011 1459 ignorantiae
1033 1411 1073 1446 et
1094 1407 1289 1446 barbariei
1311 1408 1429 1445 medii
1462 1408 1543 1445 aevi
1569 1411 1640 1445 etc.
1684 1407 1831 1444 Verum
1862 1406 1955 1444 haec

212 1470 416 1519 explicatio
438 1471 593 1519 pugnat
613 1479 656 1509 a..
681 1481 769 1506 cum
801 1471 894 1506 noto
918 1468 1137 1505 charactere
1160 1468 1439 1516 plerorumque
1470 1466 1714 1515 pontificum,
1747 1465 1818 1514 qui
1850 1465 1955 1503 vitae

213 1530 418 1567 sanctitate
449 1529 725 1577 virtutumque
757 1527 961 1576 splendore
994 1527 1274 1564 excelluerunt.
1317 1527 1474 1576 Pugnat
1504 1523 1549 1566 b.
1583 1537 1671 1563 cum
1702 1525 1816 1569 facto,
1849 1523 1954 1573 quod

212 1588 405 1638 primatus
427 1591 513 1625 tum
536 1588 702 1624 maxime
724 1587 959 1635 splenderet,
984 1597 1073 1623 cum
1096 1586 1253 1623 floreret
1274 1585 1471 1635 theologia
1500 1584 1711 1622 christiana
1727 1583 1768 1634 2).
1811 1584 1953 1622 Osten-

211 1648 357 1685 dantur
379 1657 419 1688 c.
442 1648 513 1684 hae
536 1649 639 1684 artes
662 1649 702 1684 et
723 1646 892 1691 fraudes,
927 1645 1072 1690 quibus
1104 1645 1254 1682 romani
1286 1644 1456 1693 episcopi
1488 1656 1604 1681 suum
1637 1643 1781 1681 debent
1807 1642 1954 1692 prima—

211 1710 309 1745 tum.
352 1706 566 1755 Nunquam
589 1718 653 1743 eas
675 1707 864 1755 poterunt
885 1705 1084 1754 assignare
1107 1704 1332 1748 adversarii,
1359 1704 1456 1752 quin
1478 1704 1682 1740 recurrant
1695 1702 1744 1739 ad
1757 1701 1956 1740 mendacia

212 1769 251 1804 et
273 1766 498 1806 calumnias,
542 1765 650 1802 Unde
672 1777 764 1802 vero
788 1762 834 1804 d.
859 1764 1005 1801 factum
1028 1766 1096 1809 est,
1131 1763 1235 1811 quod
1258 1763 1401 1800 solus
1431 1774 1617 1799 romanus
1649 1761 1852 1810 episcopus
1882 1772 1956 1798 con

214 1825 346 1863 silium
371 1825 520 1874 ceperit
544 1824 742 1862 asserendi
767 1824 841 1861 sibi
864 1823 1077 1872 primatum
1100 1822 1142 1859 in
1173 1823 1471 1859 universam
1492 1821 1717 1865 Ecclesiam,
1741 1820 1954 1869 nullosque

212 1884 394 1922 habuerit
415 1885 602 1928 aemulos,
638 1883 672 1920 si
694 1883 842 1920 astutia
864 1885 903 1919 et
926 1883 1032 1919 fraus
1055 1882 1148 1919 adeo
1171 1884 1394 1930 opportuna
1414 1880 1543 1918 media
1564 1883 1676 1917 erant
1705 1879 1820 1917 illum
1852 1890 1954 1917 asse-

213 1943 386 1993 quendi?
409 1943 535 1988 Quare
558 1952 599 1983 e.
622 1943 713 1979 huic
734 1943 804 1979 uni
826 1954 896 1990 pro
919 1942 1022 1978 votis
1045 1942 1176 1978 omnia
1197 1943 1473 1978 successerunt
1493 1942 1574 1976 tam
1590 1939 1692 1976 felici
1707 1939 1827 1983 exitu,
1850 1937 1956 1987 quod

211 2002 512 2051 usurpatoribus
535 2014 586 2039 co
599 2015 625 2038 n
641 2013 657 2038 s
671 2001 810 2038 tanti
833 2001 973 2038 saltem
995 2000 1155 2038 fortuna
1168 2000 1393 2049 contingere
1409 2010 1488 2036 non
1510 1999 1637 2036 solet?
1661 1997 1790 2042 Quare
1810 1994 1848 2038 f.
1871 1996 1954 2046 epi-

213 2074 352 2110 scopus
375 2060 839 2109 constantinopolitanus,
873 2060 942 2108 qui
963 2072 1043 2097 non
1064 2059 1107 2096 in
1127 2059 1354 2096 universam
1378 2058 1604 2102 Ecclesiam,
1638 2057 1705 2094 sed
1736 2061 1892 2094 tantum
1913 2055 1954 2093 in

214 2120 371 2158 Oriente
392 2120 659 2169 principatum
680 2119 893 2156 meditatus
915 2121 984 2163 est,
1019 2118 1095 2156 etsi
1127 2118 1408 2166 imperatorum
1425 2116 1641 2166 juvabatur
1660 2115 1839 2165 potentia
1870 2114 1952 2152 suf-

211 2179 415 2229 fragioque
435 2180 699 2228 plurimorum
721 2178 946 2215 antistitum
969 2177 1200 2222 aulicorum,
1232 2177 1348 2213 illum
1373 2176 1420 2213 ad
1443 2179 1599 2223 tempus
1631 2177 1789 2212 tantum
1819 2185 1954 2212 conse-

214 2242 329 2276 cutus
353 2241 413 2276 est
433 2239 635 2276 redactum
659 2250 763 2275 nunc
786 2237 832 2274 ad
855 2237 1050 2286 primatus
1073 2236 1253 2273 umbram
1270 2233 1333 2287 3)?

332 2321 431 2357 Neve
451 2318 495 2360 2.
519 2320 764 2358 adscribatur
779 2321 977 2368 primatus
997 2319 1153 2356 romani
1166 2319 1351 2355 antistitis
1372 2318 1568 2366 splendori
1581 2316 1691 2354 urbis
1701 2330 1720 2363 ,·
1740 2319 1837 2353 tunc
1849 2315 1955 2353 enim

213 2380 379 2416 maxime
401 2380 592 2428 primatus
614 2379 774 2423 effulsit,
809 2390 898 2415 cum
921 2378 1034 2415 urbis
1057 2377 1243 2426 splendor
1274 2376 1473 2414 obscurari
1505 2375 1644 2424 coepit,
1677 2374 1835 2424 imperii
1864 2373 1955 2412 sede

213 2438 592 2487 Constantinopolim
613 2438 816 2483 translata,
851 2449 1019 2486 cumque
1041 2436 1196 2484 saepius
1228 2449 1249 2473 a
1279 2435 1457 2473 barbaris
1480 2438 1604 2484 capta,
1638 2434 1806 2484 spoliata
1835 2436 1954 2482 atque

213 2500 364 2534 vastata
384 2497 472 2534 fuit.
514 2498 596 2534 Imo
617 2497 751 2546 potius
775 2497 988 2534 dicendum
1008 2502 1070 2533 est
1091 2508 1135 2533 ex
1158 2495 1334 2544 primatu
1369 2507 1516 2532 novum
1538 2494 1804 2542 majoremque
1824 2492 1955 2541 splen-

215 2623 447 2663 dissentiant,
468 2624 508 2657 in
526 2625 593 2658 hoc
612 2626 737 2658 tamen
757 2634 880 2658 omnes
899 2623 1136 2657 conveniunt.
1162 2624 1207 2656 ut
1231 2622 1321 2656 totis
1347 2621 1488 2655 viribus
1507 2629 1724 2663 summaque
1741 2617 1857 2652 animi
1874 2626 1955 2651 con-

213 2677 381 2711 tentione
399 2687 488 2711 rom.
507 2676 692 2721 pontificis
712 2677 837 2711 sedem
856 2678 1084 2722 oppugnent.
1118 2674 1224 2709 Nulli
1242 2676 1393 2709 fuerunt
1409 2684 1574 2718 unquam
1602 2673 1725 2707 hostes
1748 2670 1884 2706 Christi
1903 2674 1955 2704 at·

215 2742 286 2776 que
304 2731 497 2767 Ecclesiae.
515 2730 579 2774 qui
597 2731 706 2765 simul
725 2741 806 2765 cum
824 2732 893 2765 hac
911 2730 996 2765 sede
1013 2730 1153 2764 bellum
1171 2739 1245 2763 non
1263 2729 1473 2773 gessenna<

363 2786 387 2830 ¹)
410 2784 463 2821 Cf.
482 2785 712 2827 quorundam
733 2785 925 2828 opiniones
943 2787 980 2817 et
997 2784 1175 2828 figmenta
1191 2783 1230 2817 in
1249 2780 1427 2816 Katholik
1450 2781 1550 2818 1887.
1571 2783 1602 2821 1,
1619 2784 1665 2816 40
1682 2791 1730 2815 ss.

360 2841 386 2879 2)
405 2836 456 2872 Cf.
470 2847 562 2882 opus
572 2837 717 2881 insigne
727 2837 945 2882 inscriptum
957 2837 1065 2871 Petra
1078 2837 1239 2870 Romana
1253 2835 1425 2875 (auctoris
1435 2833 1679 2879 pseudonymi
1690 2832 1730 2867 P.
1743 2832 1780 2866 P.
1791 2832 1857 2865 Ru
1869 2831 1956 2870 dis,

215 2893 316 2927 recte
335 2891 400 2925 An
413 2891 486 2925 dri
499 2901 518 2925 e
531 2895 558 2932 s)
576 2901 611 2934 p.
632 2894 664 2924 2.
683 2890 850 2934 diagnos.
870 2892 901 2924 6.
920 2902 956 2924 n.
974 2895 1007 2930 4,
1025 2890 1090 2925 ubi
1108 2889 1328 2930 ostenditur,
1342 2888 1387 2922 iis
1397 2888 1618 2932 praesert=m
1631 2886 1718 2920 locis
1734 2887 1770 2919 et
1779 2883 1953 2929 tempori-

213 2946 283 2979 bus
301 2944 467 2979 floruisse
483 2942 712 2987 theologiam
729 2942 961 2982 catholicam,
988 2944 1027 2977 in
1056 2942 1192 2987 quibus
1210 2941 1368 2976 maxime
1395 2950 1539 2984 quoque
1557 2937 1746 2983 splenduit
1761 2937 1956 2982 primatus,

215 2998 254 3031 et
270 2996 431 3031 vicissim
449 2995 668 3040 praecipuos
694 2994 887 3039 theologos
915 3005 983 3029 sec.
1004 2995 1065 3029 IV.
1085 2995 1127 3028 V.
1147 2994 1224 3028 ΧΠ.
1242 2992 1341 3030 xm,
1361 2992 1456 3026 XVI.
1477 2996 1514 3025 et
1532 2991 1658 3033 XVH„
1677 2999 1772 3034 quae
1790 2988 1954 3024 eminent

214 3051 255 3084 in
271 3049 429 3084 historia
446 3047 621 3083 scientiae
637 3047 881 3091 theologicae,
898 3047 1062 3092 insignes
1080 3057 1228 3091 quoque
1247 3045 1358 3080 fuisse
1375 3047 1574 3079 assertores
1591 3044 1788 3088 primatus.

358 3106 385 3139 ⁸)
403 3102 455 3137 Cf.
473 3101 505 3136 D
517 3100 607 3136 &lli
619 3111 736 3146 nger
754 3100 887 3134 Kirche
904 3101 979 3134 und
997 3101 1160 3134 Kirchen
1176 3111 1212 3144 p.
1234 3101 1299 3134 156
1318 3110 1363 3132 ss.
