2175 3382
966 106 1086 140 index.
1803 114 1890 155 545

1799 226 1885 271 Pag.

647 281 871 315 Traditionis
890 282 992 315 notio
1012 281 1156 325 plenior
1267 311 1272 316 .
1373 310 1379 315 .
1479 310 1486 316 .
1586 310 1592 316 .
1692 311 1698 317 .
1822 286 1889 320 139

649 340 859 374 Catholicae
874 340 1085 374 intellectus
1097 350 1224 374 norma
1238 342 1556 385 interpretationis
1569 356 1593 375 s.
1607 343 1698 378 Scri-

695 400 827 444 pturae
949 427 955 433 .
1056 426 1064 434 .
1162 427 1169 434 .
1269 428 1276 434 .
1375 432 1381 438 .
1481 430 1488 435 .
1587 430 1594 437 .
1692 428 1700 435 .
1823 405 1890 435 140

920 470 1056 524 Caput
1078 471 1119 512 ΙΙ.

270 542 327 577 De
345 542 502 587 mediis,
521 542 665 585 quibus
683 542 816 577 divina
834 544 873 577 tr
875 543 1000 577 aditio
1018 543 1059 577 tr
1061 544 1314 577 ·uisniittit11r
1333 547 1372 578 et
1392 546 1478 578 tulo
1498 545 1767 586 cognoscitur.

389 600 513 634 Media
531 599 806 644 cognoscendae
823 600 1036 635 traditionis
1054 627 1064 636 .
1162 629 1170 636 .
1269 628 1275 634 .
1481 629 1487 635 .
1587 628 1593 634 .
1693 630 1700 636 .
1824 605 1890 635 142

151 659 278 694 Thesis
296 663 342 694 24
370 658 563 693 Unanimis
580 660 730 703 patrum
748 669 944 692 consensus
963 661 1018 693 est
1036 660 1297 704 aigumentum
1314 660 1589 693 traditioni.
1688 685 1695 692 .
1823 663 1886 693 144

152 718 280 752 Thesis
297 721 353 752 25.
372 718 523 751 Patrum
542 717 827 752 occidentalium
847 728 998 752 consens
994 730 1043 752 us
1062 718 1215 753 eandem
1233 719 1347 753 habet
1367 720 1440 753 vim
1479 747 1485 752 .
1584 746 1591 752 .
1690 746 1696 751 .
1822 721 1887 752 147

151 777 281 811 Thesis
298 780 353 813 26.
372 777 590 811 Pauciorum
609 777 758 821 patrum
776 788 971 810 consensus
989 779 1210 821 quandoque
1227 778 1323 812 idem
1342 779 1506 821 praestat
1583 804 1589 810 .
1688 804 1695 811 .
1819 780 1887 812 148

365 836 387 870 S
399 836 574 870 cholia.
593 835 754 880 Regulae
772 835 816 869 de
834 838 981 880 patrum
1000 837 1221 870 auctoritate
1263 862 1270 869 .
1370 867 1376 872 .
1477 863 1484 871 .
1583 864 1589 871 .
1691 867 1696 873 .
1823 840 1887 871 150

151 895 280 931 Thesis
297 898 354 931 27.
372 896 578 931 Consensus
589 895 752 941 theolog.
765 896 971 930 scholarum
984 900 1039 931 est
1049 888 1308 942 argumentum
1321 897 1465 930 divinae
1478 897 1688 931 traditionis
1812 900 1877 931 153

364 956 387 990 S
399 967 417 990 c
427 956 451 990 h
462 955 561 990 olio
573 969 608 990 n.
626 955 680 990 De
699 956 923 990 auctoritate
941 956 975 990 S.
995 957 1158 991 Thomae
1267 984 1274 991 .
1372 982 1380 990 .
1480 985 1485 991 .
1585 984 1593 990 .
1693 984 1699 990 .
1824 961 1889 992 155

149 1015 277 1050 Thesis
295 1019 350 1051 28.
368 1016 573 1050 Consensus
590 1016 718 1060 populi
738 1017 930 1050 christiani
949 1019 1005 1051 est
1022 1019 1281 1062 argumentum
1300 1017 1512 1050 traditionis
1579 1044 1585 1050 .
1686 1045 1692 1051 .
1816 1020 1880 1051 156

908 1086 1045 1140 Caput
1066 1088 1127 1128 111.

488 1158 545 1193 De
562 1158 758 1192 relatione
775 1159 882 1193 inter
898 1159 1157 1193 traditionem
1180 1161 1220 1194 et
1240 1170 1271 1194 s.
1292 1159 1557 1202 scripturam.

149 1215 277 1249 'rhesis
296 1218 350 1249 29.
369 1215 535 1250 Traditio
554 1217 742 1260 praecedit
759 1217 980 1261 scripturam
997 1217 1036 1251 in
1055 1218 1181 1252 ordine
1199 1216 1457 1261 chronologico
1477 1219 1513 1249 et
1533 1217 1652 1261 logico
1689 1243 1694 1249 .
1820 1219 1887 1251 158

149 1274 275 1309 Thesis
293 1278 349 1310 30.
368 1275 533 1309 Traditio
551 1276 664 1310 latius
682 1278 787 1320 patet
803 1287 914 1320 quam
932 1278 1117 1321 scriptura
1155 1307 1162 1313 ,
1263 1304 1270 1310 .
1369 1304 1375 1310 .
1476 1303 1483 1310 .
1582 1302 1589 1308 .
1689 1301 1695 1309 .
1820 1280 1887 1311 159

362 1335 384 1368 S
396 1345 412 1367 c
424 1335 449 1369 h
460 1335 559 1369 olio
571 1349 605 1370 n.
627 1336 868 1380 Exceptiones
888 1336 1177 1381 protestantium
1202 1337 1246 1370 de
1257 1336 1475 1370 sufficientia
1494 1335 1694 1380 scripturae
1818 1338 1879 1370 161

906 1407 1042 1460 Caput
1063 1408 1127 1448 IV.

659 1479 890 1513 Illustratio
916 1479 1078 1514 uberior
1091 1480 1351 1514 traditionis.

146 1535 274 1569 Thesis
292 1538 348 1570 31.
366 1535 541 1570 Praesens
561 1536 774 1570 oeconomia
791 1536 995 1571 christiana
1012 1547 1104 1571 novo
1124 1539 1162 1571 et
1179 1537 1389 1581 perfectiori
1408 1537 1537 1571 ordine
1552 1547 1625 1570 non
1643 1539 1697 1570 est

359 1595 582 1639 abroganda,
602 1606 719 1639 neque
746 1596 983 1630 revelationis
1011 1596 1235 1641 objectivum
1263 1597 1528 1630 incrementum
1557 1601 1610 1629 est
1641 1606 1696 1629 ex-

360 1654 598 1698 spectandum
627 1681 635 1688 .
733 1681 741 1688 .
841 1681 848 1689 .
947 1682 954 1689 .
1054 1685 1061 1692 .
1159 1682 1167 1689 .
1266 1682 1274 1689 .
1372 1686 1379 1692 .
1478 1682 1486 1689 .
1584 1682 1590 1689 .
1690 1684 1696 1690 .
1822 1658 1886 1689 163

358 1710 381 1745 S
394 1712 447 1745 ch
459 1712 558 1746 olio
570 1724 594 1745 n
611 1712 637 1746 Ι.
656 1712 740 1746 Non
758 1714 882 1747 omnia
900 1714 1027 1747 eodem
1048 1715 1156 1748 modo
1177 1714 1379 1748 traditione
1398 1715 1632 1748 continentur
1683 1741 1689 1747 .
1815 1717 1882 1750 166

407 1769 581 1804 Coroll.
601 1771 791 1805 Vincentii
808 1772 994 1807 lirinensis
1013 1783 1129 1807 canon
1155 1801 1161 1806 .
1264 1801 1270 1807 .
1371 1800 1377 1806 .
1475 1800 1483 1808 .
1581 1799 1588 1806 .
1689 1800 1695 1806 .
1821 1775 1885 1807 168

360 1828 382 1862 S
395 1829 446 1862 ch
458 1829 558 1863 olio
568 1842 592 1863 n
609 1829 654 1864 Π.
674 1830 724 1864 De
742 1831 906 1875 profectu
925 1832 1161 1866 revelationis
1257 1860 1263 1866 .
1364 1860 1370 1866 .
1471 1860 1477 1867 .
1577 1859 1584 1865 .
1686 1858 1692 1866 .
1815 1834 1885 1867 169

642 1890 685 1923 de
702 1890 848 1925 theoria
865 1892 1047 1926 Giintheri
1154 1920 1161 1927 .
1261 1921 1267 1926 .
1367 1918 1374 1926 .
1474 1919 1480 1926 .
1580 1920 1587 1926 .
1687 1919 1694 1926 .
1820 1894 1883 1927 171

783 1961 967 2004 Sectio
1000 1965 1251 2005 secunda.

756 2034 824 2077 De
848 2048 985 2079 sacra
1008 2035 1277 2090 Scriptura.

360 2107 570 2152 scripturae
589 2110 815 2153 praestantia
942 2138 948 2144 .
1048 2137 1057 2145 .
1155 2137 1162 2144 .
1263 2139 1268 2145 .
1369 2139 1376 2145 .
1475 2139 1483 2146 .
1583 2139 1589 2145 .
1689 2141 1694 2146 .
1821 2115 1884 2148 173

357 2167 628 2212 Disputationis
646 2170 799 2213 partitio
828 2196 834 2203 .
940 2198 947 2204 .
1047 2199 1053 2206 .
1154 2199 1160 2205 .
1262 2198 1268 2204 .
1369 2202 1375 2208 .
1477 2199 1482 2204 .
1582 2199 1588 2206 .
1689 2200 1695 2205 .
1820 2175 1885 2207 175

924 2241 1058 2294 Caput
1080 2242 1107 2286 Ι.

712 2312 769 2347 De
789 2313 1020 2358 Scripturae
1038 2314 1318 2357 inspiratione.

359 2376 386 2409 L
397 2387 416 2410 e
426 2389 461 2410 m
474 2388 510 2410 m
522 2388 544 2410 a
553 2379 570 2411 t
581 2388 602 2411 a
620 2377 863 2422 disputationi
881 2379 1151 2423 praemittenda
1273 2407 1279 2413 .
1380 2406 1386 2412 .
1480 2407 1486 2413 .
1585 2408 1591 2415 .
1691 2408 1697 2413 .
1823 2383 1886 2415 175

145 2434 273 2468 Thesis
290 2437 346 2469 32.
365 2436 503 2469 Auctor
517 2447 543 2472 s.
562 2438 764 2481 scripturae
782 2440 839 2471 est
855 2437 952 2471 Deus
1054 2463 1062 2471 .
1161 2465 1168 2472 .
1267 2465 1274 2473 .
1372 2465 1379 2472 .
1479 2471 1485 2476 .
1585 2467 1591 2473 .
1691 2467 1697 2473 .
1823 2442 1888 2475 177

358 2494 472 2530 Notio
490 2496 743 2540 inspirationis
763 2497 925 2541 genuina
947 2524 954 2531 .
1055 2523 1063 2530 .
1162 2525 1168 2532 .
1268 2525 1275 2532 .
1373 2524 1380 2531 .
1480 2526 1486 2532 .
1587 2527 1592 2533 .
1692 2526 1699 2533 .
1826 2500 1886 2533 179

407 2554 580 2589 Coi-011.
599 2555 651 2589 De
668 2558 914 2601 praeposteris
931 2557 1186 2601 inspirationis
1205 2558 1422 2592 notionibus
1467 2589 1472 2594 .
1573 2587 1578 2592 .
1680 2587 1686 2593 .
1812 2561 1874 2593 181

917 2628 1053 2682 Caput
1075 2630 1118 2673 ΙΙ.

555 2700 611 2734 De
628 2700 906 2745 inspirationis
925 2701 1155 2736 extensione
1174 2712 1244 2736 seu
1263 2702 1310 2737 de
1329 2712 1489 2739 canone.

144 2761 273 2796 Thesis
291 2766 346 2798 33.
366 2764 596 2808 Rejiciuntur
614 2763 705 2798 falsa
723 2765 809 2799 libri
826 2765 1003 2809 inspirati
1021 2765 1168 2800 criteria
1256 2792 1263 2799 .
1368 2793 1374 2800 .
1473 2795 1479 2801 .
1578 2795 1583 2800 .
1684 2794 1691 2801 .
1816 2771 1879 2802 185

145 2820 273 2855 Thesis
291 2824 346 2855 34.
365 2821 530 2856 Traditio
549 2822 674 2857 divina
692 2825 748 2858 est
765 2823 1014 2867 adaequatum
1033 2824 1225 2858 criterium
1241 2825 1498 2868 inspirationis
1517 2824 1694 2859 librorum

360 2890 542 2914 sacrorum
626 2909 632 2915 .
732 2909 738 2915 .
837 2909 844 2916 .
945 2910 952 2916 .
1051 2909 1058 2916 .
1157 2910 1164 2917 .
1262 2911 1269 2917 .
1368 2911 1375 2918 .
1475 2910 1482 2918 .
1581 2911 1587 2917 .
1686 2910 1693 2916 .
1817 2886 1882 2918 186

146 2938 273 2973 Thesis
291 2941 346 2974 35.
365 2938 598 2974 Tridentinus
617 2952 643 2976 s.
661 2942 865 2986 scripturae
883 2952 997 2975 canon
1018 2944 1074 2976 est
1091 2943 1329 2977 authenticus
1367 2971 1372 2977 .
1473 2970 1479 2977 .
1578 2969 1584 2976 .
1685 2971 1690 2976 .
1814 2944 1880 2976 187

359 2998 382 3033 S
393 2999 445 3033 ch
457 3000 556 3034 olio
568 3012 592 3034 n
610 3000 635 3034 I.
671 3001 894 3045 Exceptione
929 3001 1100 3035 adversus
1134 3012 1310 3036 canonem
1343 3002 1588 3036 tridentinum
1678 3029 1684 3035 .
1810 3004 1873 3036 192

639 3059 692 3094 De
710 3061 868 3105 epistola
885 3060 932 3094 ad
949 3061 1124 3095 hebraeos
1144 3065 1181 3096 et
1199 3062 1245 3096 de
1264 3062 1476 3106 apocalypsi
1574 3090 1579 3095 .
1679 3087 1685 3094 .
1812 3064 1876 3097 193

288 3129 406 3155 Hurte
420 3138 443 3160 r,
465 3130 610 3162 Compend.
630 3131 783 3164 theologiae
804 3134 826 3158 Ι.
847 3132 889 3157 10.
908 3132 950 3157 ed.
1629 3122 1670 3154 35
