2175 3382
227 133 311 175 353ss
529 128 649 162 'si-act.
669 126 728 161 111.
747 127 791 161 de
808 127 984 171 primatu.
1003 125 1129 160 Thesis
1149 125 1324 159 LXXVII.
1344 125 1447 159 Rom.
1466 126 1661 169 episcopus

226 249 386 289 litatem
419 248 494 288 fuit
527 247 752 294 institutus,
783 246 869 287 scil.
903 245 956 286 ad
988 257 1084 286 eam
1107 244 1444 288 sustentandam.
1475 243 1792 285 confirmandos
1814 244 1965 285 fratres

226 330 412 372 ovesque
443 317 680 358 dominicas
714 317 974 370 pascendas;
1010 316 1191 369 ideoque
1226 315 1424 368 perennis
1455 314 1695 356 censendus
1729 319 1803 356 est.
1846 313 1965 366 Quae

226 390 370 430 omnia
402 389 461 429 ita
492 388 611 429 brevi
633 388 956 440 complectimur
979 391 1242 439 argumento.
1285 385 1398 427 Talis
1422 385 1609 427 Ecclesia
1632 396 1806 427 manere
1827 385 1965 429 debet.

226 459 396 513 qualem
419 459 533 501 illam
558 458 749 500 Christus
773 458 960 500 instituit.
988 457 1113 510 Atqui
1137 469 1233 498 eam
1256 457 1314 498 ita
1337 457 1516 497 instituit
1537 461 1582 497 ut
1604 468 1714 497 unus
1735 456 1774 497 ei
1796 457 1966 508 praesit.

226 530 335 584 Ergo
370 530 573 584 quamdiu
604 529 793 570 Ecclesia
824 528 1005 577 durabit,
1040 539 1240 580 praeesse
1275 540 1383 568 unus
1418 528 1457 568 ei
1491 526 1630 569 debet.
1672 525 1814 577 Quare
1835 526 1967 567 verba

227 603 381 644 Christi
413 603 467 644 ad
498 600 671 642 Petrum
703 599 835 642 verba
867 604 966 640 sunt
988 599 1178 640 omniurn
1201 603 1456 651 temporum,
1488 596 1791 650 praescindunt
1813 608 1839 638 a
1859 602 1967 638 tem-

227 685 330 726 pore
349 674 393 728 1),
424 678 466 714 et
500 672 650 714 Petrus
684 672 790 724 gerit
824 682 1053 723 personam
1086 670 1276 711 omnium
1311 681 1487 710 suorum
1519 680 1827 714 successorum,
1861 679 1968 721 quos

227 743 419 786 Christus
451 745 493 785 in
522 744 614 796 ipso
637 743 876 795 alloquitur,
912 741 1021 782 sicut
1042 739 1187 782 Matth.
1211 742 1279 789 23,
1309 743 1359 785 19
1383 740 1593 781 allocutus
1616 743 1681 780 est
1701 738 1743 779 in
1765 738 1969 791 apostolis

230 816 530 868 episcoporum
554 814 748 855 ordinem
770 813 1010 865 seriemque
1033 823 1277 864 perennem.

227 943 235 951 ,
345 899 387 941 5.
417 896 585 938 Veritas
620 897 727 937 haec
763 894 1040 936 confirmatur
1075 894 1337 946 antiquitatis
1374 893 1587 945 suffragio,
1623 904 1734 946 quae
1767 904 1971 934 romanos

230 967 452 1021 pontifices
475 979 645 1019 semper
666 966 815 1008 habuit
836 978 913 1018 pro
936 965 1133 1017 legitimis
1156 963 1268 1006 Petri
1290 964 1333 1005 in
1356 965 1539 1017 primatu
1562 963 1891 1005 successoribus.

346 1071 443 1113 369.
465 1069 635 1111 ΤΙΙθὸἰδ
658 1066 905 1110 LXXVII·
958 1081 1013 1113 ⁷15.
1042 1080 1171 1114 Petri
1209 1080 1260 1113 in
1294 1079 1508 1121 primatu
1545 1087 1828 1112 successores
1863 1080 1972 1112 sunt

231 1143 417 1176 romani
443 1142 661 1184 episcopi,
699 1141 780 1184 qui
814 1140 987 1175 idcirco
1023 1138 1123 1181 eJus
1150 1146 1374 1180 suprema
1409 1138 1687 1171 auctoritate
1713 1140 1755 1171 et
1776 1145 1972 1179 praero-

229 1202 397 1243 yativis
424 1200 670 1234 excellunt.

348 1282 643 1326 Declaratio.
689 1284 826 1321 Thesis
849 1285 911 1321 est
933 1283 979 1320 de
1001 1281 1088 1328 fide,
1122 1285 1169 1319 ut
1191 1284 1301 1330 patet
1322 1293 1367 1318 ex
1390 1281 1546 1318 concilii
1568 1281 1801 1318 vaticani
1833 1292 1923 1318 sess.
1947 1288 1971 1321 4

230 1356 308 1392 cap.
335 1350 356 1383 2
382 1342 436 1395 (n.
463 1342 564 1393 368)
587 1346 627 1381 et
651 1350 688 1390 4,
720 1355 797 1392 quo
830 1342 1043 1382 renovatur
1075 1340 1263 1390 professio
1296 1339 1389 1378 fidei
1420 1353 1441 1377 a
1463 1340 1651 1390 MichaQe
1673 1339 1902 1398 Ralaeokogo
1932 1339 1975 1377 in

229 1403 394 1441 concilio
427 1402 750 1452 lugdunensi
782 1402 831 1439 ΙΙ.
863 1401 994 1439 oblata
1016 1402 1056 1438 et
1077 1399 1254 1437 definitio
1290 1411 1393 1452 conc.
1408 1399 1467 1450 „f.l
1477 1398 1711 1449 ool-entini
1743 1399 1785 1436 in
1819 1398 1976 1437 decreto

229 1462 384 1499 unionis
405 1473 647 1512 graecorum.
691 1461 960 1510 Supponimus
983 1462 1115 1497 autem
1149 1471 1194 1496 ex
1216 1458 1381 1496 historia
1402 1458 1662 1496 ecclesiastica
1679 1457 1724 1508 ²),
1755 1458 1791 1495 b.
1813 1458 1976 1496 Petrum

229 1521 389 1558 Romam
412 1521 566 1559 venisse
588 1521 722 1570 ibique
744 1533 828 1558 esse
851 1521 1073 1557 mortuum:
1110 1517 1216 1567 quod
1238 1518 1385 1555 factum
1407 1518 1463 1555 ita
1485 1520 1634 1555 certum
1659 1520 1729 1562 est,
1752 1520 1799 1555 ut
1819 1517 1977 1555 nonnisi

229 1592 301 1618 sec.
323 1580 422 1618 XVI.
445 1593 514 1630 pro
537 1580 699 1618 arbitrio
723 1593 745 1617 a
765 1579 969 1617 nonnullis
990 1578 1031 1615 in
1054 1577 1220 1615 dubium
1245 1577 1365 1614 fuerit
1399 1580 1590 1615 vocatum.
1634 1576 1735 1614 Hinc
1756 1576 1840 1625 ipse
1862 1576 1978 1615 Gro-

229 1639 336 1677 tius
358 1643 489 1678 annot.
512 1640 553 1676 in
567 1640 669 1677 Petr.
687 1647 723 1683 5,
746 1645 794 1679 13
819 1638 974 1676 scribit:
1000 1637 1169 1681 ‚Romae
1192 1637 1355 1673 Petrum
1376 1635 1510 1680 fuisse,
1533 1648 1647 1673 nemo
1670 1647 1785 1674 verus
1799 1635 1978 1673 christia-

229 1711 304 1736 nus
327 1699 569 1737 dubitavit«
613 1699 713 1736 Sane
737 1698 771 1736 si
792 1697 894 1735 illud
916 1709 1047 1747 neges,
1071 1695 1271 1745 quidquid
1291 1695 1457 1732 libuerit
1478 1694 1614 1732 eodem
1632 1695 1723 1744 jure
1750 1694 1886 1744 negari
1907 1705 1977 1743 po-

230 1758 335 1795 terit.
378 1757 562 1802 Quamvis
585 1760 719 1796 autem
740 1758 812 1795 hoc
847 1757 997 1794 factum
1030 1755 1083 1793 sit
1115 1755 1395 1799 certissimum,
1429 1756 1613 1791 notamus
1643 1756 1789 1798 tamen,
1820 1766 1900 1791 non
1930 1753 1978 1791 ab

230 1830 274 1854 eo
295 1817 467 1865 pendere
489 1817 697 1855 veritatem
722 1816 914 1866 primatus
944 1815 1095 1853 romani
1126 1813 1333 1863 pontificis,
1368 1813 1439 1862 qui
1469 1813 1643 1851 manebit
1674 1825 1720 1851 ex
1750 1813 1978 1851 traditionis

230 1876 414 1926 suffragio
438 1876 638 1922 indubius,
663 1876 816 1914 etiamsi
837 1875 937 1913 illud
959 1874 1107 1912 factum
1128 1886 1208 1910 non
1228 1875 1362 1922 posset
1383 1872 1552 1921 probari.
1584 1873 1620 1910 N
1624 1885 1674 1910 on
1696 1872 1826 1910 solum
1846 1875 1976 1910 autem

231 1935 391 1973 Romam
414 1935 523 1973 venit
548 1936 698 1978 Petrus,
735 1947 872 1972 verum
895 1934 1015 1972 etiam
1036 1945 1243 1971 romanum
1275 1932 1542 1981 episcopatum
1576 1932 1622 1968 ad
1654 1933 1821 1977 mortem
1850 1943 1978 1980 usque

230 1994 371 2039 tenuit,
397 1994 501 2042 quod
524 1994 665 2032 iisdem
687 1994 767 2032 fere
789 1993 1034 2043 argumentis
1058 1992 1345 2040 comprobatur.
1380 1991 1582 2028 Immerito
1606 2003 1698 2028 vero
1712 1992 1978 2040 protestantes

230 2053 363 2102 plures
386 2064 593 2091 romanum
615 2054 723 2091 Petri
745 2053 1014 2102 episcopatum
1048 2051 1091 2088 in
1113 2051 1280 2088 dubium
1301 2053 1452 2095 vocant,
1483 2063 1528 2088 eo
1550 2050 1656 2099 quod
1678 2050 1881 2088 cohaerere
1902 2049 1979 2087 sibi

232 2112 349 2150 simul
371 2115 570 2161 nequeant
591 2113 836 2162 apostolatus
859 2115 899 2149 et
920 2111 1178 2160 episcopatus,
1213 2110 1314 2147 Nam
1336 2110 1428 2147 haec
1450 2109 1592 2158 opinio,
1616 2122 1717 2158 quae
1738 2109 1861 2159 gratis
1883 2121 1977 2158 sup-

231 2171 404 2220 ponitur,
428 2172 512 2220 ipso
533 2172 733 2210 refellitur
754 2172 866 2209 facto.
903 2170 1031 2214 Quare
1053 2169 1171 2207 etiam
1194 2171 1325 2217 patres
1349 2168 1499 2205 nullam
1523 2169 1595 2205 hac
1629 2168 1671 2205 in
1691 2180 1733 2205 re
1754 2180 1978 2217 repugnan-

231 2230 326 2267 tiam
348 2231 597 2277 invenerunt,
622 2231 769 2280 quippe
783 2231 852 2279 qui
866 2232 976 2268 tanto
991 2240 1186 2266 consensu
1201 2228 1420 2265 docuerunt
1434 2228 1598 2265 Petrum
1611 2227 1782 2276 primum
1795 2239 1978 2264 romanae

379 2405 408 2448 ¹)
428 2403 480 2437 Cf.
509 2404 570 2439 Go
583 2415 685 2438 rres
713 2403 780 2437 Die
798 2403 958 2437 Triarier
974 2415 1010 2447 p.
1037 2404 1103 2437 100
1121 2413 1180 2439 ss..
1208 2401 1273 2436 ubi
1299 2401 1396 2435 inter
1422 2400 1497 2434 alia
1524 2399 1712 2444 praeclara
1742 2400 1916 2433 enunciat
1933 2399 1978 2433 de

236 2456 356 2490 verbis
376 2456 533 2491 Christi:
554 2457 602 2490 Er
618 2456 711 2491 wird
730 2457 904 2497 centrale,
924 2454 1176 2495 wurzelhafte,
1204 2454 1420 2500 genetische
1439 2454 1567 2488 Worte
1592 2453 1723 2490 reden:
1758 2453 1898 2492 Worte,
1918 2453 1977 2486 die

235 2509 452 2544 stammhaft
477 2510 557 2544 eine
576 2521 692 2555 ganze
711 2511 942 2545 Descendenz
958 2510 997 2544 in
1011 2509 1071 2543 die
1084 2509 1246 2543 Zukunft
1258 2509 1392 2542 hinaus
1404 2507 1632 2552 begriinden,
1656 2507 1731 2541 und
1747 2518 1842 2551 ganz
1856 2507 1979 2540 ideen-

234 2561 357 2596 hafter
375 2565 441 2596 Art
461 2563 555 2596 doch
583 2563 622 2596 in
640 2563 802 2597 Demuth
830 2563 907 2597 sich
932 2574 1002 2597 uns
1031 2561 1084 2596 als
1105 2561 1261 2606 Begriffe
1288 2562 1418 2605 geben.
1453 2560 1605 2594 Solcher
1621 2561 1691 2593 Art
1718 2559 1796 2593 sind
1816 2559 1876 2593 die
1894 2558 1979 2592 Ein-

236 2618 526 2659 setzungsworte
546 2616 642 2649 beim
658 2616 906 2650 Nachtmahle
921 2626 1107 2660 gewesen:
1127 2615 1272 2649 solcher
1287 2616 1355 2648 Art
1375 2614 1471 2648 auch
1489 2614 1548 2647 die
1561 2624 1633 2647 von
1646 2614 1729 2647 dem
1749 2612 1888 2653 Felsen,
1907 2612 1979 2647 den

238 2667 459 2708 Schliisseln‚
479 2669 562 2702 dem
582 2669 733 2703 Weiden
752 2671 817 2704 der
835 2669 996 2705 Heerde:
1024 2669 1100 2703 und
1127 2680 1203 2702 nun
1231 2667 1406 2702 wundere
1435 2678 1521 2701 man
1539 2667 1615 2701 sich
1633 2666 1754 2700 fex-ner
1772 2665 1877 2705 noch,
1895 2665 1978 2699 dass

238 2722 296 2756 die
315 2722 448 2756 Kirche
466 2732 505 2755 so
524 2722 667 2756 reichen
687 2722 813 2756 Inhalt
830 2723 944 2757 ihnen
963 2722 1227 2767 abgewonnen.

381 2776 408 2819 Ξ)
427 2773 479 2810 ef.
497 2774 589 2808 Jun
602 2786 626 2819 g
638 2787 672 2808 m
686 2786 741 2808 an
754 2788 777 2809 n
796 2775 939 2809 dissert.
960 2775 1023 2809 sel.
1042 2774 1081 2809 in
1099 2774 1144 2809 H.
1165 2774 1202 2811 E.
1221 2774 1247 2808 Ι.
1266 2775 1301 2809 d.
1325 2779 1336 2808 l
1355 2788 1361 2810 :
1381 2773 1404 2807 S
1418 2785 1435 2807 c
1448 2773 1471 2807 h
1483 2773 1578 2806 mid
1595 2773 1724 2808 Petrus
1737 2773 1778 2806 in
1791 2772 1894 2812 Rom.
1910 2772 1976 2806 Lu-

236 2839 319 2862 zern
339 2829 450 2865 1892:
478 2827 535 2862 Pe
548 2839 592 2861 sc
605 2828 629 2861 h
656 2829 770 2872 prael.
800 2828 965 2873 dogmat.
994 2831 1020 2862 t.
1038 2828 1066 2861 I.
1084 2841 1120 2862 n.
1138 2830 1208 2862 466
1227 2839 1271 2862 ss.
1308 2827 1376 2861 Vel
1403 2826 1630 2862 Harnack
1658 2826 1717 2860 die
1734 2825 1977 2870 Chronologie

236 2882 301 2916 der
320 2881 513 2915 altchristl.
534 2881 729 2921 Literatur,
749 2881 895 2926 Lipsiae
915 2883 1006 2916 1897
1023 2893 1059 2926 p.
1079 2885 1166 2915 244:
1186 2880 1259 2915 Der
1276 2880 1523 2924 Martyrertod
1541 2880 1605 2914 des
1622 2880 1753 2913 Petrus
1769 2879 1809 2913 in
1822 2878 1916 2912 Rom
1929 2878 1977 2912 ist

236 2935 333 2969 eiust
351 2945 416 2968 aus
433 2933 648 2969 tendenzios
665 2935 1013 2979 protestantischen,
1043 2934 1142 2968 dann
1173 2945 1237 2967 aus
1255 2932 1620 2967 tendenzkritischen
1638 2931 1900 2965 Vorurtheilen
1917 2931 1978 2965 be-

237 2988 387 3022 stritten
406 2987 554 3021 worden
573 3012 581 3021 .
602 3013 610 3020 .
630 3017 637 3024 ,
656 2988 739 3020 dass
758 2997 795 3020 es
815 2987 903 3021 aber
920 2988 981 3020 ein
994 2987 1155 3021 Irrthum
1173 2997 1261 3026 war,
1280 2986 1373 3031 liegt
1390 2987 1500 3020 heute
1516 2987 1576 3019 fiir
1586 2985 1698 3030 jeden
1711 2984 1899 3024 Forscher,
1913 2983 1978 3018 der

237 3041 315 3075 sich
333 3040 436 3075 nicht
452 3040 678 3081 verblendet‚
697 3051 755 3074 am
773 3040 884 3084 Tage.
912 3040 982 3074 Der
1000 3050 1113 3084 ganze
1131 3039 1310 3073 kritische
1329 3040 1505 3083 Apparat,
1523 3039 1593 3072 mit
1610 3039 1693 3072 dem
1711 3037 1807 3071 Bam·
1824 3038 1883 3071 die
1901 3036 1977 3070 alte

236 3094 430 3128 Tradition
448 3094 646 3128 bestritten
665 3093 741 3134 hat,
760 3093 832 3138 gilt
849 3093 959 3127 heute
979 3095 1045 3127 mit
1063 3092 1181 3127 Recht
1199 3093 1254 3127 als
1273 3092 1457 3126 werthlos.
