2175 3382
736 125 880 159 Veritas
899 125 1156 160 miraculorum
1174 127 1358 161 historica.
1857 135 1912 178 65

298 245 340 287 ὃ.
365 242 543 285 Constat
557 256 607 285 ex
623 244 890 285 confessione
911 245 1138 296 gentilium.
1162 245 1221 285 Ita
1236 244 1269 285 O
1282 246 1394 298 rige
1407 260 1433 286 n
1446 259 1468 287 e
1481 261 1499 287 s
1523 248 1573 288 de
1589 247 1710 289 Celso
1727 249 1769 305 (I.
1784 262 1822 293 n.
1838 251 1912 306 38)

179 314 344 357 scribit:
378 313 639 362 „Assensum
671 314 988 366 quodammodo
1020 315 1197 367 praebet
1219 316 1445 365 miraculis,
1478 330 1587 369 quae
1608 318 1730 360 ,lesus
1753 320 1849 360 fecit
1871 325 1912 361 et

179 385 330 439 quibus
350 386 506 426 multos
528 385 713 434 adduxit,
735 390 781 426 ut
802 386 940 438 ipsum
963 391 1183 438 tamquam
1206 386 1414 427 Christum
1440 395 1727 440 sequerentur.
1757 391 1812 431 At
1833 391 1910 431 mi—

178 456 325 497 racula
354 456 425 497 illa
456 468 543 497 non
564 457 716 497 virtute
739 456 893 505 divina,
915 457 991 497 sed
1013 457 1186 508 magicis
1210 457 1371 497 artibus
1395 457 1504 498 facta
1528 458 1654 499 fuisse
1680 460 1912 501 calumnia-

178 532 292 578 tur;“
321 539 360 569 n.
383 530 458 573 283
489 526 512 567 l.
537 530 562 571 2
594 540 632 567 n.
657 530 703 575 9;
725 531 802 571 48:
842 526 958 577 „Jam
982 539 1110 580 saepe
1134 526 1291 576 Celsus,
1320 528 1418 580 quia
1440 527 1618 568 inficiari
1640 541 1725 569 non
1749 536 1913 582 poterat

179 597 397 647 miracula,
428 609 538 650 quae
559 596 683 638 Jesus
718 597 867 639 fecisse
890 597 1098 647 scribitur,
1130 598 1200 638 illa
1222 599 1458 650 praestigiis
1482 598 1704 640 tribuenda
1727 612 1820 641 esse
1843 614 1912 642 ca-

178 668 409 709 lumniatus
440 672 504 709 est
514 684 526 717 ,-
558 673 598 709 et
624 680 703 708 nos
726 673 876 708 contra
898 680 1027 721 saepe
1050 681 1126 721 pro
1151 668 1309 709 viribus
1331 669 1645 721 pugnavimus.“
1695 669 1840 723 Neque
1862 683 1913 711 ea

179 743 388 790 negarunt
425 738 718 779 Lucianus.
762 738 829 779 Po
847 739 1123 792 rphyrius,
1164 738 1474 781 Hierocles.
1516 739 1769 781 Julianus
1811 753 1912 793 apo-

179 813 293 849 stata
314 814 392 852 etc.

298 881 343 923 6.
367 879 545 921 Constat
564 881 630 921 vel
661 892 712 921 ex
734 881 1049 922 incredulorum
1085 881 1336 933 impotentia
1359 881 1617 922 evincendae
1640 881 1806 922 illorum
1828 882 1913 923 fac-

180 955 321 991 torum
343 950 548 991 falsitatis.
571 950 656 992 Etsi
679 952 791 992 enim
814 964 942 1004 quam
966 951 1134 1004 plurimi
1156 951 1402 992 defecerunt
1417 951 1658 1003 areligione
1674 952 1914 1002 christiana,

179 1033 234 1062 ne
265 1034 374 1062 unus
405 1021 573 1074 quidem
604 1022 699 1062 ideo
732 1022 769 1063 ei
801 1023 1077 1070 renunciavih
1110 1022 1223 1075 quod
1256 1023 1509 1074 compererit
1534 1021 1739 1063 factorum
1762 1022 1915 1064 Christi

180 1092 426 1134 falsitatem:
449 1105 576 1134 nemo
600 1106 787 1146 unquam
810 1094 926 1134 illam
949 1096 1116 1146 aperuit
1137 1093 1372 1146 gentilibus.

299 1178 367 1220 58.
388 1176 750 1220 Demonstratio
774 1191 818 1232 p.
842 1177 910 1222 II.
947 1175 1124 1218 Constat
1146 1176 1197 1217 de
1219 1176 1397 1217 veritate
1421 1175 1813 1228 philosophica
1836 1177 1912 1216 mi-

180 1246 424 1287 raculorum
456 1246 609 1289 Christi
640 1249 663 1288 i.
687 1261 720 1289 e.
751 1249 859 1289 mira
891 1260 1033 1301 opera,
1067 1259 1176 1301 quae
1209 1247 1398 1288 Christus
1430 1247 1623 1300 patravit,
1656 1257 1755 1286 vere
1786 1245 1913 1286 fuisse

182 1317 398 1358 miracula.

305 1389 345 1432 1.
369 1387 481 1430 Sane
503 1390 545 1430 id
566 1390 633 1431 vel
656 1390 806 1431 exinde
830 1390 1047 1442 colligitur,
1077 1389 1190 1441 quod
1213 1389 1267 1429 ad
1289 1392 1434 1428 nostra
1457 1399 1592 1440 usque
1614 1392 1809 1439 tempora
1829 1399 1915 1427 non

183 1458 380 1501 obstante
411 1465 530 1501 tanto
562 1461 878 1513 disciplinarum
911 1460 1165 1501 naturalium
1189 1458 1380 1512 profectu
1402 1458 1517 1499 nulla
1538 1469 1725 1510 unquam
1747 1462 1916 1509 reperta

180 1528 257 1570 fuit
277 1542 409 1571 causa
430 1531 497 1572 vel
518 1531 585 1572 lex
608 1531 825 1580 naturalis,
859 1531 1093 1572 secundum
1117 1542 1245 1583 quam
1267 1529 1333 1570 vel
1356 1529 1531 1569 minima
1552 1528 1718 1569 illorum
1742 1540 1915 1580 operum

180 1613 281 1653 pars
302 1603 552 1643 naturaliter
573 1604 706 1655 possit
721 1603 943 1655 explicari3
966 1602 1078 1643 facta
1094 1602 1206 1642 enim
1223 1600 1376 1641 Christi
1390 1613 1476 1640 non
1491 1600 1630 1639 minus
1644 1611 1767 1646 nunc,
1789 1611 1915 1651 quam

181 1671 281 1712 olim
302 1677 472 1725 praeter
494 1678 535 1714 et
557 1687 686 1726 supra
709 1686 858 1714 omnes
882 1677 1060 1714 naturae
1082 1673 1196 1724 leges
1220 1683 1312 1712 esse
1336 1671 1663 1722 conspiciuntur.
1689 1669 1738 1709 Et
1760 1673 1915 1717 tamen,

183 1747 230 1782 ut
251 1741 360 1784 bene
382 1743 682 1785 notatPerro
696 1756 777 1793 ne,
801 1744 1088 1796 prodigiorum
1110 1742 1333 1783 multitudo
1356 1740 1625 1782 commodam
1647 1739 1917 1780 occasionem

180 1813 369 1854 veritatis
392 1815 679 1867 explorandae
702 1815 953 1867 suppeditat.¹
978 1820 1105 1867 atque
1127 1825 1253 1854 omne
1269 1811 1529 1864 deceptionis
1546 1809 1777 1863 periculum
1792 1810 1917 1850 toties

181 1885 370 1936 repetitis
401 1885 565 1926 actibus
597 1885 805 1933 eliminat;
836 1898 968 1926 unum
1004 1885 1129 1930 enim,
1160 1885 1203 1924 in
1226 1896 1308 1936 quo
1332 1881 1666 1935 praestigiatoris
1690 1892 1821 1932 opera
1843 1880 1916 1921 de-

181 1955 526 2007 prehenderetur,
557 1957 719 2009 reliqua
750 1961 947 2008 suspecta
981 1955 1190 1996 redderet.
1233 1954 1338 1994 Hinc
1361 1953 1490 1994 etiam
1513 1952 1682 2000 factum,
1713 1957 1758 1991 ut
1780 1952 1917 1991 incre-

181 2026 268 2067 duli
289 2039 509 2080 nunquam
531 2028 623 2068 ausi
645 2027 729 2068 sint
751 2039 883 2079 opera
905 2026 1059 2068 Christi
1082 2025 1331 2066 naturaliter
1353 2023 1577 2075 explicare,
1603 2022 1677 2063 sed
1699 2021 1765 2062 vel
1788 2033 1917 2062 evan-

182 2097 341 2149 gelicae
362 2099 581 2140 relationis
602 2099 825 2139 veritatem
849 2098 1220 2149 sinceritatemque
1252 2096 1295 2136 in
1319 2095 1493 2136 dubium
1514 2097 1671 2134 vocant
1692 2092 1757 2133 vel
1778 2092 1918 2133 verbis

181 2169 265 2208 vim
287 2168 471 2210 inferunt
493 2174 619 2222 atque
640 2170 683 2209 in
706 2158 936 2210 absurdum
960 2180 1131 2209 sensum
1145 2167 1476 2218 interpretantur
1495 2166 1536 2220 ¹).
1560 2163 1848 2214 Quamobrem
1866 2174 1917 2203 ex

178 2239 343 2291 judaeis
365 2240 767 2282 contrainoredulos
790 2240 941 2281 merito
966 2239 1170 2292 probatur
1191 2238 1347 2279 veritas
1372 2235 1672 2276 miraculorum
1687 2232 1840 2274 Christi
1858 2233 1916 2273 hi-

182 2311 352 2361 storica„
383 2323 434 2352 ex
457 2313 609 2364 agendi
628 2313 794 2353 ratione
817 2311 1131 2352 incredulorum
1162 2311 1319 2351 veritas
1350 2306 1643 2361 philosophica
1674 2312 1823 2347 contra
1849 2305 1917 2357 ju-

181 2382 326 2423 daeos.

301 2454 343 2498 2.
365 2453 522 2496 Demus
545 2454 658 2495 facta
679 2455 749 2496 illa
771 2455 880 2495 mira
903 2454 1076 2494 effectus
1098 2457 1263 2493 tantum
1287 2450 1503 2492 naturales
1526 2461 1631 2497 esse,
1663 2458 1830 2499 semper
1851 2450 1916 2486 ta·
1979 2503 1982 2506 ⁴

182 2536 282 2565 men
312 2525 503 2577 prodigio
536 2525 671 2566 simile
692 2525 824 2566 videri
857 2524 982 2565 debet
1013 2523 1124 2566 illud.
1155 2522 1284 2563 filium
1307 2522 1415 2562 fabri
1445 2520 1610 2572 lignarii
1633 2523 1698 2571 (ex
1721 2516 1916 2558 incredu-

181 2594 319 2636 lorum
341 2595 595 2652 hypothesi),
619 2597 690 2650 qui
712 2608 932 2648 nunquam
956 2594 1099 2634 didicit
1120 2593 1263 2634 literas
1281 2592 1417 2648 (Joan.
1435 2595 1472 2640 7,
1500 2590 1580 2646 15).
1603 2589 1823 2630 scientiam
1847 2600 1918 2627 as-

182 2671 376 2708 secutum
398 2679 492 2709 esse
513 2668 651 2719 legum
675 2667 1057 2708 occultissimarum
1073 2664 1181 2705 adeo
1198 2668 1456 2711 accuratam,
1479 2661 1647 2714 qualern
1669 2670 1795 2699 nemo
1819 2662 1917 2697 ante

330 2823 352 2861 ¹)
374 2820 548 2854 Praelect.
562 2820 675 2854 theol.
689 2820 717 2853 t.
735 2822 827 2863 1p.1
848 2830 876 2852 c.
892 2822 914 2851 4
927 2830 962 2851 n.
979 2820 1057 2852 246.
1077 2816 1129 2850 Cf.
1148 2815 1318 2849 Storch
1332 2811 1780 2852 ena118‚141.1513.158.
1798 2811 1861 2841 160·
1874 2819 1888 2840 s
1907 2836 1916 2841 ,

187 2877 357 2910 175-78.
377 2873 587 2918 Speoiniina,
599 2872 916 2918 inteipretationis
934 2880 1079 2916 prorsus
1091 2867 1309 2903 arbitrariae
1327 2869 1363 2901 et
1380 2866 1562 2900 violentae
1574 2864 1709 2908 passim
1723 2863 1914 2918 occurrunt

183 2931 222 2963 in
249 2928 421 2973 operibus
447 2927 763 2961 rationalistarum
793 2937 856 2960 seu
886 2924 1171 2958 incredulorum.
1208 2921 1260 2956 Cf.
1281 2933 1322 2955 ex
1342 2932 1395 2963 gr.
1426 2921 1615 2953 ljunson
1646 2913 1915 2954 Vollstiindiges

184 2982 392 3017 Bibelwerk
409 2983 469 3015 fiir
487 2981 546 3014 die
565 2979 764 3014 Gemeinde
781 2978 925 3023 Lipsiae
948 2980 1034 3013 1865
1055 2976 1116 3013 m.
1140 2981 1180 3010 14
1199 2987 1262 3011 ss.:
1283 2977 1370 3010 276:
1397 2976 1463 3008 259
1483 2984 1548 3007 sm
1573 2975 1640 3004 455
1661 2980 1725 3002 ss:
1756 2967 1780 2999 Η
1795 2977 1843 2999 91]
1858 2976 1876 2997 ss
1891 2977 1913 2997 11

183 3036 236 3071 les
256 3038 421 3080 Ap6tres.
444 3034 542 3068 Paris
561 3036 652 3069 1866
672 3044 744 3078 pag
776 3035 813 3065 1]
838 3044 902 3068 ss:
922 3034 965 3065 62
985 3042 1030 3068 S.;
1056 3033 1129 3064 175.
1145 3031 1209 3062 291
1233 3036 1298 3062 etc.
1319 3027 1549 3068 aliorumque
1569 3021 1666 3065 apud
1689 3021 1792 3053 Ham
1806 3030 1838 3051 m
1854 3027 1913 3050 er-

186 3088 316 3123 stein
339 3088 407 3121 Das
426 3086 648 3122 Christenth.
667 3098 702 3130 p.
722 3088 790 3121 339
809 3097 875 3120 ss.:
896 3083 1044 3117 Pesch
1066 3082 1175 3126 prael.
1195 3083 1220 3116 t.
1245 3086 1258 3115 1
1281 3091 1381 3124 prop.
1403 3084 1440 3111 5:
1465 3080 1485 3110 s
1499 3078 1513 3109 t
1528 3081 1546 3109 ‘o
1561 3087 1576 3109 c
1591 3074 1637 3107 kl
1662 3073 1700 3110 [L
1724 3075 1788 3105 144
1805 3082 1848 3103 ss.

327 3159 349 3184 H
361 3167 376 3184 u
388 3162 445 3184 rte
456 3167 477 3189 r,
501 3158 646 3190 Compend.
666 3156 818 3189 theologiae
841 3158 862 3182 I.
885 3156 925 3181 10.
945 3155 986 3180 edv
1683 3147 1700 3164 ‘²
