2175 3382
295 730 411 774 N.B.
444 726 745 770 Satistacturus
777 727 986 768 desiderio
1020 726 1298 779 quorundam,
1331 727 1403 779 qui
1434 738 1528 767 cum
1552 727 1787 779 theologiae
1810 728 1908 780 dog-

176 802 358 843 maticae
381 799 519 841 studio
552 798 779 840 lectionem
810 797 1063 850 scriptorum
1086 809 1139 837 ss.
1162 801 1331 849 patrum
1358 797 1535 849 J'ungere
1565 801 1723 849 optant,
1753 798 1906 839 horum

176 872 380 925 opuscula
402 884 428 912 a
448 882 517 911 me
539 870 745 910 hactenus
769 868 892 917 edita,
916 879 1026 920 quae
1049 867 1221 919 singulis
1245 867 1596 919 disputationibus
1611 869 1907 921 respondeant,

175 943 419 997 designabo,
452 947 499 983 ut
520 954 572 983 ea
594 953 703 994 quae
724 943 835 982 inter
856 940 1110 981 studendum
1142 951 1244 992 prae
1267 941 1418 980 ceteris
1441 941 1524 980 sint
1545 941 1804 981 consulenda
1827 942 1908 982 uti-

174 1016 352 1068 literque
373 1013 564 1066 legenda,
588 1015 861 1065 cognoscant.

246 1146 343 1188 Pro
365 1145 487 1199 disp.
510 1144 550 1187 I.
573 1143 631 1186 (16
653 1143 875 1198 apologia
896 1141 1152 1194 religionis
1177 1141 1470 1183 christianae
1494 1141 1830 1183 consulantur:

317 1226 350 1263 S.
371 1226 571 1271 Augustini
589 1226 613 1259 l.
632 1226 676 1258 (16
705 1224 872 1258 utilitate
900 1222 1070 1257 credendi
1097 1223 1134 1256 et
1160 1223 1181 1256 l.
1202 1222 1247 1256 de
1274 1221 1345 1255 fide
1371 1232 1494 1255 rerum
1519 1232 1613 1265 quae
1640 1231 1713 1255 non
1738 1222 1909 1255 videntur

175 1297 296 1331 opusc.
322 1288 350 1321 t.
375 1286 437 1320 VI.
459 1306 502 1310 ·—
520 1284 554 1322 S,
574 1284 751 1328 Cypriani
777 1284 799 1317 l.
830 1284 876 1316 ad
901 1282 1182 1317 Demetrianum
1215 1282 1241 1315 t.
1268 1280 1295 1315 I.
1322 1302 1367 1306 —-
1386 1279 1540 1314 Minucii
1568 1280 1698 1314 Felicis
1726 1279 1909 1317 Octavius.

175 1346 210 1380 S.
229 1346 334 1381 Joan.
355 1344 607 1389 Chrysostomi
633 1343 899 1378 demonstratio
927 1341 1026 1386 quod
1045 1342 1212 1376 Christus
1239 1342 1288 1375 sit
1306 1341 1411 1381 Deus,
1431 1340 1599 1384 Epistola
1626 1341 1672 1374 ad
1690 1340 1909 1385 Diognetem

174 1407 200 1439 t.
228 1405 305 1439 XV.
334 1425 380 1430 -—
405 1404 625 1439 Tertulliani
652 1402 937 1446 Apologeticum
963 1403 990 1435 t.
1019 1401 1114 1434 XIX.
1143 1422 1188 1425 —
1215 1400 1249 1434 S.
1277 1400 1418 1434 Aurelii
1456 1399 1649 1434 Prudentii
1676 1400 1905 1443 Apotheosis,

175 1464 315 1499 Sedulii
334 1474 481 1498 carmen
497 1463 672 1508 paschale
689 1465 716 1496 t.
736 1462 899 1498 XXXIII,
920 1463 958 1495 et
976 1473 1001 1495 s.
1021 1460 1217 1494 Athanasii
1237 1464 1328 1493 orat.
1347 1459 1440 1493 duae
1459 1460 1483 1493 t.
1503 1458 1628 1493 XLIV.

421 1585 520 1627 Pro
543 1584 664 1638 disp.
689 1582 758 1625 ΙΙ.
784 1582 841 1624 (16
865 1582 1060 1624 divinae
1085 1579 1400 1623 revelationis
1424 1579 1669 1622 fontibus:

316 1667 504 1700 Vincentii
522 1665 618 1699 lirin.
640 1664 972 1703 commonitorium,
992 1661 1213 1697 Tertulliani
1231 1662 1256 1695 l.
1276 1661 1320 1694 de
1338 1660 1693 1705 praescriptionibus
1711 1661 1738 1694 t.
1756 1660 1815 1693 IX.

398 1786 496 1829 Pro
520 1785 642 1839 disp.
672 1784 760 1826 ΙΙΙ.
785 1784 841 1826 (16
865 1783 1081 1826 Ecclesia
1105 1781 1164 1837 (et
1186 1781 1237 1822 de
1260 1792 1439 1821 romano
1463 1779 1700 1835 pontifice):

316 1865 350 1900 S.
387 1865 563 1910 Cypriani
587 1864 611 1898 l.
639 1865 683 1899 de
709 1864 852 1898 unitate
878 1862 1060 1896 Ecclesiae
1086 1869 1113 1895 t.
1139 1861 1165 1895 I.
1193 1881 1238 1885 —
1264 1861 1297 1895 S.
1325 1861 1528 1905 Augustini
1563 1859 1739 1904 opuscula
1775 1860 1909 1893 selecta

174 1926 218 1960 de
244 1925 409 1959 Ecclesia
432 1927 461 1959 t.
486 1924 633 1961 XXVII,
660 1946 704 1949 —
731 1923 983 1957 Romanorum
1008 1921 1224 1965 pontificum
1249 1921 1428 1965 epistolae
1454 1922 1481 1954 t.
1499 1919 1612 1953 XVII.
1638 1918 1768 1953 XVIII.
1794 1918 1905 1952 XXV.

174 1984 309 2023 XXVL
336 1997 362 2021 s.
381 1984 560 2019 Bernardi
584 1984 624 2018 ll.
650 1988 669 2017 5
698 1984 743 2017 (16
769 1982 1060 2017 consideratione
1086 1984 1112 2017 t.
1139 1981 1280 2017 XLVII.
1310 2002 1353 2005 —
1382 1980 1414 2014 S.
1435 1979 1562 2024 Optati
1590 1979 1794 2013 milevitani
1822 1979 1860 2012 ll.
1890 1980 1909 2011 Τ

175 2044 219 2078 (16
237 2044 434 2077 schismate
452 2042 580 2077 donat.
600 2044 626 2078 t.
646 2043 688 2076 X.

596 2163 694 2206 Pro
716 2163 838 2217 disp.
862 2162 914 2205 V.
938 2163 994 2204 (16
1018 2161 1117 2204 Deo
1140 2173 1237 2204 uno
1262 2161 1310 2202 et
1331 2160 1489 2202 trino:

317 2245 349 2279 S.
368 2245 534 2279 Anselmi
553 2244 807 2288 monologium
823 2245 851 2277 t.
870 2242 1034 2277 XXVIII.
1052 2263 1097 2266 —
1114 2242 1147 2277 S.
1167 2244 1272 2278 Joan.
1303 2241 1553 2285 Chrysostomi
1582 2251 1630 2275 or.
1658 2244 1677 2274 5
1703 2239 1746 2273 de
1774 2239 1910 2273 incom-

173 2304 423 2350 prehensibili,
450 2305 485 2340 S.
513 2305 620 2349 (areg.
647 2303 870 2337 Nazianzeni
899 2313 950 2336 or.
979 2307 998 2336 5
1026 2303 1259 2347 theologicae
1286 2304 1312 2335 t.
1340 2300 1470 2335 XXIX.
1500 2321 1543 2324 —
1570 2298 1604 2333 S.
1629 2298 1813 2332 Ambrosii
1832 2298 1871 2331 ll.
1891 2303 1910 2332 5

175 2365 219 2398 (16
236 2364 307 2398 fide
325 2365 352 2398 t.
378 2362 541 2397 XXXIII.
568 2383 613 2387 —
639 2362 672 2396 S.
699 2361 829 2396 Basilii
854 2362 877 2395 l.
906 2361 951 2394 de
976 2360 1118 2405 Spiritu
1145 2372 1171 2394 s.
1198 2361 1223 2395 t.
1251 2360 1379 2393 XXXI.
1400 2380 1442 2383 —
1461 2359 1496 2393 S.
1521 2357 1709 2402 Fulgentii
1734 2357 1758 2392 l.
1778 2356 1821 2390 de
1839 2356 1910 2389 fide

176 2424 222 2457 ad
247 2423 397 2457 Petrum
413 2424 441 2457 t.
459 2422 555 2456 XVI.
574 2443 619 2446 —
637 2422 670 2458 S.
690 2422 893 2467 Augustini
921 2422 964 2454 de
978 2421 1159 2454 Trinitate
1176 2420 1215 2453 ll.
1232 2423 1275 2454 15
1289 2420 1315 2454 t.
1330 2418 1436 2452 XLII.
1456 2419 1492 2451 et
1510 2429 1535 2451 s.
1553 2417 1608 2451 ιῚο.
1627 2416 1837 2450 Damasceni
1864 2415 1908 2448 (16

174 2483 246 2517 fide
264 2482 469 2517 orthodoxa
487 2481 526 2515 ll.
545 2487 567 2516 4
584 2483 610 2515 t.
630 2481 727 2520 XLI:
748 2493 774 2515 s.
792 2481 927 2515 Hilarii
947 2481 984 2513 ll.
1004 2480 1072 2514 XII
1091 2481 1134 2513 de
1152 2479 1333 2512 'I'rinitate
1351 2480 1377 2511 t.
1397 2477 1457 2511 IV.
1478 2487 1544 2511 ser.
1563 2476 1605 2509 II.

593 2602 691 2644 Pro
715 2601 835 2655 disp.
859 2600 969 2643 VII.
995 2600 1052 2642 (16
1075 2598 1436 2641 incarnatione:

318 2681 481 2716 Cassiani
506 2681 546 2716 Il.
571 2684 594 2717 7
620 2682 664 2715 de
689 2681 944 2715 incarnatione
970 2681 996 2714 t.
1023 2679 1170 2713 XXXII.
1197 2699 1242 2703 ——
1261 2679 1295 2711 S.
1322 2677 1451 2711 Leonis
1479 2676 1525 2711 M.
1554 2686 1735 2709 sermones
1763 2679 1787 2708 t.
1816 2673 1909 2706 XIV.

177 2763 221 2767 —
239 2741 273 2777 S.
292 2742 491 2787 Augustini
517 2742 561 2776 de
587 2742 657 2775 fide
684 2743 721 2775 et
748 2740 925 2784 symbolo,
953 2739 986 2773 S.
1013 2739 1175 2772 Thomae
1203 2737 1382 2781 expositio
1410 2737 1448 2770 in
1475 2736 1590 2779 symb.
1618 2738 1644 2769 t.
1673 2735 1739 2773 Vh
1770 2746 1794 2767 s.
1814 2735 1907 2776 Aug.

175 2801 415 2836 Enchiridion
440 2804 466 2836 t.
493 2801 588 2836 XVI.

837 2919 934 2962 Pro
955 2917 1259 2970 Mariologia:

317 3000 376 3035 SS.
396 3001 546 3035 Pati-um
565 3001 741 3045 opuscula
759 3001 803 3034 de
821 3000 981 3045 gloriosa
999 2999 1063 3033 Dei
1083 2998 1266 3033 Genitrice
1284 2999 1309 3031 t.
1329 2995 1406 3030 XII.
1427 2997 1461 3029 et
1481 2994 1639 3028 XXXIV.
