2175 3382
201 164 284 203 09ss
655 157 774 191 Tract.
797 157 856 191 Ill.
877 157 928 192 De
948 156 1119 191 Ecclesia.
1140 157 1192 192 De
1212 157 1395 192 Ecclesiae
1415 158 1497 191 fine.

883 326 1202 368 Articulus
1236 325 1273 367 Ι.

638 405 707 447 De
741 406 850 448 sine
884 407 1183 447 institutae
1219 406 1515 447 Ecclesiae.

318 493 414 534 202.
437 488 609 531 Certum
641 493 715 536 est,
751 489 973 537 Ecclesiae,
1005 489 1114 530 sicut
1149 489 1343 530 omnium
1379 501 1556 541 operum
1580 489 1666 537 Dei,
1698 502 1942 543 supremum

199 565 241 602 et
262 561 456 602 ultimum
480 560 607 601 finem
631 571 724 601 esse
748 559 1134 600 manifestationem
1159 560 1318 611 gloriae
1341 560 1530 606 divinae;
1554 565 1595 601 et
1617 561 1651 601 si
1667 560 1759 601 sinis
1773 561 1945 603 ultimus

200 633 330 685 ipsius
352 631 669 677 incarnationis,
693 630 813 683 cujus
836 631 1148 671 consectarium
1173 635 1232 671 est
1250 630 1449 678 Ecclesia,
1474 630 1548 671 suit
1562 631 1693 683 gloria
1708 631 1794 679 Dei,
1817 632 1945 673 etiam

200 706 293 756 ipsa
316 703 369 744 ad
392 703 505 743 hanc
529 701 884 743 manifestandam
908 701 986 742 erit
1008 701 1233 742 destinata.
1262 701 1428 742 Revera
1451 706 1592 743 autem
1618 714 1692 754 per
1713 702 1944 744 Ecclesiam

200 774 539 827 splendidissime
561 772 636 814 Dei
659 772 834 824 gloriam
868 771 1142 820 manifestari,
1174 773 1427 824 praesertim
1453 773 1543 825 ejus
1567 774 1812 825 potentiam,
1846 785 1944 826 pro-

199 845 442 893 videntiam,
466 844 701 885 bonitatem
725 848 766 884 et
788 843 1052 896 sapientiam,
1078 843 1252 896 quilibet
1266 843 1484 892 concedet,
1509 844 1579 896 qui
1602 844 1844 885 consideret
1857 845 1944 886 sive

204 920 243 961 1.
260 917 412 957 miram
434 916 647 956 Ecclesiae
670 915 1022 967 propagationem
1045 913 1393 966 firmitatemque;
1416 916 1504 956 sive
1519 917 1562 958 2.
1581 915 1671 967 ejus
1694 915 1945 965 doctrinam,

201 988 346 1028 salutis
379 987 518 1028 media
551 991 592 1028 et
625 986 740 1027 dona
771 986 1016 1037 gratiarum,
1047 984 1200 1038 quibus
1235 985 1448 1035 abundat;
1481 987 1569 1027 sive
1603 988 1645 1029 3.
1678 986 1945 1027 diffusionem

201 1059 455 1110 cognitionis
470 1058 556 1107 Dei,
579 1058 716 1099 cultus
739 1057 867 1098 divini
891 1061 932 1098 et
947 1057 1147 1097 virtutum
1172 1068 1248 1109 per
1272 1068 1368 1097 eam
1392 1056 1599 1105 effectam,
1622 1057 1731 1098 adeo
1745 1057 1946 1099 utasolis

200 1134 297 1170 ortu
328 1141 462 1182 usque
494 1129 549 1170 ad
581 1140 784 1169 occasum
807 1139 934 1168 verus
957 1127 1067 1168 Deus
1100 1132 1141 1168 et
1173 1131 1432 1179 agnoscatur
1466 1132 1508 1168 et
1530 1132 1696 1168 ametur
1718 1133 1760 1168 et
1781 1128 1946 1169 colatur

202 1200 376 1253 ejusque
408 1204 639 1253 praecepta
670 1203 894 1240 serventur
917 1198 990 1250 (th.
1017 1202 1069 1242 15
1094 1199 1178 1254 ss).
1222 1197 1370 1251 Neque
1402 1199 1549 1251 negari
1572 1203 1711 1250 potest
1731 1197 1946 1240 Ecclesiae

204 1271 329 1312 finem
352 1283 446 1312 esse
469 1271 598 1312 etiam
622 1269 777 1312 Christi
800 1270 998 1322 gloriam:
1030 1282 1133 1310 nam
1157 1269 1352 1311 Christus
1375 1270 1623 1322 sanguinem
1647 1269 1763 1316 fudit,
1795 1274 1839 1310 ut
1859 1271 1947 1324 ipse

200 1342 279 1383 siba·
311 1342 514 1383 exhiberet
543 1341 771 1395 9l01·iosa222
803 1340 1031 1382 Ecclesiam
1064 1339 1182 1395 (Eph.
1216 1344 1254 1388 ἵ),
1290 1341 1376 1395 27),
1416 1346 1458 1381 et
1489 1340 1633 1381 fideles
1663 1345 1762 1382 sunt
1792 1339 1947 1382 Christi

201 1415 256 1463 (Ἰ.
283 1412 377 1455 Cor.
401 1417 438 1463 3,
463 1414 550 1469 23),
583 1417 624 1453 et
655 1413 743 1453 sive
777 1412 933 1456 vivunt,
965 1411 1145 1452 Domino
1178 1412 1334 1461 vivere,
1366 1412 1454 1452 sive
1481 1412 1731 1460 moriuntur,
1763 1411 1944 1453 Domino

200 1485 310 1525 mori
332 1488 543 1534 tenentur,
565 1488 611 1524 ut
633 1489 891 1524 mortuorum
914 1489 950 1524 et
971 1485 1158 1524 vivorum
1182 1483 1418 1523 dominetur
1440 1483 1560 1523 Rom.
1587 1487 1650 1531 14,
1677 1486 1699 1526 7
1723 1496 1777 1523 ss.

323 1577 416 1611 203.
443 1571 600 1608 Certum
616 1571 755 1608 deinde
770 1574 840 1617 est,
864 1572 980 1608 finem
1003 1571 1287 1619 proximum
1311 1573 1350 1607 et
1372 1570 1725 1607 immediatum
1745 1569 1940 1607 Ecclesiae

200 1643 287 1668 esse
309 1631 512 1668 hominum
536 1631 769 1675 salutem,
805 1632 852 1667 ut
875 1632 984 1678 patet
1004 1633 1092 1667 tum
1114 1642 1159 1667 ex
1182 1630 1357 1667 dicendis
1381 1630 1423 1666 in
1444 1632 1529 1666 toto
1559 1632 1744 1672 tractatu,
1776 1631 1863 1666 tum
1894 1640 1939 1665 ex

203 1690 397 1727 axiomata
419 1703 505 1727 mox
527 1690 740 1739 probando,
767 1716 784 1734 »
795 1692 904 1727 extra
925 1689 1135 1726 Ecclesiam
1157 1701 1237 1726 non
1259 1701 1344 1726 esse
1368 1689 1576 1733 salutem,<<
1599 1692 1687 1725 tum
1701 1701 1746 1725 ex
1760 1687 1816 1733 iis,
1841 1700 1939 1736 quae

201 1749 433 1797 profitemur
454 1749 501 1786 de
536 1749 767 1787 necessitate
801 1748 892 1785 fidei
927 1749 1054 1797 deque
1087 1749 1318 1786 necessitate
1352 1750 1392 1785 et
1424 1748 1573 1785 virtute
1596 1752 1939 1792 sacramentorum,

199 1821 370 1856 quorum
392 1808 683 1846 administratio
706 1808 927 1845 concredita
949 1813 1008 1844 est
1028 1808 1233 1853 Ecclesiae,
1267 1810 1353 1844 tum
1381 1820 1426 1844 ex
1458 1808 1534 1844 fine
1565 1807 1761 1844 missionis
1784 1805 1938 1851 Christi,

200 1880 319 1916 quem
341 1868 451 1905 misit
475 1868 576 1905 Deus
599 1868 640 1904 in
662 1868 866 1911 mundum,
891 1879 969 1904 non
990 1872 1032 1904 ‘ut
1044 1867 1190 1915 judicet
1212 1868 1409 1915 mundum,
1434 1867 1499 1903 sed
1520 1871 1560 1903 ut
1581 1867 1748 1903 salvetur
1775 1866 1941 1902 intendas

196 1940 272 1976 per
294 1928 421 1975 «ipsum
443 1927 553 1964 Joan.
579 1934 615 1973 3,
646 1933 707 1967 17.
750 1927 851 1963 Hinc
872 1930 1032 1975 propter
1059 1938 1130 1964 nos
1162 1925 1341 1964 homines
1372 1930 1624 1974 nostramque
1654 1926 1818 1962 salutem
1853 1924 1939 1961 des-

202 1986 334 2023 cendit
357 1986 404 2023 de
426 1986 556 2024 coelis.
599 1986 723 2034 Atqui
744 1986 999 2034 praecipuum
1021 1998 1119 2033 opus
1141 1985 1232 2022 Filii
1248 1985 1318 2022 Dei
1340 1987 1428 2034 post
1450 1984 1759 2034 redemptionem
1779 1983 1858 2021 fuit
1879 1983 1939 2020 in-

203 2045 361 2083 stitutio
383 2046 590 2082 Ecclesiae.
635 2044 761 2089 Quare
784 2045 904 2082 etiam
927 2044 1122 2082 Ecclesiae
1145 2044 1232 2081 finis
1255 2046 1316 2081 est
1340 2044 1542 2082 hominum
1567 2044 1685 2081 salus.

321 2129 418 2169 204.
429 2124 589 2165 Verum
604 2124 754 2165 utfinis
767 2124 981 2165 Ecclesiae
994 2124 1189 2177 proprius
1201 2124 1516 2171 determinetur,
1529 2124 1719 2173 dicimus,
1733 2122 1940 2163 Christum·

206 2198 245 2236 ἱη
270 2196 455 2237 Ecclesia
478 2200 514 2236 et
531 2210 610 2250 per
624 2194 851 2236 Ecclesiam
876 2195 979 2236 illud
1000 2196 1243 2236 continuare
1264 2196 1413 2236 salutis
1436 2209 1552 2249 opus,
1574 2195 1681 2250 quod
1704 2194 1874 2234 visibilis
1895 2194 1940 2233 in

203 2268 326 2307 terris
347 2269 491 2321 doyens
513 2266 731 2310 inchoavit.
767 2266 887 2307 Hunc
909 2278 1060 2307 revera
1082 2266 1299 2307 institutae
1322 2265 1536 2307 Ecclesiae
1559 2277 1652 2306 esse
1674 2265 1801 2306 finem
1824 2264 1940 2306 colli-

204 2338 314 2389 gitur
336 2350 387 2379 ex
409 2338 600 2390 plurimis
623 2351 653 2381 S.
679 2336 922 2390 Scripturae
946 2337 1093 2386 effatis,
1117 2349 1299 2390 quorum
1324 2349 1493 2378 summa
1515 2342 1598 2378 est:

324 2410 364 2451 l.
389 2408 531 2449 Missio
565 2409 857 2461 apostolorum
890 2420 1124 2461 eorumque
1157 2420 1465 2457 successorum,
1498 2408 1568 2461 qui
1601 2407 1832 2448 Ecclesiam
1866 2406 1941 2447 do-

207 2484 373 2520 centem
407 2480 680 2529 constituunt,
721 2485 785 2520 est
819 2480 1083 2520 continuatio
1118 2479 1332 2520 missionis
1367 2477 1542 2520 Christi:
1586 2479 1702 2521 Sicut
1734 2478 1846 2518 misit
1878 2490 1941 2517 me

204 2550 344 2603 Pater,
368 2555 403 2591 et
425 2565 496 2604 eqo
518 2552 631 2591 mitto
655 2564 734 2591 vos.
757 2549 874 2592 Haec
897 2564 987 2591 cum
1003 2551 1187 2604 dixisset,
1211 2550 1446 2604 insufflavit
1468 2555 1504 2590 et
1526 2550 1633 2590 dixit
1655 2551 1736 2590 eis:
1757 2548 1942 2603 Accipite

206 2620 410 2675 Spiritum
433 2635 488 2664 s:
519 2635 692 2676 quorum
717 2623 955 2662 remiseritis
971 2626 1156 2675 peccata,
1184 2622 1451 2662 remittuntur
1472 2622 1553 2662 eis.-
1582 2625 1617 2661 et
1647 2632 1819 2675 quorum
1843 2620 1940 2659 reti-

207 2693 395 2743 nueritis,
417 2698 573 2734 retenta
595 2698 691 2733 sunt
713 2692 835 2736 Joan.
859 2696 926 2742 20,
949 2695 1003 2736 21
1028 2706 1070 2742 s,
1094 2705 1218 2745 quem
1241 2693 1284 2732 in
1306 2692 1330 2736 l.
1354 2691 1402 2734 cf.
1426 2691 1716 2732 Franzelin
1739 2691 1795 2731 th.
1819 2693 1856 2734 9.

323 2763 366 2805 2.
392 2762 523 2814 Hujus
547 2763 759 2804 missionis
782 2764 988 2804 terminus
1010 2768 1108 2804 sunt
1130 2775 1280 2804 omnes
1312 2768 1469 2814 gentes,
1501 2775 1606 2815 quas
1629 2761 1819 2803 Christus
1841 2774 1940 2803 san-

207 2834 330 2885 guine
352 2845 430 2874 suo
453 2833 643 2881 redemit,
675 2835 813 2874 omnis
837 2839 1034 2875 creatura
1056 2834 1310 2889 (rationalis)
1333 2845 1468 2886 usque
1490 2834 1543 2873 ad
1568 2833 1758 2874 ultimum
1782 2838 1941 2874 terrae:

208 2904 326 2945 Data
348 2908 404 2944 est
426 2903 527 2944 milae?
550 2906 681 2944 omnis
701 2909 883 2959 potestas
904 2906 946 2945 in
970 2905 1075 2945 coelo
1099 2909 1135 2944 et
1167 2906 1206 2945 in
1235 2909 1361 2944 terra.
1407 2907 1569 2945 Euntes
1590 2918 1682 2958 erqo
1705 2904 1838 2945 docete
1859 2917 1940 2943 om-

206 2987 276 3015 nes
294 2978 446 3028 yenteS,
470 2974 729 3027 baptizantes
751 2988 816 3015 eos
839 2980 915 3016 etc.
959 2975 1103 3016 Matth.
1128 2978 1195 3024 28,
1225 2978 1274 3019 18
1298 2988 1349 3022 s.;
1371 2974 1461 3016 Act.
1491 2977 1524 3022 1,
1548 2978 1585 3019 8.

325 3047 368 3088 3.
393 3044 544 3086 Munus
566 3057 667 3086 vero
691 3046 880 3098 ejusdem
905 3052 979 3095 est,
1006 3046 1201 3087 homines
1224 3046 1379 3087 docere
1404 3046 1512 3086 viam
1537 3045 1695 3091 salutis,
1727 3045 1892 3086 solvere
1914 3057 1941 3086 a

207 3117 404 3168 peccatis,
437 3116 600 3157 donare
623 3117 709 3157 vita
741 3122 782 3157 et
807 3118 943 3159 salute
965 3129 1039 3158 seu
1063 3129 1138 3158 eos
1160 3117 1387 3169 participes
1409 3116 1587 3157 reddere
1610 3117 1819 3157 fructuum
1842 3128 1940 3168 pas-
