2175 3382
677 133 938 177 propagandae
956 132 1147 176 religionis
1167 133 1397 166 christianae.
1817 137 1898 179 133

168 254 312 297 113111,
347 253 491 302 quibus
515 254 778 302 arrogantiam
801 253 1082 290 haereticorum
1114 253 1175 290 sui
1197 254 1382 301 temporis
1404 254 1635 303 perstringit
1666 254 1712 291 de
1733 266 1900 303 praescr.

165 326 198 351 0.
224 319 297 353 28:
336 313 446 362 „Age
468 324 584 357 nunc,
608 324 740 349 omnes
763 312 1000 355 erraverint;
1034 311 1219 360 deceptus
1243 312 1294 348 sit
1316 315 1354 348 et
1375 313 1587 359 Apostolus
1609 312 1654 350 de
1676 313 1899 351 testimonio

169 371 388 416 reddend03
429 371 583 408 nullam
614 367 848 423 (ecclesiam)
881 370 1094 418 respexerit
1125 370 1294 418 Spiritus
1326 374 1491 415 sanctus,
1524 371 1585 407 uti
1617 384 1699 407 eam
1730 372 1770 409 in
1801 371 1900 409 veri-

167 433 290 468 tatem
313 429 533 474 deduceret,
556 429 604 466 ad
627 429 698 466 hoc
720 429 863 466 missus
885 442 906 465 a
929 429 1093 476 Christo,
1121 429 1168 465 ad
1190 429 1260 466 hoc
1281 429 1503 478 postulatus
1526 429 1572 465 de
1594 430 1718 475 Patre,
1742 433 1787 467 ut
1800 433 1901 468 esset

166 490 301 527 doctor
322 488 527 532 veritatis3
562 488 779 537 neglexerit
801 487 971 524 officium
995 487 1065 524 Dei
1088 487 1254 532 villicus,
1289 487 1432 524 Christi
1464 488 1644 533 vicarius,
1678 489 1808 526 sinens
1840 501 1899 526 ec-

168 548 305 585 clesias
329 547 446 585 aliter
468 547 628 584 interim
651 547 886 596 intelligere,
911 546 1026 583 aliter
1048 546 1214 591 credere,
1250 546 1354 594 quod
1377 546 1461 594 ipse
1484 558 1552 594 per
1576 548 1768 595 apostolos
1790 560 1898 595 prae-

168 607 343 644 dicabat:
379 605 518 654 ecquid
542 605 754 643 verisimile
778 607 849 650 est,
873 607 919 642 ut
940 607 1000 642 tot
1024 617 1066 641 ac
1088 606 1222 641 tantae
1244 605 1285 641 in
1307 617 1425 641 unam
1448 604 1562 641 fidem
1586 606 1827 642 erraverint?
1843 635 1874 644 ..

171 665 334 714 Quoquo
356 665 468 702 modo
493 664 543 702 sit
574 666 760 710 erratum,
792 664 945 700 tamdiu
975 663 1118 711 utique
1148 663 1327 712 regnavit
1358 675 1476 708 error,
1509 664 1696 710 quamdiu
1727 665 1900 701 haereses

170 737 248 762 non
269 726 391 761 erant.
426 723 592 771 Aliquos
613 723 864 760 marcionitas
886 725 925 759 et
946 722 1234 759 valentinianos
1255 722 1459 758 liberanda
1473 722 1616 759 veritas
1631 723 1899 771 exspectabat;

168 783 320 820 interea
352 795 557 832 perperam
593 782 945 831 evangelizabatur,
982 794 1182 829 perperam
1216 781 1443 818 credebatur
1474 783 1573 818 etc.<⁴
1617 781 1718 830 Lege
1740 784 1900 830 Augu-

169 842 364 879 stinum
387 842 433 879 de
455 841 543 880 util.
568 841 669 878 cred.
692 854 729 877 n.
756 848 820 881 31.

292 924 385 965 121.
410 920 569 972 Quibus
591 920 802 961 lemmatis
825 921 958 959 instar
979 919 1223 971 praemissis
1246 930 1383 970 pauca
1405 919 1615 971 quaedam
1631 931 1682 959 ex
1697 918 1901 959 sentiendi

172 992 339 1032 ratione
363 991 620 1032 christianae
643 991 903 1043 antiquitatis
927 989 1159 1030 delibemus
1172 992 1212 1045 1).
1254 989 1417 1030 Docent
1440 995 1581 1042 patres

289 1064 330 1106 1.
354 1061 408 1103 ab
441 1062 733 1114 apostolorum
765 1060 1093 1109 successoribus,
1128 1060 1169 1100 in
1201 1060 1346 1112 primis
1368 1071 1467 1100 vero
1502 1060 1555 1100 ab
1588 1060 1775 1100 ecclesiis
1798 1071 1901 1111 apo-

169 1133 329 1174 stolicis
352 1133 589 1174 doctrinam
613 1131 767 1174 Christi
789 1144 882 1173 esse
904 1131 1194 1173 hauriendam.

287 1218 418 1263 „Quid
432 1221 564 1256 autem
579 1218 891 1266 praedicaverint
913 1217 1090 1266 3ρο31011
1115 1216 1253 1253 scribit
1275 1217 1302 1253 'l
1315 1229 1365 1253 er
1375 1217 1515 1263 tulli
1516 1229 1639 1267 anus
1670 1216 1716 1252 de
1738 1227 1899 1264 praescr

165 1289 196 1314 0.
223 1278 335 1322 21,1
358 1290 388 1314 3.
412 1278 510 1343 quid
534 1277 614 1314 illis
638 1277 815 1314 Christus
838 1277 1080 1321 1Η3νο13173111,
1107 1281 1145 1312 et
1167 1276 1228 1312 hic
1248 1275 1519 1340 praescribam]
1554 1288 1632 1312 non
1665 1274 1782 1311 aliter
1812 1240 1912 1345 pro-i

167 1337 253 1373 bari
275 1336 426 1382 deber,e
459 1336 537 1374 nisi
559 1349 630 1385 per
651 1336 804 1373 easdem
826 1336 1019 1380 ecclesias,
1053 1347 1149 1383 quas
1184 1334 1260 1382 ipsi
1282 1334 1447 1382 apostoli
1470 1334 1731 1371 condiderunt
1752 1333 1828 1382 ipsi
1849 1319 1916 1369 eisl

167 1396 423 1444 praedicando
446 1398 524 1432 tam
549 1395 650 1441 viva,
685 1397 731 1432 ut
752 1396 866 1443 aiunt
887 1406 989 1438 voce,
1028 1407 1145 1442 quam
1166 1406 1236 1442 per
1258 1393 1442 1442 epistolas
1473 1395 1619 1441 postea.
1661 1392 1701 1429 Si
1732 1392 1823 1428 haec
1851 1391 1921 1456 ita¹
2061 1396 2128 1450 [ψ’

170 1456 274 1498 sunt,
308 1457 463 1492 constat
486 1455 648 1503 proinde
673 1465 825 1491 omnem
859 1453 1087 1497 doctrinam,
1124 1465 1223 1500 quae
1255 1464 1342 1489 cum
1364 1452 1445 1488 iliis
1479 1452 1650 1489 ecclesiis
1683 1450 1922 1516 apostolicis!
2010 1428 2056 1490 l

169 1513 397 1551 matricibus
429 1517 466 1550 et
499 1513 759 1563 originalibus
790 1512 882 1549 fidei
916 1512 1122 1560 conspiret
1158 1511 1317 1548 veritati
1351 1510 1633 1559 deputandam:
1670 1510 1752 1547 sine
1786 1509 1915 1560 dubio
1939 1510 1992 1550 N

168 1574 370 1610 tenentem
393 1572 498 1621 quod
521 1573 703 1610 ecclesiae
735 1572 782 1609 ab
813 1571 1008 1620 apostolis,
1044 1571 1212 1618 apostoli
1243 1583 1264 1606 a
1288 1570 1448 1615 Christo,
1483 1569 1660 1606 Christus
1692 1582 1712 1605 a
1734 1568 1812 1605 Deo
1844 1579 1886 1604 30

168 1631 288 1679 cepit,
324 1632 516 1680 reliquam
549 1644 641 1668 vero
678 1643 831 1668 omnem
864 1630 1081 1667 doctrinam
1114 1629 1160 1666 de
1191 1628 1390 1665 mendacio
1422 1627 1771 1676 praejudicandam,
1806 1586 1963 1695 quael

170 1691 298 1738 sapiat
319 1692 455 1727 contra
476 1690 685 1728 veritatem
708 1689 955 1726 ecclesiarum
990 1691 1027 1725 et
1063 1688 1328 1736 apostolorum
1351 1690 1390 1724 et
1413 1686 1555 1729 Christi
1579 1688 1618 1724 et
1638 1687 1718 1723 Dei.
1729 1691 1746 1709 «
1790 1685 1842 1724 Cf
1865 1688 1931 1727 et

167 1749 252 1786 adv.
286 1750 399 1787 Marc.
422 1750 487 1791 IV.
523 1756 542 1789 5
571 1761 702 1820 opusc.
725 1749 787 1793 IX,
824 1754 887 1788 81.
911 1769 967 1774 —-—
990 1747 1039 1784 Et
1061 1748 1308 1783 irenaeus
1339 1748 1430 1794 post
1460 1746 1577 1783 verba
1608 1758 1644 1783 n.
1673 1751 1750 1785 108
1786 1744 1931 1781 relata

1972 1562 1988 1582 Ὢ

173 1809 336 1845 statuit:
361 1834 378 1852 ,,
391 1807 494 1852 Quid
517 1808 650 1844 enim?
674 1810 713 1844 et
735 1807 766 1844 31
789 1807 835 1844 (13
849 1807 982 1854 aliqua
1004 1805 1154 1842 modica
1169 1805 1377 1854 quaetione
1392 1804 1624 1852 disceptatio
1642 1806 1753 1847 esset,
1776 1815 1904 1840 nonne
1919 1786 2015 1862 ff?
2040 1792 2118 1843 ‚³⁵⁸
2146 1795 2170 1798 ”

173 1870 373 1915 oporteret
393 1868 436 1904 in
457 1866 750 1915 antiquissimas
783 1878 983 1903 recurrere
1018 1864 1207 1908 ecclesias,
1242 1865 1285 1900 in
1318 1864 1461 1912 quibus
1492 1862 1659 1911 apostoli
1693 1861 1907 1899 conversati

170 1928 275 1970 sunt,
300 1927 348 1963 ab
371 1926 427 1963 313
451 1926 497 1963 de
519 1925 718 1975 praesenti
741 1924 970 1974 quaestione
994 1935 1148 1960 sumere
1172 1923 1275 1971 quod
1299 1925 1447 1959 certum
1471 1925 1509 1959 et
1523 1921 1772 1969 reliquidum
1794 1922 1905 1957 331ἶΜ
1951 1957 1955 1964 ,
1997 1958 2010 1965 Ψ
2050 1935 2058 1945 »

170 1984 344 2036 Quorum
368 1985 576 2022 verborum
600 1996 738 2022 sensus
761 1987 864 2021 certe
886 1995 963 2020 non
995 1986 1067 2027 est,
1101 1984 1258 2019 tantum
1289 1982 1331 2018 in
1362 1981 1587 2029 quaestione
1618 1981 1661 2017 de
1691 1993 1732 2016 re
1762 1980 1908 2016 modica

171 2043 268 2080 hanc
292 2056 371 2081 esse
395 2044 626 2081 servandam
648 2043 888 2087 methodum,
927 2042 994 2079 sed
1018 2054 1107 2078 cum
1129 2041 1192 2078 vel
1213 2041 1254 2077 in
1277 2040 1501 2088 quaestione
1524 2040 1569 2076 de
1593 2052 1633 2076 re
1656 2039 1805 2076 modica
1826 2050 1905 2074 ser-

172 2103 297 2139 vanda
319 2103 381 2148 sit,
406 2116 427 2140 a
449 2102 602 2140 fortiori
624 2102 665 2138 in
690 2102 915 2150 quaestione
939 2101 984 2138 de
1007 2113 1048 2137 re
1071 2099 1197 2149 gravi.
1240 2099 1283 2136 Id
1305 2101 1416 2148 patet
1448 2112 1491 2135 ex
1513 2100 1574 2135 tot
1596 2098 1683 2135 aliis
1706 2096 1909 2134 Irenaei

171 2161 278 2204 10013,
305 2174 349 2198 ex
371 2163 455 2210 ejus
479 2174 593 2210 scopo
615 2161 821 2209 polemico,
846 2173 890 2197 ex
912 2160 995 2209 ipso
1018 2161 1216 2203 contextu,
1241 2170 1328 2195 cum
1351 2170 1437 2195 mox
1460 2157 1594 2194 doceat
1616 2157 1760 2193 multas
1774 2158 1909 2205 gentes

171 2220 356 2258 barbaras
380 2221 417 2257 vi
438 2220 664 2258 traditionis
688 2220 774 2257 sine
797 2219 1009 2268 Scripturis
1023 2217 1115 2255 fidei
1129 2230 1321 2255 summam
1335 2217 1514 2254 didicisse
1531 2214 1592 2267 (cf.
1608 2216 1727 2253 verba
1740 2228 1776 2251 n.
1798 2222 1812 2254 1
1830 2210 1906 2265 18),

171 2278 323 2316 Iterum
344 2280 447 2317 idem
470 2292 498 2317 3.
521 2280 654 2316 0100101·
675 2279 740 2324 IV,
767 2285 817 2319 26
842 2278 1035 2315 inculcat:
1074 2277 1348 2324 „Quaptopter
1369 2276 1436 2320 eis,
1460 2275 1528 2323 qui
1550 2275 1590 2311 in
1613 2274 1782 2311 Ecclesia
1804 2274 1906 2316 sunt,

317 2405 345 2449 ¹)
365 2404 631 2448 Expendantur
648 2405 740 2439 bene
758 2404 849 2437 haec
868 2402 1081 2437 testimonia
1110 2403 1147 2435 et
1174 2399 1368 2444 apparebit
1394 2400 1584 2433 harmonia
1609 2398 1797 2432 doctrinae
1814 2397 1910 2430 inter

171 2458 306 2501 patres,
327 2457 389 2500 qui
408 2456 612 2491 floruerunt
630 2460 714 2490 ante
742 2458 788 2490 ni
802 2466 880 2489 cae
892 2468 915 2488 n
928 2467 997 2488 um
1025 2454 1232 2494 concilium,
1261 2454 1299 2487 et
1317 2463 1388 2494 303,
1417 2453 1479 2496 qui
1506 2453 1591 2496 post
1608 2451 1702 2485 illud
1720 2451 1906 2484 vixerunt:

176 2520 294 2552 neque
313 2509 411 2543 enim
430 2510 578 2545 admitti
597 2509 706 2543 debet
725 2508 923 2543 discrimen
940 2509 1035 2541 inter
1053 2506 1236 2551 principia
1250 2504 1434 2539 Ecclesiae
1449 2508 1534 2539 ante
1552 2504 1644 2538 illud
1662 2503 1854 2537 concilium
1874 2502 1909 2535 et

174 2561 356 2597 Ecclesiae
369 2563 586 2607 posterioris
606 2562 739 2597 aetatis
758 2573 779 2595 a
796 2561 1090 2606 protestantibus
1119 2558 1307 2593 nonnullis
1333 2560 1520 2597 assertum,
1540 2556 1638 2601 quod
1656 2556 1732 2592 scil.
1751 2555 1909 2589 Ecclesia

175 2626 249 2649 uno
267 2616 432 2660 tempore
460 2616 698 2660 apostolicam
733 2615 913 2660 originem
942 2625 1028 2648 suae
1055 2613 1245 2647 doctrinae
1271 2611 1492 2646 testimoniis
1511 2621 1607 2644 mere
1637 2607 1908 2645 historicis,

173 2669 341 2713 tempore
369 2670 441 2703 alio
471 2680 526 2703 au
538 2671 583 2703 ct
595 2679 614 2702 o
626 2681 643 2702 r
654 2669 693 2702 it
705 2680 725 2702 a
737 2670 753 2701 t
765 2678 783 2702 e
814 2667 869 2701 sui
888 2666 1095 2711 magisterii
1116 2666 1302 2700 vindicare
1322 2664 1571 2701 consueverit:
1592 2674 1678 2696 nam
1696 2661 1855 2696 Ecclesia
1875 2662 1908 2695 1.

175 2720 308 2779 quovis
326 2723 491 2765 tempore
506 2722 552 2756 ad
567 2722 799 2756 authentiam
814 2721 870 2754 sui
884 2719 1106 2764 magisterii:
1127 2719 1255 2762 quovis
1270 2718 1382 2752 etiam
1395 2716 1590 2761 temporeo
1570 2738 1605 2751 ....
1618 2715 1664 2749 ad
1675 2714 1907 2748 traditiontm

175 2774 369 2818 majorum,
389 2777 502 2818 atque
520 2775 566 2808 ad
583 2775 731 2819 patrum
746 2773 1047 2818 praecedentium
1061 2772 1264 2805 doctrinam
1281 2770 1510 2814 provocavit;
1529 2768 1696 2812 quamvis
1709 2768 1745 2802 3.
1762 2763 1907 2799 (01103ᾰί

176 2827 305 2871 possit,
336 2827 491 2861 subinde
517 2828 642 2871 potius
668 2828 748 2866 hoc⁷
776 2825 930 2860 subinde
958 2825 1059 2858 aliud
1090 2823 1311 2858 elementum
1336 2822 1447 2856 fuisse
1474 2822 1708 2856 inculcatum
1743 2818 1907 2852 Ceterum

176 2879 213 2914 4.
232 2879 365 2913 mirum
385 2889 462 2913 esse
490 2891 565 2914 non
582 2879 700 2920 debet,
729 2879 760 2912 si
777 2880 900 2923 patres
928 2876 1161 2911 antenicaeni
1186 2885 1451 2918 nonnunquam
1478 2874 1674 2919 provocent
1693 2872 1738 2904 ad
1758 2880 1908 2914 1111]0103

177 2934 325 2965 tantum
343 2933 385 2965 ut
402 2932 448 2966 ad
466 2934 579 2966 testes
596 2933 803 2966 historicos.
822 2931 944 2964 Nam
935 2943 975 2964 111
993 2931 1070 2964 tam
1088 2930 1229 2964 recenti
1248 2928 1389 2973 origine
1404 2928 1441 2961 et
1455 2926 1701 2960 adolescentia
1718 2921 1908 2965 religionis

177 2984 404 3019 christianae
422 2985 491 3019 hoc
509 2985 715 3019 sufficiebat
741 2984 788 3018 ad
815 2983 1111 3018 confundendam
1130 2982 1396 3016 haereticorum
1414 2978 1669 3015 temeritatem
1698 2987 1797 3009 nec
1783 2974 1905 3008 statim

178 3037 440 3071 recurrendum
460 3039 539 3071 erat
557 3038 602 3071 ad
620 3038 845 3072 elementum
862 3035 1068 3080 magisterii
1086 3033 1377 3078 supernaturale,
1406 3032 1480 3068 scil.
1508 3031 1553 3064 ad
1584 3030 1659 3073 ejus
1678 3025 1905 3061 authentiam

181 3089 355 3124 divinam.
393 3089 444 3124 Cf.
463 3090 490 3123 F
502 3102 520 3123 r
531 3101 551 3123 a
563 3102 587 3124 n
599 3103 616 3124 z
629 3089 730 3124 elin
749 3091 802 3124 th.
828 3093 878 3125 10.
