<?xml version="1.0" encoding="UTF-8"?>
<!DOCTYPE html PUBLIC "-//W3C//DTD XHTML 1.0 Transitional//EN"
    "http://www.w3.org/TR/xhtml1/DTD/xhtml1-transitional.dtd">
<html xmlns="http://www.w3.org/1999/xhtml" xml:lang="en" lang="en">
 <head>
  <title>
</title>
<meta http-equiv="Content-Type" content="text/html;charset=utf-8" />
  <meta name='ocr-system' content='tesseract 3.04.00' />
  <meta name='ocr-capabilities' content='ocr_page ocr_carea ocr_par ocr_line ocrx_word'/>
</head>
<body>
  <div class='ocr_page' id='page_1' title='image "./theologiaedogmat01hurt/theologiaedogmat01hurt_0085.png"; bbox 0 0 2175 3382; ppageno 0'>
   <div class='ocr_carea' id='block_1_1' title="bbox 1020 97 1980 149">
    <p class='ocr_par' dir='ltr' id='par_1_1' title="bbox 1020 97 1980 149">
     <span class='ocr_line' id='line_1_1' title="bbox 1020 97 1980 149; baseline 0 -19"><span class='ocrx_word' id='word_1_1' title='bbox 1020 97 1206 131; x_wconf 78' lang='lat' dir='ltr'>vaticinia.</span> <span class='ocrx_word' id='word_1_2' title='bbox 1924 108 1980 149; x_wconf 70' lang='lat'>75</span> 
     </span>
    </p>
   </div>
   <div class='ocr_carea' id='block_1_2' title="bbox 239 213 1979 1328">
    <p class='ocr_par' dir='ltr' id='par_1_2' title="bbox 239 213 1979 1328">
     <span class='ocr_line' id='line_1_2' title="bbox 245 213 1978 268; baseline 0.004 -12"><span class='ocrx_word' id='word_1_3' title='bbox 245 226 354 268; x_wconf 85' lang='lat' dir='ltr'>quae</span> <span class='ocrx_word' id='word_1_4' title='bbox 375 214 442 255; x_wconf 90' lang='lat' dir='ltr'>ille</span> <span class='ocrx_word' id='word_1_5' title='bbox 456 213 704 262; x_wconf 72' lang='lat' dir='ltr'>aedificavit,</span> <span class='ocrx_word' id='word_1_6' title='bbox 727 225 853 254; x_wconf 91' lang='lat' dir='ltr'>nemo</span> <span class='ocrx_word' id='word_1_7' title='bbox 869 214 1084 264; x_wconf 68' lang='lat' dir='ltr'>destruxit,</span> <span class='ocrx_word' id='word_1_8' title='bbox 1108 220 1150 256; x_wconf 93' lang='lat' dir='ltr'>et</span> <span class='ocrx_word' id='word_1_9' title='bbox 1164 216 1351 268; x_wconf 90' lang='lat' dir='ltr'>quaeille</span> <span class='ocrx_word' id='word_1_10' title='bbox 1367 217 1583 266; x_wconf 81' lang='lat' dir='ltr'>destruxit,</span> <span class='ocrx_word' id='word_1_11' title='bbox 1606 231 1732 260; x_wconf 88' lang='lat' dir='ltr'>nemo</span> <span class='ocrx_word' id='word_1_12' title='bbox 1751 221 1943 263; x_wconf 75' lang='lat' dir='ltr'>aedificat</span> <span class='ocrx_word' id='word_1_13' title='bbox 1957 224 1978 263; x_wconf 62' lang='grc' dir='ltr'>Ρ</span> 
     </span>
     <span class='ocr_line' id='line_1_3' title="bbox 243 283 1975 345; baseline 0.005 -19"><span class='ocrx_word' id='word_1_14' title='bbox 243 284 492 326; x_wconf 88' lang='lat' dir='ltr'>Aedificavit</span> <span class='ocrx_word' id='word_1_15' title='bbox 506 283 737 324; x_wconf 82' lang='lat' dir='ltr'>Ecclesiam</span> <span class='ocrx_word' id='word_1_16' title='bbox 761 288 802 325; x_wconf 87' lang='lat' dir='ltr'>et</span> <span class='ocrx_word' id='word_1_17' title='bbox 822 296 949 325; x_wconf 91' lang='lat' dir='ltr'>nemo</span> <span class='ocrx_word' id='word_1_18' title='bbox 971 285 1108 337; x_wconf 82' lang='lat' dir='ltr'>ipsam</span> <span class='ocrx_word' id='word_1_19' title='bbox 1131 285 1348 327; x_wconf 89' lang='lat' dir='ltr'>destruere</span> <span class='ocrx_word' id='word_1_20' title='bbox 1371 288 1524 338; x_wconf 88' lang='lat' dir='ltr'>potuit:</span> <span class='ocrx_word' id='word_1_21' title='bbox 1548 289 1755 331; x_wconf 79' lang='lat' dir='ltr'>destruxit</span> <span class='ocrx_word' id='word_1_22' title='bbox 1774 292 1975 345; x_wconf 87' lang='lat' dir='ltr'>templum</span> 
     </span>
     <span class='ocr_line' id='line_1_4' title="bbox 244 355 1979 416; baseline 0.004 -19"><span class='ocrx_word' id='word_1_23' title='bbox 244 360 286 397; x_wconf 87' lang='lat' dir='ltr'>et</span> <span class='ocrx_word' id='word_1_24' title='bbox 306 367 433 396; x_wconf 90' lang='lat' dir='ltr'>nemo</span> <span class='ocrx_word' id='word_1_25' title='bbox 455 355 594 407; x_wconf 90' lang='lat' dir='ltr'>ipsum</span> <span class='ocrx_word' id='word_1_26' title='bbox 615 358 857 395; x_wconf 86' lang='lat' dir='ltr'>restaurare</span> <span class='ocrx_word' id='word_1_27' title='bbox 878 355 1000 404; x_wconf 82' lang='lat' dir='ltr'>valet,</span> <span class='ocrx_word' id='word_1_28' title='bbox 1022 355 1146 408; x_wconf 88' lang='lat' dir='ltr'>idque</span> <span class='ocrx_word' id='word_1_29' title='bbox 1164 356 1255 408; x_wconf 83' lang='lat' dir='ltr'>jam</span> <span class='ocrx_word' id='word_1_30' title='bbox 1278 356 1474 397; x_wconf 90' lang='lat' dir='ltr'>diuturno</span> <span class='ocrx_word' id='word_1_31' title='bbox 1499 362 1688 410; x_wconf 87' lang='lat' dir='ltr'>tempore</span> <span class='ocrx_word' id='word_1_32' title='bbox 1710 363 1760 416; x_wconf 85' lang='lat'>1):</span> <span class='ocrx_word' id='word_1_33' title='bbox 1783 363 1979 414; x_wconf 86' lang='lat' dir='ltr'>quamvis</span> 
     </span>
     <span class='ocr_line' id='line_1_5' title="bbox 242 425 1976 479; baseline 0.005 -13"><span class='ocrx_word' id='word_1_34' title='bbox 242 426 357 467; x_wconf 90' lang='lat' dir='ltr'>illam</span> <span class='ocrx_word' id='word_1_35' title='bbox 379 426 596 467; x_wconf 86' lang='lat' dir='ltr'>destruere</span> <span class='ocrx_word' id='word_1_36' title='bbox 618 425 884 474; x_wconf 77' lang='lat' dir='ltr'>tentaverint,</span> <span class='ocrx_word' id='word_1_37' title='bbox 914 437 1000 466; x_wconf 92' lang='lat' dir='ltr'>non</span> <span class='ocrx_word' id='word_1_38' title='bbox 1022 430 1199 477; x_wconf 86' lang='lat' dir='ltr'>potuere</span> <span class='ocrx_word' id='word_1_39' title='bbox 1222 430 1386 475; x_wconf 70' lang='lat' dir='ltr'>tamem</span> <span class='ocrx_word' id='word_1_40' title='bbox 1420 430 1611 479; x_wconf 87' lang='lat' dir='ltr'>quamvis</span> <span class='ocrx_word' id='word_1_41' title='bbox 1634 430 1715 471; x_wconf 87' lang='lat' dir='ltr'>hoc</span> <span class='ocrx_word' id='word_1_42' title='bbox 1737 431 1879 473; x_wconf 88' lang='lat' dir='ltr'>denuo</span> <span class='ocrx_word' id='word_1_43' title='bbox 1904 444 1976 473; x_wconf 78' lang='lat' dir='ltr'>ex—</span> 
     </span>
     <span class='ocr_line' id='line_1_6' title="bbox 243 495 1975 555; baseline 0.004 -18"><span class='ocrx_word' id='word_1_44' title='bbox 243 497 374 537; x_wconf 86' lang='lat' dir='ltr'>citare</span> <span class='ocrx_word' id='word_1_45' title='bbox 396 496 539 537; x_wconf 88' lang='lat' dir='ltr'>conati</span> <span class='ocrx_word' id='word_1_46' title='bbox 560 496 654 544; x_wconf 78' lang='lat' dir='ltr'>sint,</span> <span class='ocrx_word' id='word_1_47' title='bbox 676 495 717 535; x_wconf 90' lang='lat' dir='ltr'>id</span> <span class='ocrx_word' id='word_1_48' title='bbox 739 495 894 536; x_wconf 84' lang='lat' dir='ltr'>frustra</span> <span class='ocrx_word' id='word_1_49' title='bbox 915 496 1049 536; x_wconf 89' lang='lat' dir='ltr'>moliti</span> <span class='ocrx_word' id='word_1_50' title='bbox 1070 501 1179 539; x_wconf 86' lang='lat' dir='ltr'>sunt.</span> <span class='ocrx_word' id='word_1_51' title='bbox 1222 496 1265 537; x_wconf 89' lang='lat' dir='ltr'>ld</span> <span class='ocrx_word' id='word_1_52' title='bbox 1288 509 1388 538; x_wconf 91' lang='lat' dir='ltr'>vero</span> <span class='ocrx_word' id='word_1_53' title='bbox 1412 499 1662 550; x_wconf 88' lang='lat' dir='ltr'>permissum</span> <span class='ocrx_word' id='word_1_54' title='bbox 1688 501 1771 549; x_wconf 71' lang='lat' dir='ltr'>fuit,</span> <span class='ocrx_word' id='word_1_55' title='bbox 1807 514 1859 543; x_wconf 90' lang='lat' dir='ltr'>ne</span> <span class='ocrx_word' id='word_1_56' title='bbox 1882 504 1975 555; x_wconf 87' lang='lat' dir='ltr'>quis</span> 
     </span>
     <span class='ocr_line' id='line_1_7' title="bbox 242 565 1975 625; baseline 0.004 -18"><span class='ocrx_word' id='word_1_57' title='bbox 242 567 411 616; x_wconf 72' lang='lat' dir='ltr'>diceret,</span> <span class='ocrx_word' id='word_1_58' title='bbox 444 567 479 607; x_wconf 91' lang='lat' dir='ltr'>si</span> <span class='ocrx_word' id='word_1_59' title='bbox 500 566 540 607; x_wconf 89' lang='lat' dir='ltr'>id</span> <span class='ocrx_word' id='word_1_60' title='bbox 563 570 772 607; x_wconf 88' lang='lat' dir='ltr'>tentatum</span> <span class='ocrx_word' id='word_1_61' title='bbox 795 570 918 616; x_wconf 86' lang='lat' dir='ltr'>esset,</span> <span class='ocrx_word' id='word_1_62' title='bbox 950 565 1040 607; x_wconf 86' lang='lat' dir='ltr'>fieri</span> <span class='ocrx_word' id='word_1_63' title='bbox 1071 568 1283 619; x_wconf 86' lang='lat' dir='ltr'>potuisse:</span> <span class='ocrx_word' id='word_1_64' title='bbox 1315 580 1414 609; x_wconf 92' lang='lat' dir='ltr'>ecce</span> <span class='ocrx_word' id='word_1_65' title='bbox 1438 573 1707 610; x_wconf 85' lang='lat' dir='ltr'>tentaverunt</span> <span class='ocrx_word' id='word_1_66' title='bbox 1729 577 1770 612; x_wconf 92' lang='lat' dir='ltr'>et</span> <span class='ocrx_word' id='word_1_67' title='bbox 1792 585 1876 613; x_wconf 88' lang='lat' dir='ltr'>non</span> <span class='ocrx_word' id='word_1_68' title='bbox 1900 586 1975 625; x_wconf 92' lang='lat' dir='ltr'>po-</span> 
     </span>
     <span class='ocr_line' id='line_1_8' title="bbox 241 636 1976 690; baseline 0.003 -12"><span class='ocrx_word' id='word_1_69' title='bbox 241 641 435 681; x_wconf 88' lang='lat' dir='ltr'>tuerunt.</span> <span class='ocrx_word' id='word_1_70' title='bbox 460 670 466 677; x_wconf 94' lang='lat'><strong>.</strong></span> <span class='ocrx_word' id='word_1_71' title='bbox 490 671 499 680; x_wconf 89' lang='lat'><strong>.</strong></span> <span class='ocrx_word' id='word_1_72' title='bbox 522 636 630 678; x_wconf 87' lang='lat' dir='ltr'>Nam</span> <span class='ocrx_word' id='word_1_73' title='bbox 645 637 777 678; x_wconf 87' lang='lat' dir='ltr'>virtus</span> <span class='ocrx_word' id='word_1_74' title='bbox 793 636 958 686; x_wconf 81' lang='lat' dir='ltr'>Christi,</span> <span class='ocrx_word' id='word_1_75' title='bbox 983 650 1092 690; x_wconf 89' lang='lat' dir='ltr'>quae</span> <span class='ocrx_word' id='word_1_76' title='bbox 1108 637 1340 679; x_wconf 79' lang='lat' dir='ltr'>Ecclesiam</span> <span class='ocrx_word' id='word_1_77' title='bbox 1364 639 1610 689; x_wconf 80' lang='lat' dir='ltr'>aedificavit,</span> <span class='ocrx_word' id='word_1_78' title='bbox 1634 641 1781 682; x_wconf 84' lang='lat' dir='ltr'>eadem</span> <span class='ocrx_word' id='word_1_79' title='bbox 1805 648 1846 683; x_wconf 89' lang='lat' dir='ltr'>et</span> <span class='ocrx_word' id='word_1_80' title='bbox 1868 648 1976 684; x_wconf 86' lang='lat' dir='ltr'>tem-</span> 
     </span>
     <span class='ocr_line' id='line_1_9' title="bbox 240 707 1976 762; baseline 0.003 -13"><span class='ocrx_word' id='word_1_81' title='bbox 240 709 356 761; x_wconf 91' lang='lat' dir='ltr'>plum</span> <span class='ocrx_word' id='word_1_82' title='bbox 386 708 631 751; x_wconf 87' lang='lat' dir='ltr'>destruxit.“</span> <span class='ocrx_word' id='word_1_83' title='bbox 675 707 976 759; x_wconf 81' lang='lat' dir='ltr'>insignioribus</span> <span class='ocrx_word' id='word_1_84' title='bbox 998 709 1220 757; x_wconf 71' lang='lat' dir='ltr'>vaticiniis,</span> <span class='ocrx_word' id='word_1_85' title='bbox 1253 709 1404 761; x_wconf 89' lang='lat' dir='ltr'>quibus</span> <span class='ocrx_word' id='word_1_86' title='bbox 1434 710 1638 762; x_wconf 82' lang='lat' dir='ltr'>probetur</span> <span class='ocrx_word' id='word_1_87' title='bbox 1660 712 1802 753; x_wconf 83' lang='lat' dir='ltr'>divina</span> <span class='ocrx_word' id='word_1_88' title='bbox 1824 712 1976 755; x_wconf 76' lang='lat' dir='ltr'>Christi</span> 
     </span>
     <span class='ocr_line' id='line_1_10' title="bbox 241 778 1976 836; baseline 0.003 -16"><span class='ocrx_word' id='word_1_89' title='bbox 241 779 398 829; x_wconf 76' lang='lat' dir='ltr'>missio,</span> <span class='ocrx_word' id='word_1_90' title='bbox 424 779 520 831; x_wconf 87' lang='lat' dir='ltr'>jure</span> <span class='ocrx_word' id='word_1_91' title='bbox 552 780 702 820; x_wconf 87' lang='lat' dir='ltr'>merito</span> <span class='ocrx_word' id='word_1_92' title='bbox 734 783 1015 819; x_wconf 81' lang='lat' dir='ltr'>accensentur</span> <span class='ocrx_word' id='word_1_93' title='bbox 1036 779 1168 820; x_wconf 86' lang='lat' dir='ltr'>verba</span> <span class='ocrx_word' id='word_1_94' title='bbox 1190 778 1343 820; x_wconf 90' lang='lat' dir='ltr'>Christi</span> <span class='ocrx_word' id='word_1_95' title='bbox 1375 780 1426 821; x_wconf 82' lang='lat' dir='ltr'>de</span> <span class='ocrx_word' id='word_1_96' title='bbox 1458 780 1569 822; x_wconf 86' lang='lat' dir='ltr'>facto</span> <span class='ocrx_word' id='word_1_97' title='bbox 1592 781 1750 823; x_wconf 87' lang='lat' dir='ltr'>Mariae</span> <span class='ocrx_word' id='word_1_98' title='bbox 1783 786 1976 836; x_wconf 83' lang='lat' dir='ltr'>ungentis</span> 
     </span>
     <span class='ocr_line' id='line_1_11' title="bbox 240 849 1978 906; baseline 0.003 -16"><span class='ocrx_word' id='word_1_99' title='bbox 240 851 378 902; x_wconf 91' lang='lat' dir='ltr'>ipsum</span> <span class='ocrx_word' id='word_1_100' title='bbox 399 849 543 890; x_wconf 88' lang='lat' dir='ltr'>Matth.</span> <span class='ocrx_word' id='word_1_101' title='bbox 567 853 635 900; x_wconf 78' lang='lat'>26,</span> <span class='ocrx_word' id='word_1_102' title='bbox 664 852 735 893; x_wconf 82' lang='lat'>13:</span> <span class='ocrx_word' id='word_1_103' title='bbox 772 851 905 889; x_wconf 78' lang='lat' dir='ltr'>Amen</span> <span class='ocrx_word' id='word_1_104' title='bbox 928 850 1018 890; x_wconf 71' lang='lat' dir='ltr'>dico</span> <span class='ocrx_word' id='word_1_105' title='bbox 1040 850 1162 904; x_wconf 66' lang='lat' dir='ltr'>vobis,</span> <span class='ocrx_word' id='word_1_106' title='bbox 1195 850 1423 906; x_wconf 76' lang='lat' dir='ltr'>ubicunque</span> <span class='ocrx_word' id='word_1_107' title='bbox 1444 853 1732 905; x_wconf 73' lang='lat' dir='ltr'>praedicatum</span> <span class='ocrx_word' id='word_1_108' title='bbox 1753 854 1883 906; x_wconf 74' lang='lat' dir='ltr'>fuerit</span> <span class='ocrx_word' id='word_1_109' title='bbox 1904 856 1978 895; x_wconf 65' lang='lat' dir='ltr'>hoc</span> 
     </span>
     <span class='ocr_line' id='line_1_12' title="bbox 240 919 1974 978; baseline 0.003 -18"><span class='ocrx_word' id='word_1_110' title='bbox 240 919 512 975; x_wconf 72' lang='lat' dir='ltr'>Evanqelium</span> <span class='ocrx_word' id='word_1_111' title='bbox 546 922 588 960; x_wconf 83' lang='grc' dir='ltr'><strong><em>ιή</em></strong></span> <span class='ocrx_word' id='word_1_112' title='bbox 619 924 696 961; x_wconf 81' lang='lat' dir='ltr'>toto</span> <span class='ocrx_word' id='word_1_113' title='bbox 729 921 896 964; x_wconf 73' lang='lat' dir='ltr'>mundo,</span> <span class='ocrx_word' id='word_1_114' title='bbox 930 921 1087 962; x_wconf 70' lang='lat' dir='ltr'>(licetur</span> <span class='ocrx_word' id='word_1_115' title='bbox 1121 925 1158 960; x_wconf 75' lang='lat' dir='ltr'>et</span> <span class='ocrx_word' id='word_1_116' title='bbox 1179 922 1287 976; x_wconf 68' lang='lat' dir='ltr'>qaod</span> <span class='ocrx_word' id='word_1_117' title='bbox 1309 921 1408 962; x_wconf 69' lang='lat' dir='ltr'>llaec</span> <span class='ocrx_word' id='word_1_118' title='bbox 1429 922 1525 975; x_wconf 75' lang='lat' dir='ltr'>fecit</span> <span class='ocrx_word' id='word_1_119' title='bbox 1551 924 1592 963; x_wconf 74' lang='lat' dir='ltr'>in</span> <span class='ocrx_word' id='word_1_120' title='bbox 1614 926 1851 966; x_wconf 78' lang='lat' dir='ltr'>memoriam</span> <span class='ocrx_word' id='word_1_121' title='bbox 1877 927 1974 978; x_wconf 63' lang='lat' dir='ltr'>ejus.</span> 
     </span>
     <span class='ocr_line' id='line_1_13' title="bbox 241 989 1977 1048; baseline 0.003 -16"><span class='ocrx_word' id='word_1_122' title='bbox 241 989 350 1032; x_wconf 87' lang='lat' dir='ltr'>Nam</span> <span class='ocrx_word' id='word_1_123' title='bbox 381 1004 491 1044; x_wconf 90' lang='lat' dir='ltr'>quae</span> <span class='ocrx_word' id='word_1_124' title='bbox 522 1004 709 1044; x_wconf 90' lang='lat' dir='ltr'>unquam</span> <span class='ocrx_word' id='word_1_125' title='bbox 731 990 1021 1044; x_wconf 80' lang='lat' dir='ltr'>probabilitas,</span> <span class='ocrx_word' id='word_1_126' title='bbox 1054 990 1212 1032; x_wconf 86' lang='lat' dir='ltr'>factum</span> <span class='ocrx_word' id='word_1_127' title='bbox 1234 996 1322 1032; x_wconf 85' lang='lat' dir='ltr'>tam</span> <span class='ocrx_word' id='word_1_128' title='bbox 1345 993 1553 1033; x_wconf 87' lang='lat' dir='ltr'>minutum</span> <span class='ocrx_word' id='word_1_129' title='bbox 1578 994 1685 1035; x_wconf 89' lang='lat' dir='ltr'>adeo</span> <span class='ocrx_word' id='word_1_130' title='bbox 1710 994 1797 1036; x_wconf 88' lang='lat' dir='ltr'>fore</span> <span class='ocrx_word' id='word_1_131' title='bbox 1819 996 1977 1048; x_wconf 86' lang='lat' dir='ltr'>ubique</span> 
     </span>
     <span class='ocr_line' id='line_1_14' title="bbox 239 1061 1976 1116; baseline 0.003 -13"><span class='ocrx_word' id='word_1_132' title='bbox 239 1062 624 1115; x_wconf 75' lang='lat' dir='ltr'>promulgandum?</span> <span class='ocrx_word' id='word_1_133' title='bbox 647 1061 703 1106; x_wconf 83' lang='lat' dir='ltr'>Cf.</span> <span class='ocrx_word' id='word_1_134' title='bbox 718 1062 761 1103; x_wconf 93' lang='lat' dir='ltr'>in</span> <span class='ocrx_word' id='word_1_135' title='bbox 775 1063 883 1103; x_wconf 90' lang='lat' dir='ltr'>haec</span> <span class='ocrx_word' id='word_1_136' title='bbox 904 1061 1035 1103; x_wconf 89' lang='lat' dir='ltr'>verba</span> <span class='ocrx_word' id='word_1_137' title='bbox 1058 1061 1407 1115; x_wconf 80' lang='lat' dir='ltr'>Chrysostomum</span> <span class='ocrx_word' id='word_1_138' title='bbox 1431 1064 1594 1116; x_wconf 82' lang='lat' dir='ltr'>egregie</span> <span class='ocrx_word' id='word_1_139' title='bbox 1617 1065 1893 1107; x_wconf 86' lang='lat' dir='ltr'>disserentem</span> <span class='ocrx_word' id='word_1_140' title='bbox 1917 1079 1976 1109; x_wconf 89' lang='lat' dir='ltr'>or.</span> 
     </span>
     <span class='ocr_line' id='line_1_15' title="bbox 240 1131 1971 1186; baseline -0.002 -9"><span class='ocrx_word' id='word_1_141' title='bbox 240 1136 278 1177; x_wconf 76' lang='grc' dir='ltr'>ὃ.</span> <span class='ocrx_word' id='word_1_142' title='bbox 299 1133 343 1173; x_wconf 90' lang='lat' dir='ltr'>in</span> <span class='ocrx_word' id='word_1_143' title='bbox 360 1131 446 1186; x_wconf 86' lang='lat' dir='ltr'>jud.</span> <span class='ocrx_word' id='word_1_144' title='bbox 469 1146 508 1176; x_wconf 89' lang='lat' dir='ltr'>n.</span> <span class='ocrx_word' id='word_1_145' title='bbox 532 1136 569 1176; x_wconf 77' lang='lat'>2.</span> <span class='ocrx_word' id='word_1_146' title='bbox 592 1132 741 1174; x_wconf 86' lang='lat' dir='ltr'>Merito</span> <span class='ocrx_word' id='word_1_147' title='bbox 765 1137 1044 1174; x_wconf 84' lang='lat' dir='ltr'>accensentur</span> <span class='ocrx_word' id='word_1_148' title='bbox 1067 1137 1108 1173; x_wconf 87' lang='lat' dir='ltr'>et</span> <span class='ocrx_word' id='word_1_149' title='bbox 1131 1132 1262 1173; x_wconf 88' lang='lat' dir='ltr'>verba</span> <span class='ocrx_word' id='word_1_150' title='bbox 1282 1133 1442 1175; x_wconf 86' lang='lat' dir='ltr'>Mariae</span> <span class='ocrx_word' id='word_1_151' title='bbox 1464 1134 1561 1177; x_wconf 90' lang='lat' dir='ltr'>Luc.</span> <span class='ocrx_word' id='word_1_152' title='bbox 1590 1140 1621 1184; x_wconf 83' lang='lat'>1,</span> <span class='ocrx_word' id='word_1_153' title='bbox 1643 1139 1720 1180; x_wconf 72' lang='lat'>48:</span> <span class='ocrx_word' id='word_1_154' title='bbox 1745 1135 1846 1177; x_wconf 78' lang='lat' dir='ltr'>Ecce</span> <span class='ocrx_word' id='word_1_155' title='bbox 1868 1139 1971 1177; x_wconf 75' lang='lat' dir='ltr'>enim</span> 
     </span>
     <span class='ocr_line' id='line_1_16' title="bbox 239 1203 1975 1260; baseline 0.002 -16"><span class='ocrx_word' id='word_1_156' title='bbox 239 1219 288 1245; x_wconf 77' lang='lat' dir='ltr'>ex</span> <span class='ocrx_word' id='word_1_157' title='bbox 317 1203 390 1244; x_wconf 77' lang='lat' dir='ltr'>hoc</span> <span class='ocrx_word' id='word_1_158' title='bbox 421 1205 581 1245; x_wconf 79' lang='lat' dir='ltr'>beatam</span> <span class='ocrx_word' id='word_1_159' title='bbox 613 1218 675 1245; x_wconf 82' lang='lat' dir='ltr'>me</span> <span class='ocrx_word' id='word_1_160' title='bbox 705 1205 838 1245; x_wconf 73' lang='lat' dir='ltr'>dicent</span> <span class='ocrx_word' id='word_1_161' title='bbox 869 1217 1006 1244; x_wconf 76' lang='lat' dir='ltr'>omnes</span> <span class='ocrx_word' id='word_1_162' title='bbox 1037 1205 1333 1258; x_wconf 69' lang='lat' dir='ltr'>qenerationes,</span> <span class='ocrx_word' id='word_1_163' title='bbox 1367 1205 1480 1257; x_wconf 87' lang='lat' dir='ltr'>quod</span> <span class='ocrx_word' id='word_1_164' title='bbox 1511 1206 1846 1258; x_wconf 86' lang='lat' dir='ltr'>splendidissime</span> <span class='ocrx_word' id='word_1_165' title='bbox 1876 1220 1975 1260; x_wconf 91' lang='lat' dir='ltr'>pro-</span> 
     </span>
     <span class='ocr_line' id='line_1_17' title="bbox 240 1274 1977 1328; baseline 0.002 -13"><span class='ocrx_word' id='word_1_166' title='bbox 240 1274 438 1326; x_wconf 77' lang='lat' dir='ltr'>gressive,</span> <span class='ocrx_word' id='word_1_167' title='bbox 470 1274 697 1324; x_wconf 73' lang='lat' dir='ltr'>extensive,</span> <span class='ocrx_word' id='word_1_168' title='bbox 739 1275 945 1316; x_wconf 85' lang='lat' dir='ltr'>intensive</span> <span class='ocrx_word' id='word_1_169' title='bbox 968 1287 1136 1327; x_wconf 88' lang='lat' dir='ltr'>semper</span> <span class='ocrx_word' id='word_1_170' title='bbox 1166 1275 1298 1326; x_wconf 83' lang='lat' dir='ltr'>magis</span> <span class='ocrx_word' id='word_1_171' title='bbox 1321 1275 1541 1328; x_wconf 84' lang='lat' dir='ltr'>adimpleri</span> <span class='ocrx_word' id='word_1_172' title='bbox 1573 1289 1721 1318; x_wconf 90' lang='lat' dir='ltr'>omnes</span> <span class='ocrx_word' id='word_1_173' title='bbox 1753 1278 1977 1327; x_wconf 63' lang='lat' dir='ltr'>cernimus</span> 
     </span>
    </p>
   </div>
   <div class='ocr_carea' id='block_1_3' title="bbox 239 1344 1025 1400">
    <p class='ocr_par' dir='ltr' id='par_1_3' title="bbox 239 1344 1025 1400">
     <span class='ocr_line' id='line_1_18' title="bbox 239 1344 1025 1400; baseline 0.006 -15"><span class='ocrx_word' id='word_1_174' title='bbox 239 1346 447 1386; x_wconf 87' lang='lat' dir='ltr'>mirantur</span> <span class='ocrx_word' id='word_1_175' title='bbox 471 1357 620 1386; x_wconf 89' lang='lat' dir='ltr'>omnes</span> <span class='ocrx_word' id='word_1_176' title='bbox 643 1344 708 1400; x_wconf 83' lang='lat' dir='ltr'>(cf.</span> <span class='ocrx_word' id='word_1_177' title='bbox 731 1350 758 1386; x_wconf 90' lang='lat' dir='ltr'>t.</span> <span class='ocrx_word' id='word_1_178' title='bbox 780 1345 824 1388; x_wconf 90' lang='grc' dir='ltr'>ΙΙ.</span> <span class='ocrx_word' id='word_1_179' title='bbox 848 1358 885 1386; x_wconf 94' lang='lat' dir='ltr'>n.</span> <span class='ocrx_word' id='word_1_180' title='bbox 910 1348 1025 1400; x_wconf 80' lang='lat'><strong>633).</strong></span> 
     </span>
    </p>
   </div>
   <div class='ocr_carea' id='block_1_4' title="bbox 231 1416 1974 2826">
    <p class='ocr_par' dir='ltr' id='par_1_4' title="bbox 231 1416 1974 2826">
     <span class='ocr_line' id='line_1_19' title="bbox 360 1416 1974 1469; baseline 0 -9"><span class='ocrx_word' id='word_1_181' title='bbox 360 1427 426 1461; x_wconf 91' lang='grc'>66.</span> <span class='ocrx_word' id='word_1_182' title='bbox 460 1416 704 1460; x_wconf 72' lang='lat' dir='ltr'>Sssholion.</span> <span class='ocrx_word' id='word_1_183' title='bbox 750 1421 932 1469; x_wconf 68' lang='lat' dir='ltr'>Exceptio</span> <span class='ocrx_word' id='word_1_184' title='bbox 957 1432 1002 1457; x_wconf 61' lang='grc' dir='ltr'>επ</span> <span class='ocrx_word' id='word_1_185' title='bbox 1014 1421 1249 1468; x_wconf 72' lang='lat' dir='ltr'>judaeorum</span> <span class='ocrx_word' id='word_1_186' title='bbox 1271 1422 1542 1458; x_wconf 71' lang='lat' dir='ltr'>incredulitate.</span> <span class='ocrx_word' id='word_1_187' title='bbox 1565 1444 1620 1449; x_wconf 84' lang='lat'>-—</span> <span class='ocrx_word' id='word_1_188' title='bbox 1643 1422 1882 1459; x_wconf 80' lang='lat' dir='ltr'>Judaeorum</span> <span class='ocrx_word' id='word_1_189' title='bbox 1906 1424 1974 1460; x_wconf 90' lang='lat' dir='ltr'>in-</span> 
     </span>
     <span class='ocr_line' id='line_1_20' title="bbox 238 1478 1971 1530; baseline 0.002 -14"><span class='ocrx_word' id='word_1_190' title='bbox 238 1478 531 1516; x_wconf 73' lang='lat' dir='ltr'>credulitas</span> <span class='ocrx_word' id='word_1_191' title='bbox 552 1492 632 1517; x_wconf 92' lang='lat' dir='ltr'>non</span> <span class='ocrx_word' id='word_1_192' title='bbox 653 1480 831 1517; x_wconf 88' lang='lat' dir='ltr'>obstante</span> <span class='ocrx_word' id='word_1_193' title='bbox 854 1481 965 1516; x_wconf 88' lang='lat' dir='ltr'>tanto</span> <span class='ocrx_word' id='word_1_194' title='bbox 987 1480 1263 1517; x_wconf 82' lang='lat' dir='ltr'>vaticiniorum</span> <span class='ocrx_word' id='word_1_195' title='bbox 1299 1483 1338 1517; x_wconf 89' lang='lat' dir='ltr'>et</span> <span class='ocrx_word' id='word_1_196' title='bbox 1370 1481 1646 1518; x_wconf 84' lang='lat' dir='ltr'>miraculorum</span> <span class='ocrx_word' id='word_1_197' title='bbox 1670 1481 1813 1518; x_wconf 76' lang='lat' dir='ltr'>Christi</span> <span class='ocrx_word' id='word_1_198' title='bbox 1844 1482 1971 1530; x_wconf 87' lang='lat' dir='ltr'>splen-</span> 
     </span>
     <span class='ocr_line' id='line_1_21' title="bbox 237 1538 1971 1590; baseline 0.001 -15"><span class='ocrx_word' id='word_1_199' title='bbox 237 1538 330 1576; x_wconf 89' lang='lat' dir='ltr'>dore</span> <span class='ocrx_word' id='word_1_200' title='bbox 350 1538 433 1575; x_wconf 92' lang='lat' dir='ltr'>vim</span> <span class='ocrx_word' id='word_1_201' title='bbox 447 1538 639 1587; x_wconf 87' lang='lat' dir='ltr'>probandi</span> <span class='ocrx_word' id='word_1_202' title='bbox 653 1539 771 1582; x_wconf 71' lang='lat' dir='ltr'>huius</span> <span class='ocrx_word' id='word_1_203' title='bbox 784 1539 910 1576; x_wconf 89' lang='lat' dir='ltr'>nostri</span> <span class='ocrx_word' id='word_1_204' title='bbox 924 1539 1147 1588; x_wconf 85' lang='lat' dir='ltr'>argumenti</span> <span class='ocrx_word' id='word_1_205' title='bbox 1160 1551 1238 1576; x_wconf 92' lang='lat' dir='ltr'>non</span> <span class='ocrx_word' id='word_1_206' title='bbox 1253 1539 1398 1576; x_wconf 90' lang='lat' dir='ltr'>minuit</span> <span class='ocrx_word' id='word_1_207' title='bbox 1446 1540 1507 1576; x_wconf 80' lang='lat' dir='ltr'>Ad</span> <span class='ocrx_word' id='word_1_208' title='bbox 1527 1553 1609 1577; x_wconf 88' lang='lat' dir='ltr'>rem</span> <span class='ocrx_word' id='word_1_209' title='bbox 1631 1540 1734 1577; x_wconf 90' lang='lat' dir='ltr'>enim</span> <span class='ocrx_word' id='word_1_210' title='bbox 1758 1551 1800 1580; x_wconf 79' lang='lat' dir='ltr'>a.</span> <span class='ocrx_word' id='word_1_211' title='bbox 1825 1540 1849 1577; x_wconf 93' lang='lat' dir='ltr'>C</span> <span class='ocrx_word' id='word_1_212' title='bbox 1864 1542 1971 1590; x_wconf 75' lang='lat' dir='ltr'>hry-</span> 
     </span>
     <span class='ocr_line' id='line_1_22' title="bbox 237 1597 1974 1645; baseline 0.002 -11"><span class='ocrx_word' id='word_1_213' title='bbox 237 1600 495 1635; x_wconf 89' lang='lat' dir='ltr'>sostomus</span> <span class='ocrx_word' id='word_1_214' title='bbox 517 1598 541 1634; x_wconf 91' lang='lat' dir='ltr'>l.</span> <span class='ocrx_word' id='word_1_215' title='bbox 565 1598 671 1645; x_wconf 91' lang='lat' dir='ltr'>quod</span> <span class='ocrx_word' id='word_1_216' title='bbox 694 1597 872 1635; x_wconf 85' lang='lat' dir='ltr'>Christus</span> <span class='ocrx_word' id='word_1_217' title='bbox 896 1597 949 1635; x_wconf 86' lang='lat' dir='ltr'>sit</span> <span class='ocrx_word' id='word_1_218' title='bbox 971 1598 1074 1634; x_wconf 87' lang='lat' dir='ltr'>Deus</span> <span class='ocrx_word' id='word_1_219' title='bbox 1096 1611 1132 1634; x_wconf 92' lang='lat' dir='ltr'>n.</span> <span class='ocrx_word' id='word_1_220' title='bbox 1153 1605 1167 1637; x_wconf 88' lang='lat'>1</span> <span class='ocrx_word' id='word_1_221' title='bbox 1185 1605 1197 1637; x_wconf 93' lang='grc'><strong>1</strong></span> <span class='ocrx_word' id='word_1_222' title='bbox 1218 1611 1225 1634; x_wconf 89' lang='lat'>:</span> <span class='ocrx_word' id='word_1_223' title='bbox 1251 1624 1267 1641; x_wconf 80' lang='grc'>»</span> <span class='ocrx_word' id='word_1_224' title='bbox 1278 1598 1377 1635; x_wconf 86' lang='lat' dir='ltr'>Nam</span> <span class='ocrx_word' id='word_1_225' title='bbox 1401 1600 1440 1635; x_wconf 89' lang='lat' dir='ltr'>et</span> <span class='ocrx_word' id='word_1_226' title='bbox 1462 1599 1564 1636; x_wconf 89' lang='lat' dir='ltr'>hunc</span> <span class='ocrx_word' id='word_1_227' title='bbox 1585 1599 1776 1636; x_wconf 89' lang='lat' dir='ltr'>mundum</span> <span class='ocrx_word' id='word_1_228' title='bbox 1791 1600 1831 1635; x_wconf 89' lang='lat' dir='ltr'>in</span> <span class='ocrx_word' id='word_1_229' title='bbox 1846 1600 1974 1637; x_wconf 89' lang='lat' dir='ltr'>medio</span> 
     </span>
     <span class='ocr_line' id='line_1_23' title="bbox 235 1654 1974 1709; baseline 0.001 -16"><span class='ocrx_word' id='word_1_230' title='bbox 235 1657 441 1705; x_wconf 83' lang='lat' dir='ltr'>proposuit</span> <span class='ocrx_word' id='word_1_231' title='bbox 462 1654 604 1709; x_wconf 86' lang='lat' dir='ltr'>(Deus)</span> <span class='ocrx_word' id='word_1_232' title='bbox 627 1657 939 1694; x_wconf 81' lang='lat' dir='ltr'>instrumentum</span> <span class='ocrx_word' id='word_1_233' title='bbox 961 1657 1067 1693; x_wconf 88' lang='lat' dir='ltr'>omni</span> <span class='ocrx_word' id='word_1_234' title='bbox 1089 1656 1352 1694; x_wconf 77' lang='lat' dir='ltr'>concinnitate</span> <span class='ocrx_word' id='word_1_235' title='bbox 1375 1657 1627 1702; x_wconf 86' lang='lat' dir='ltr'>elaboratum,</span> <span class='ocrx_word' id='word_1_236' title='bbox 1652 1670 1782 1695; x_wconf 85' lang='lat' dir='ltr'>vocem</span> <span class='ocrx_word' id='word_1_237' title='bbox 1796 1658 1974 1707; x_wconf 89' lang='lat' dir='ltr'>undique</span> 
     </span>
     <span class='ocr_line' id='line_1_24' title="bbox 237 1715 1973 1765; baseline 0.001 -12"><span class='ocrx_word' id='word_1_238' title='bbox 237 1715 420 1753; x_wconf 86' lang='lat' dir='ltr'>emittens</span> <span class='ocrx_word' id='word_1_239' title='bbox 450 1719 490 1753; x_wconf 87' lang='lat' dir='ltr'>et</span> <span class='ocrx_word' id='word_1_240' title='bbox 518 1718 729 1753; x_wconf 84' lang='lat' dir='ltr'>creatorem</span> <span class='ocrx_word' id='word_1_241' title='bbox 760 1716 1007 1764; x_wconf 81' lang='lat' dir='ltr'>praedicans3</span> <span class='ocrx_word' id='word_1_242' title='bbox 1040 1718 1079 1752; x_wconf 88' lang='lat' dir='ltr'>et</span> <span class='ocrx_word' id='word_1_243' title='bbox 1108 1718 1240 1753; x_wconf 89' lang='lat' dir='ltr'>tamen</span> <span class='ocrx_word' id='word_1_244' title='bbox 1271 1716 1430 1764; x_wconf 85' lang='lat' dir='ltr'>quidam</span> <span class='ocrx_word' id='word_1_245' title='bbox 1462 1716 1639 1754; x_wconf 86' lang='lat' dir='ltr'>homines</span> <span class='ocrx_word' id='word_1_246' title='bbox 1673 1719 1776 1761; x_wconf 84' lang='lat' dir='ltr'>sunt,</span> <span class='ocrx_word' id='word_1_247' title='bbox 1811 1717 1879 1765; x_wconf 88' lang='lat' dir='ltr'>qui</span> <span class='ocrx_word' id='word_1_248' title='bbox 1909 1718 1973 1754; x_wconf 86' lang='lat' dir='ltr'>vel</span> 
     </span>
     <span class='ocr_line' id='line_1_25' title="bbox 238 1775 1973 1824; baseline 0.001 -13"><span class='ocrx_word' id='word_1_249' title='bbox 238 1775 436 1812; x_wconf 82' lang='lat' dir='ltr'>automata</span> <span class='ocrx_word' id='word_1_250' title='bbox 458 1787 543 1811; x_wconf 88' lang='lat' dir='ltr'>esse</span> <span class='ocrx_word' id='word_1_251' title='bbox 573 1775 722 1821; x_wconf 84' lang='lat' dir='ltr'>dicunt,</span> <span class='ocrx_word' id='word_1_252' title='bbox 754 1775 817 1812; x_wconf 90' lang='lat' dir='ltr'>vel</span> <span class='ocrx_word' id='word_1_253' title='bbox 846 1775 985 1812; x_wconf 89' lang='lat' dir='ltr'>horum</span> <span class='ocrx_word' id='word_1_254' title='bbox 1017 1775 1250 1812; x_wconf 86' lang='lat' dir='ltr'>creationem</span> <span class='ocrx_word' id='word_1_255' title='bbox 1282 1777 1400 1823; x_wconf 85' lang='lat' dir='ltr'>atque</span> <span class='ocrx_word' id='word_1_256' title='bbox 1430 1775 1716 1824; x_wconf 87' lang='lat' dir='ltr'>providentiam</span> <span class='ocrx_word' id='word_1_257' title='bbox 1747 1776 1973 1813; x_wconf 81' lang='lat' dir='ltr'>hominibus</span> 
     </span>
     <span class='ocr_line' id='line_1_26' title="bbox 237 1833 1970 1886; baseline 0.001 -16"><span class='ocrx_word' id='word_1_258' title='bbox 237 1833 486 1873; x_wconf 84' lang='lat' dir='ltr'>adscribunt:</span> <span class='ocrx_word' id='word_1_259' title='bbox 518 1833 586 1870; x_wconf 88' lang='lat' dir='ltr'>alii</span> <span class='ocrx_word' id='word_1_260' title='bbox 607 1846 697 1871; x_wconf 89' lang='lat' dir='ltr'>vero</span> <span class='ocrx_word' id='word_1_261' title='bbox 729 1833 921 1877; x_wconf 85' lang='lat' dir='ltr'>fortunae,</span> <span class='ocrx_word' id='word_1_262' title='bbox 944 1833 1035 1879; x_wconf 86' lang='lat' dir='ltr'>fato,</span> <span class='ocrx_word' id='word_1_263' title='bbox 1068 1834 1201 1883; x_wconf 81' lang='lat' dir='ltr'>genesi</span> <span class='ocrx_word' id='word_1_264' title='bbox 1234 1834 1296 1871; x_wconf 86' lang='lat' dir='ltr'>vel</span> <span class='ocrx_word' id='word_1_265' title='bbox 1327 1834 1531 1871; x_wconf 85' lang='lat' dir='ltr'>stellarum</span> <span class='ocrx_word' id='word_1_266' title='bbox 1561 1835 1877 1886; x_wconf 81' lang='lat' dir='ltr'>conversionibus</span> <span class='ocrx_word' id='word_1_267' title='bbox 1901 1865 1907 1871; x_wconf 94' lang='lat'><em>.</em></span> <span class='ocrx_word' id='word_1_268' title='bbox 1932 1866 1938 1872; x_wconf 87' lang='lat'><em>.</em></span> <span class='ocrx_word' id='word_1_269' title='bbox 1963 1865 1970 1872; x_wconf 91' lang='lat'><strong>.</strong></span> 
     </span>
     <span class='ocr_line' id='line_1_27' title="bbox 238 1882 1969 1942; baseline 0.001 -13"><span class='ocrx_word' id='word_1_270' title='bbox 238 1891 391 1935; x_wconf 79' lang='lat' dir='ltr'>Quanta</span> <span class='ocrx_word' id='word_1_271' title='bbox 412 1892 589 1930; x_wconf 86' lang='lat' dir='ltr'>doctrina</span> <span class='ocrx_word' id='word_1_272' title='bbox 610 1905 690 1930; x_wconf 89' lang='lat' dir='ltr'>non</span> <span class='ocrx_word' id='word_1_273' title='bbox 711 1893 887 1930; x_wconf 88' lang='lat' dir='ltr'>imbutus</span> <span class='ocrx_word' id='word_1_274' title='bbox 909 1895 970 1930; x_wconf 84' lang='lat' dir='ltr'>est</span> <span class='ocrx_word' id='word_1_275' title='bbox 991 1893 1016 1929; x_wconf 74' lang='lat' dir='ltr'>,J</span> <span class='ocrx_word' id='word_1_276' title='bbox 1020 1893 1142 1930; x_wconf 81' lang='lat' dir='ltr'>udas?</span> <span class='ocrx_word' id='word_1_277' title='bbox 1175 1895 1214 1930; x_wconf 90' lang='lat' dir='ltr'>et</span> <span class='ocrx_word' id='word_1_278' title='bbox 1235 1895 1366 1930; x_wconf 87' lang='lat' dir='ltr'>tamen</span> <span class='ocrx_word' id='word_1_279' title='bbox 1386 1893 1562 1942; x_wconf 88' lang='lat' dir='ltr'>proditor</span> <span class='ocrx_word' id='word_1_280' title='bbox 1582 1882 1709 1930; x_wconf 64' lang='lat' dir='ltr'>factus</span> <span class='ocrx_word' id='word_1_281' title='bbox 1732 1896 1802 1931; x_wconf 90' lang='lat' dir='ltr'>est.</span> <span class='ocrx_word' id='word_1_282' title='bbox 1847 1893 1969 1938; x_wconf 78' lang='lat' dir='ltr'>Quam</span> 
     </span>
     <span class='ocr_line' id='line_1_28' title="bbox 236 1951 1968 2002; baseline 0.001 -15"><span class='ocrx_word' id='word_1_283' title='bbox 236 1951 542 1989; x_wconf 86' lang='lat' dir='ltr'>admonitionem</span> <span class='ocrx_word' id='word_1_284' title='bbox 564 1952 701 1989; x_wconf 88' lang='lat' dir='ltr'>habuit</span> <span class='ocrx_word' id='word_1_285' title='bbox 722 1952 850 1989; x_wconf 78' lang='lat' dir='ltr'>latro?</span> <span class='ocrx_word' id='word_1_286' title='bbox 882 1954 1056 1989; x_wconf 86' lang='lat' dir='ltr'>attamen</span> <span class='ocrx_word' id='word_1_287' title='bbox 1079 1951 1122 1988; x_wconf 88' lang='lat' dir='ltr'>in</span> <span class='ocrx_word' id='word_1_288' title='bbox 1144 1963 1256 1989; x_wconf 91' lang='lat' dir='ltr'>cruce</span> <span class='ocrx_word' id='word_1_289' title='bbox 1280 1951 1478 1989; x_wconf 87' lang='lat' dir='ltr'>Christum</span> <span class='ocrx_word' id='word_1_290' title='bbox 1501 1952 1700 1990; x_wconf 87' lang='lat' dir='ltr'>confessus</span> <span class='ocrx_word' id='word_1_291' title='bbox 1731 1955 1792 1989; x_wconf 88' lang='lat' dir='ltr'>est</span> <span class='ocrx_word' id='word_1_292' title='bbox 1813 1955 1850 1990; x_wconf 89' lang='lat' dir='ltr'>et</span> <span class='ocrx_word' id='word_1_293' title='bbox 1882 1966 1968 2002; x_wconf 74' lang='lat' dir='ltr'>reg-</span> 
     </span>
     <span class='ocr_line' id='line_1_29' title="bbox 235 2010 1968 2060; baseline 0.002 -13"><span class='ocrx_word' id='word_1_294' title='bbox 235 2023 332 2047; x_wconf 91' lang='lat' dir='ltr'>num</span> <span class='ocrx_word' id='word_1_295' title='bbox 367 2011 453 2059; x_wconf 85' lang='lat' dir='ltr'>ejus</span> <span class='ocrx_word' id='word_1_296' title='bbox 485 2011 726 2059; x_wconf 84' lang='lat' dir='ltr'>praedicavit</span> <span class='ocrx_word' id='word_1_297' title='bbox 749 2041 755 2047; x_wconf 93' lang='lat'><em>.</em></span> <span class='ocrx_word' id='word_1_298' title='bbox 781 2040 787 2046; x_wconf 96' lang='lat'>.</span> <span class='ocrx_word' id='word_1_299' title='bbox 813 2041 819 2047; x_wconf 97' lang='lat'>.</span> <span class='ocrx_word' id='word_1_300' title='bbox 842 2011 930 2048; x_wconf 85' lang='lat' dir='ltr'>Non</span> <span class='ocrx_word' id='word_1_301' title='bbox 963 2010 1217 2048; x_wconf 80' lang='lat' dir='ltr'>crediderunt</span> <span class='ocrx_word' id='word_1_302' title='bbox 1244 2011 1390 2059; x_wconf 84' lang='lat' dir='ltr'>judaei,</span> <span class='ocrx_word' id='word_1_303' title='bbox 1426 2011 1677 2048; x_wconf 81' lang='lat' dir='ltr'>crediderunt</span> <span class='ocrx_word' id='word_1_304' title='bbox 1710 2012 1876 2060; x_wconf 82' lang='lat' dir='ltr'>gentiles</span> <span class='ocrx_word' id='word_1_305' title='bbox 1900 2042 1905 2047; x_wconf 94' lang='lat'>.</span> <span class='ocrx_word' id='word_1_306' title='bbox 1932 2041 1937 2046; x_wconf 95' lang='lat'>.</span> <span class='ocrx_word' id='word_1_307' title='bbox 1963 2044 1968 2050; x_wconf 97' lang='lat'>.</span> 
     </span>
     <span class='ocr_line' id='line_1_30' title="bbox 235 2069 1970 2119; baseline 0.001 -13"><span class='ocrx_word' id='word_1_308' title='bbox 235 2069 424 2118; x_wconf 88' lang='lat' dir='ltr'>Alioquin</span> <span class='ocrx_word' id='word_1_309' title='bbox 444 2082 536 2107; x_wconf 91' lang='lat' dir='ltr'>vero</span> <span class='ocrx_word' id='word_1_310' title='bbox 558 2070 589 2107; x_wconf 90' lang='lat' dir='ltr'>si</span> <span class='ocrx_word' id='word_1_311' title='bbox 611 2082 689 2107; x_wconf 91' lang='lat' dir='ltr'>non</span> <span class='ocrx_word' id='word_1_312' title='bbox 711 2082 855 2115; x_wconf 74' lang='lat' dir='ltr'>omnes,</span> <span class='ocrx_word' id='word_1_313' title='bbox 889 2070 1007 2106; x_wconf 87' lang='lat' dir='ltr'>multi</span> <span class='ocrx_word' id='word_1_314' title='bbox 1029 2072 1131 2107; x_wconf 84' lang='lat' dir='ltr'>certe</span> <span class='ocrx_word' id='word_1_315' title='bbox 1153 2083 1197 2107; x_wconf 79' lang='lat' dir='ltr'>ex</span> <span class='ocrx_word' id='word_1_316' title='bbox 1214 2070 1369 2118; x_wconf 82' lang='lat' dir='ltr'>judaeis</span> <span class='ocrx_word' id='word_1_317' title='bbox 1392 2073 1431 2107; x_wconf 88' lang='lat' dir='ltr'>et</span> <span class='ocrx_word' id='word_1_318' title='bbox 1452 2072 1547 2107; x_wconf 84' lang='lat' dir='ltr'>tunc</span> <span class='ocrx_word' id='word_1_319' title='bbox 1570 2073 1609 2107; x_wconf 92' lang='lat' dir='ltr'>et</span> <span class='ocrx_word' id='word_1_320' title='bbox 1630 2073 1764 2108; x_wconf 85' lang='lat' dir='ltr'>nostro</span> <span class='ocrx_word' id='word_1_321' title='bbox 1796 2073 1970 2119; x_wconf 84' lang='lat' dir='ltr'>tempore</span> 
     </span>
     <span class='ocr_line' id='line_1_31' title="bbox 236 2128 1969 2178; baseline 0.001 -13"><span class='ocrx_word' id='word_1_322' title='bbox 236 2128 497 2165; x_wconf 86' lang='lat' dir='ltr'>crediderunt.</span> <span class='ocrx_word' id='word_1_323' title='bbox 532 2128 641 2173; x_wconf 80' lang='lat' dir='ltr'>Quod</span> <span class='ocrx_word' id='word_1_324' title='bbox 665 2129 698 2166; x_wconf 90' lang='lat' dir='ltr'>si</span> <span class='ocrx_word' id='word_1_325' title='bbox 720 2142 798 2166; x_wconf 90' lang='lat' dir='ltr'>non</span> <span class='ocrx_word' id='word_1_326' title='bbox 821 2140 965 2177; x_wconf 87' lang='lat' dir='ltr'>omnes,</span> <span class='ocrx_word' id='word_1_327' title='bbox 988 2129 1088 2166; x_wconf 90' lang='lat' dir='ltr'>nihil</span> <span class='ocrx_word' id='word_1_328' title='bbox 1112 2141 1203 2167; x_wconf 87' lang='lat' dir='ltr'>sane</span> <span class='ocrx_word' id='word_1_329' title='bbox 1226 2141 1372 2166; x_wconf 88' lang='lat' dir='ltr'>novum</span> <span class='ocrx_word' id='word_1_330' title='bbox 1396 2132 1465 2166; x_wconf 89' lang='lat' dir='ltr'>aut</span> <span class='ocrx_word' id='word_1_331' title='bbox 1486 2129 1682 2166; x_wconf 87' lang='lat' dir='ltr'>mirabile:</span> <span class='ocrx_word' id='word_1_332' title='bbox 1713 2130 1802 2166; x_wconf 78' lang='lat' dir='ltr'>talis</span> <span class='ocrx_word' id='word_1_333' title='bbox 1825 2130 1969 2178; x_wconf 83' lang='lat' dir='ltr'>quippe</span> 
     </span>
     <span class='ocr_line' id='line_1_32' title="bbox 235 2187 1969 2237; baseline 0.001 -13"><span class='ocrx_word' id='word_1_334' title='bbox 235 2188 296 2224; x_wconf 88' lang='lat' dir='ltr'>est</span> <span class='ocrx_word' id='word_1_335' title='bbox 316 2187 496 2237; x_wconf 79' lang='lat' dir='ltr'>ingratus</span> <span class='ocrx_word' id='word_1_336' title='bbox 527 2188 692 2232; x_wconf 88' lang='lat' dir='ltr'>animus,</span> <span class='ocrx_word' id='word_1_337' title='bbox 725 2189 817 2225; x_wconf 90' lang='lat' dir='ltr'>talis</span> <span class='ocrx_word' id='word_1_338' title='bbox 847 2200 956 2225; x_wconf 90' lang='lat' dir='ltr'>mens</span> <span class='ocrx_word' id='word_1_339' title='bbox 986 2187 1141 2225; x_wconf 89' lang='lat' dir='ltr'>ratione</span> <span class='ocrx_word' id='word_1_340' title='bbox 1173 2201 1304 2233; x_wconf 86' lang='lat' dir='ltr'>vacua,</span> <span class='ocrx_word' id='word_1_341' title='bbox 1336 2188 1428 2225; x_wconf 84' lang='lat' dir='ltr'>talis</span> <span class='ocrx_word' id='word_1_342' title='bbox 1460 2189 1588 2225; x_wconf 79' lang='lat' dir='ltr'>anima</span> <span class='ocrx_word' id='word_1_343' title='bbox 1619 2188 1733 2225; x_wconf 88' lang='lat' dir='ltr'>malis</span> <span class='ocrx_word' id='word_1_344' title='bbox 1767 2189 1969 2225; x_wconf 84' lang='lat' dir='ltr'>affectibus</span> 
     </span>
     <span class='ocr_line' id='line_1_33' title="bbox 235 2247 1967 2296; baseline 0.001 -13"><span class='ocrx_word' id='word_1_345' title='bbox 235 2249 432 2295; x_wconf 84' lang='lat' dir='ltr'>occupata.</span> <span class='ocrx_word' id='word_1_346' title='bbox 444 2251 462 2270; x_wconf 76' lang='lat'>«</span> <span class='ocrx_word' id='word_1_347' title='bbox 497 2247 600 2284; x_wconf 83' lang='lat' dir='ltr'>Hinc</span> <span class='ocrx_word' id='word_1_348' title='bbox 622 2247 725 2295; x_wconf 88' lang='lat' dir='ltr'>quod</span> <span class='ocrx_word' id='word_1_349' title='bbox 749 2249 844 2284; x_wconf 88' lang='lat' dir='ltr'>sunt</span> <span class='ocrx_word' id='word_1_350' title='bbox 865 2247 971 2284; x_wconf 86' lang='lat' dir='ltr'>athei</span> <span class='ocrx_word' id='word_1_351' title='bbox 992 2260 1086 2296; x_wconf 91' lang='lat' dir='ltr'>prae</span> <span class='ocrx_word' id='word_1_352' title='bbox 1100 2247 1338 2284; x_wconf 84' lang='lat' dir='ltr'>revelatione</span> <span class='ocrx_word' id='word_1_353' title='bbox 1352 2247 1538 2294; x_wconf 72' lang='lat' dir='ltr'>naturali,</span> <span class='ocrx_word' id='word_1_354' title='bbox 1563 2251 1656 2284; x_wconf 87' lang='lat' dir='ltr'>sunt</span> <span class='ocrx_word' id='word_1_355' title='bbox 1670 2247 1862 2284; x_wconf 87' lang='lat' dir='ltr'>increduli</span> <span class='ocrx_word' id='word_1_356' title='bbox 1876 2260 1967 2296; x_wconf 83' lang='lat' dir='ltr'>prae</span> 
     </span>
     <span class='ocr_line' id='line_1_34' title="bbox 234 2305 1967 2355; baseline 0.001 -14"><span class='ocrx_word' id='word_1_357' title='bbox 234 2306 471 2343; x_wconf 86' lang='lat' dir='ltr'>revelatione</span> <span class='ocrx_word' id='word_1_358' title='bbox 494 2306 785 2355; x_wconf 88' lang='lat' dir='ltr'>supernaturali</span> <span class='ocrx_word' id='word_1_359' title='bbox 806 2306 1004 2344; x_wconf 88' lang='lat' dir='ltr'>vaticiniis</span> <span class='ocrx_word' id='word_1_360' title='bbox 1036 2309 1075 2343; x_wconf 87' lang='lat' dir='ltr'>et</span> <span class='ocrx_word' id='word_1_361' title='bbox 1106 2306 1307 2343; x_wconf 82' lang='lat' dir='ltr'>miraculis</span> <span class='ocrx_word' id='word_1_362' title='bbox 1338 2306 1496 2354; x_wconf 84' lang='lat' dir='ltr'>stipata.</span> <span class='ocrx_word' id='word_1_363' title='bbox 1539 2306 1599 2343; x_wconf 90' lang='lat' dir='ltr'>Ad</span> <span class='ocrx_word' id='word_1_364' title='bbox 1631 2307 1724 2343; x_wconf 86' lang='lat' dir='ltr'>haec</span> <span class='ocrx_word' id='word_1_365' title='bbox 1746 2305 1795 2348; x_wconf 82' lang='lat' dir='ltr'>b.</span> <span class='ocrx_word' id='word_1_366' title='bbox 1819 2311 1967 2343; x_wconf 83' lang='lat' dir='ltr'>constat</span> 
     </span>
     <span class='ocr_line' id='line_1_35' title="bbox 234 2364 1966 2415; baseline 0 -14"><span class='ocrx_word' id='word_1_367' title='bbox 234 2377 280 2401; x_wconf 82' lang='lat' dir='ltr'>ex</span> <span class='ocrx_word' id='word_1_368' title='bbox 300 2365 386 2402; x_wconf 88' lang='lat' dir='ltr'>tota</span> <span class='ocrx_word' id='word_1_369' title='bbox 406 2365 569 2402; x_wconf 87' lang='lat' dir='ltr'>historia</span> <span class='ocrx_word' id='word_1_370' title='bbox 589 2364 757 2415; x_wconf 77' lang='lat' dir='ltr'>infelicis</span> <span class='ocrx_word' id='word_1_371' title='bbox 779 2365 916 2414; x_wconf 91' lang='lat' dir='ltr'>populi</span> <span class='ocrx_word' id='word_1_372' title='bbox 933 2364 1082 2413; x_wconf 83' lang='lat' dir='ltr'>judaici</span> <span class='ocrx_word' id='word_1_373' title='bbox 1105 2378 1127 2402; x_wconf 90' lang='lat' dir='ltr'>a</span> <span class='ocrx_word' id='word_1_374' title='bbox 1147 2365 1378 2402; x_wconf 85' lang='lat' dir='ltr'>liberatione</span> <span class='ocrx_word' id='word_1_375' title='bbox 1411 2377 1431 2401; x_wconf 87' lang='lat' dir='ltr'>e</span> <span class='ocrx_word' id='word_1_376' title='bbox 1455 2365 1647 2402; x_wconf 87' lang='lat' dir='ltr'>servitute</span> <span class='ocrx_word' id='word_1_377' title='bbox 1669 2365 1897 2415; x_wconf 75' lang='lat' dir='ltr'>aegyptiaca</span> <span class='ocrx_word' id='word_1_378' title='bbox 1929 2371 1966 2402; x_wconf 83' lang='lat' dir='ltr'>et</span> 
     </span>
     <span class='ocr_line' id='line_1_36' title="bbox 234 2422 1967 2475; baseline 0 -15"><span class='ocrx_word' id='word_1_379' title='bbox 234 2423 414 2473; x_wconf 88' lang='lat' dir='ltr'>deinceps</span> <span class='ocrx_word' id='word_1_380' title='bbox 435 2423 565 2472; x_wconf 89' lang='lat' dir='ltr'>ipsum</span> <span class='ocrx_word' id='word_1_381' title='bbox 587 2423 708 2461; x_wconf 86' lang='lat' dir='ltr'>fuisse</span> <span class='ocrx_word' id='word_1_382' title='bbox 742 2424 861 2461; x_wconf 87' lang='lat' dir='ltr'>durae</span> <span class='ocrx_word' id='word_1_383' title='bbox 895 2422 1108 2475; x_wconf 66' lang='lat' dir='ltr'>eei-vicis2)‚</span> <span class='ocrx_word' id='word_1_384' title='bbox 1145 2424 1213 2472; x_wconf 89' lang='lat' dir='ltr'>qui</span> <span class='ocrx_word' id='word_1_385' title='bbox 1237 2436 1390 2472; x_wconf 86' lang='lat' dir='ltr'>semper</span> <span class='ocrx_word' id='word_1_386' title='bbox 1410 2424 1559 2461; x_wconf 85' lang='lat' dir='ltr'>restitit</span> <span class='ocrx_word' id='word_1_387' title='bbox 1583 2424 1748 2472; x_wconf 87' lang='lat' dir='ltr'>Spiritui</span> <span class='ocrx_word' id='word_1_388' title='bbox 1772 2426 1904 2461; x_wconf 86' lang='lat' dir='ltr'>sancto</span> <span class='ocrx_word' id='word_1_389' title='bbox 1929 2429 1967 2460; x_wconf 79' lang='lat' dir='ltr'>ct</span> 
     </span>
     <span class='ocr_line' id='line_1_37' title="bbox 232 2482 1962 2532; baseline -0.002 -12"><span class='ocrx_word' id='word_1_390' title='bbox 232 2483 440 2530; x_wconf 86' lang='lat' dir='ltr'>prophetas</span> <span class='ocrx_word' id='word_1_391' title='bbox 470 2484 530 2520; x_wconf 89' lang='lat' dir='ltr'>est</span> <span class='ocrx_word' id='word_1_392' title='bbox 558 2485 801 2531; x_wconf 80' lang='lat' dir='ltr'>persecutus,</span> <span class='ocrx_word' id='word_1_393' title='bbox 834 2486 881 2520; x_wconf 89' lang='lat' dir='ltr'>ut</span> <span class='ocrx_word' id='word_1_394' title='bbox 911 2484 946 2520; x_wconf 90' lang='lat' dir='ltr'>ei</span> <span class='ocrx_word' id='word_1_395' title='bbox 977 2483 1117 2520; x_wconf 85' lang='lat' dir='ltr'>merito</span> <span class='ocrx_word' id='word_1_396' title='bbox 1150 2483 1356 2532; x_wconf 78' lang='lat' dir='ltr'>exprobrat</span> <span class='ocrx_word' id='word_1_397' title='bbox 1387 2495 1414 2519; x_wconf 90' lang='lat' dir='ltr'>s.</span> <span class='ocrx_word' id='word_1_398' title='bbox 1439 2482 1659 2532; x_wconf 77' lang='lat' dir='ltr'>Stephanus</span> <span class='ocrx_word' id='word_1_399' title='bbox 1682 2485 1766 2520; x_wconf 89' lang='lat' dir='ltr'>Act.</span> <span class='ocrx_word' id='word_1_400' title='bbox 1793 2489 1827 2526; x_wconf 82' lang='lat'>7,</span> <span class='ocrx_word' id='word_1_401' title='bbox 1855 2490 1900 2523; x_wconf 78' lang='lat'>51</span> <span class='ocrx_word' id='word_1_402' title='bbox 1933 2495 1962 2519; x_wconf 78' lang='lat' dir='ltr'>s.</span> 
     </span>
     <span class='ocr_line' id='line_1_38' title="bbox 232 2541 1964 2591; baseline -0.001 -13"><span class='ocrx_word' id='word_1_403' title='bbox 232 2541 397 2590; x_wconf 85' lang='lat' dir='ltr'>Insuper</span> <span class='ocrx_word' id='word_1_404' title='bbox 418 2551 458 2582; x_wconf 75' lang='lat'>(3.</span> <span class='ocrx_word' id='word_1_405' title='bbox 476 2541 610 2590; x_wconf 87' lang='lat' dir='ltr'>judaei</span> <span class='ocrx_word' id='word_1_406' title='bbox 632 2541 871 2589; x_wconf 80' lang='lat' dir='ltr'>tenacissimi</span> <span class='ocrx_word' id='word_1_407' title='bbox 893 2544 1007 2579; x_wconf 89' lang='lat' dir='ltr'>erant</span> <span class='ocrx_word' id='word_1_408' title='bbox 1027 2541 1166 2579; x_wconf 88' lang='lat' dir='ltr'>literae</span> <span class='ocrx_word' id='word_1_409' title='bbox 1199 2541 1436 2591; x_wconf 84' lang='lat' dir='ltr'>angustique</span> <span class='ocrx_word' id='word_1_410' title='bbox 1471 2542 1606 2587; x_wconf 86' lang='lat' dir='ltr'>cordis,</span> <span class='ocrx_word' id='word_1_411' title='bbox 1632 2542 1719 2579; x_wconf 88' lang='lat' dir='ltr'>hinc</span> <span class='ocrx_word' id='word_1_412' title='bbox 1741 2542 1870 2579; x_wconf 89' lang='lat' dir='ltr'>minus</span> <span class='ocrx_word' id='word_1_413' title='bbox 1885 2541 1964 2578; x_wconf 86' lang='lat' dir='ltr'>dis-</span> 
     </span>
     <span class='ocr_line' id='line_1_39' title="bbox 232 2600 1962 2649; baseline -0.001 -12"><span class='ocrx_word' id='word_1_414' title='bbox 232 2600 348 2648; x_wconf 88' lang='lat' dir='ltr'>positi</span> <span class='ocrx_word' id='word_1_415' title='bbox 372 2600 421 2638; x_wconf 87' lang='lat' dir='ltr'>ad</span> <span class='ocrx_word' id='word_1_416' title='bbox 442 2600 712 2649; x_wconf 90' lang='lat' dir='ltr'>recipiendum</span> <span class='ocrx_word' id='word_1_417' title='bbox 735 2601 915 2638; x_wconf 82' lang='lat' dir='ltr'>Messiam</span> <span class='ocrx_word' id='word_1_418' title='bbox 936 2603 1018 2638; x_wconf 86' lang='lat' dir='ltr'>tam</span> <span class='ocrx_word' id='word_1_419' title='bbox 1041 2600 1289 2649; x_wconf 87' lang='lat' dir='ltr'>spiritualem</span> <span class='ocrx_word' id='word_1_420' title='bbox 1311 2600 1571 2649; x_wconf 88' lang='lat' dir='ltr'>latissimique</span> <span class='ocrx_word' id='word_1_421' title='bbox 1606 2601 1740 2638; x_wconf 81' lang='lat' dir='ltr'>cordis.</span> <span class='ocrx_word' id='word_1_422' title='bbox 1784 2601 1962 2637; x_wconf 84' lang='lat' dir='ltr'>Ceterum</span> 
     </span>
     <span class='ocr_line' id='line_1_40' title="bbox 233 2656 1966 2708; baseline -0.002 -10"><span class='ocrx_word' id='word_1_423' title='bbox 233 2656 278 2698; x_wconf 80' lang='lat' dir='ltr'>d.</span> <span class='ocrx_word' id='word_1_424' title='bbox 302 2659 395 2697; x_wconf 89' lang='lat' dir='ltr'>haec</span> <span class='ocrx_word' id='word_1_425' title='bbox 415 2659 627 2708; x_wconf 78' lang='lat' dir='ltr'>singularis</span> <span class='ocrx_word' id='word_1_426' title='bbox 644 2660 879 2708; x_wconf 85' lang='lat' dir='ltr'>judaeorum</span> <span class='ocrx_word' id='word_1_427' title='bbox 900 2659 1154 2697; x_wconf 70' lang='lat' dir='ltr'>incredulitas</span> <span class='ocrx_word' id='word_1_428' title='bbox 1185 2673 1206 2696; x_wconf 90' lang='lat' dir='ltr'>a</span> <span class='ocrx_word' id='word_1_429' title='bbox 1227 2659 1429 2708; x_wconf 87' lang='lat' dir='ltr'>prophet-is</span> <span class='ocrx_word' id='word_1_430' title='bbox 1460 2660 1657 2708; x_wconf 84' lang='lat' dir='ltr'>praedicta</span> <span class='ocrx_word' id='word_1_431' title='bbox 1679 2659 1766 2703; x_wconf 84' lang='lat' dir='ltr'>fuit,</span> <span class='ocrx_word' id='word_1_432' title='bbox 1799 2663 1838 2696; x_wconf 86' lang='lat' dir='ltr'>et</span> <span class='ocrx_word' id='word_1_433' title='bbox 1860 2659 1966 2707; x_wconf 40' lang='lat' dir='ltr'>quia)</span> 
     </span>
     <span class='ocr_line' id='line_1_41' title="bbox 233 2718 1961 2767; baseline -0.001 -14"><span class='ocrx_word' id='word_1_434' title='bbox 233 2718 416 2766; x_wconf 86' lang='lat' dir='ltr'>spectatis</span> <span class='ocrx_word' id='word_1_435' title='bbox 451 2718 632 2755; x_wconf 89' lang='lat' dir='ltr'>omnibus</span> <span class='ocrx_word' id='word_1_436' title='bbox 665 2718 879 2766; x_wconf 88' lang='lat' dir='ltr'>adjunctis,</span> <span class='ocrx_word' id='word_1_437' title='bbox 912 2718 976 2755; x_wconf 83' lang='lat' dir='ltr'>vix</span> <span class='ocrx_word' id='word_1_438' title='bbox 1006 2718 1205 2767; x_wconf 86' lang='lat' dir='ltr'>possibilis</span> <span class='ocrx_word' id='word_1_439' title='bbox 1236 2718 1383 2756; x_wconf 87' lang='lat' dir='ltr'>censeri</span> <span class='ocrx_word' id='word_1_440' title='bbox 1413 2718 1597 2767; x_wconf 76' lang='lat' dir='ltr'>potuerit,</span> <span class='ocrx_word' id='word_1_441' title='bbox 1630 2718 1871 2755; x_wconf 85' lang='lat' dir='ltr'>confirmatio</span> <span class='ocrx_word' id='word_1_442' title='bbox 1902 2720 1961 2754; x_wconf 84' lang='lat' dir='ltr'>est</span> 
     </span>
     <span class='ocr_line' id='line_1_42' title="bbox 231 2776 1960 2826; baseline 0 -13"><span class='ocrx_word' id='word_1_443' title='bbox 231 2777 454 2814; x_wconf 86' lang='lat' dir='ltr'>veracitatis</span> <span class='ocrx_word' id='word_1_444' title='bbox 485 2778 766 2826; x_wconf 87' lang='lat' dir='ltr'>prophetarum</span> <span class='ocrx_word' id='word_1_445' title='bbox 801 2778 900 2816; x_wconf 87' lang='lat' dir='ltr'>circa</span> <span class='ocrx_word' id='word_1_446' title='bbox 932 2778 1095 2815; x_wconf 85' lang='lat' dir='ltr'>Messiae</span> <span class='ocrx_word' id='word_1_447' title='bbox 1130 2777 1354 2815; x_wconf 88' lang='lat' dir='ltr'>adventum.</span> <span class='ocrx_word' id='word_1_448' title='bbox 1398 2777 1574 2824; x_wconf 86' lang='lat' dir='ltr'>Denique</span> <span class='ocrx_word' id='word_1_449' title='bbox 1606 2786 1646 2817; x_wconf 76' lang='lat'>(¹.</span> <span class='ocrx_word' id='word_1_450' title='bbox 1670 2777 1796 2813; x_wconf 77' lang='lat' dir='ltr'>notari</span> <span class='ocrx_word' id='word_1_451' title='bbox 1831 2776 1960 2813; x_wconf 82' lang='lat' dir='ltr'>debet.</span> 
     </span>
    </p>
   </div>
   <div class='ocr_carea' id='block_1_5' title="bbox 378 2894 1962 2941">
    <p class='ocr_par' dir='ltr' id='par_1_5' title="bbox 378 2894 1962 2941">
     <span class='ocr_line' id='line_1_43' title="bbox 378 2894 1962 2941; baseline -0.004 -11"><span class='ocrx_word' id='word_1_452' title='bbox 378 2898 401 2938; x_wconf 88' lang='lat'>¹)</span> <span class='ocrx_word' id='word_1_453' title='bbox 416 2895 516 2930; x_wconf 88' lang='lat' dir='ltr'>Haec</span> <span class='ocrx_word' id='word_1_454' title='bbox 526 2897 798 2941; x_wconf 85' lang='lat' dir='ltr'>argumentatio</span> <span class='ocrx_word' id='word_1_455' title='bbox 812 2896 926 2940; x_wconf 85' lang='lat' dir='ltr'>sijam</span> <span class='ocrx_word' id='word_1_456' title='bbox 938 2897 1105 2940; x_wconf 86' lang='lat' dir='ltr'>tempore</span> <span class='ocrx_word' id='word_1_457' title='bbox 1117 2908 1142 2929; x_wconf 87' lang='lat' dir='ltr'>s.</span> <span class='ocrx_word' id='word_1_458' title='bbox 1156 2896 1308 2931; x_wconf 82' lang='lat' dir='ltr'>Joannis</span> <span class='ocrx_word' id='word_1_459' title='bbox 1320 2895 1569 2939; x_wconf 80' lang='lat' dir='ltr'>Chrysostomi</span> <span class='ocrx_word' id='word_1_460' title='bbox 1583 2896 1659 2927; x_wconf 81' lang='lat' dir='ltr'>erat</span> <span class='ocrx_word' id='word_1_461' title='bbox 1671 2894 1810 2927; x_wconf 73' lang='lat' dir='ltr'>efficax.</span> <span class='ocrx_word' id='word_1_462' title='bbox 1824 2896 1962 2935; x_wconf 65' lang='lat' dir='ltr'>quanto</span> 
     </span>
    </p>
   </div>
   <div class='ocr_carea' id='block_1_6' title="bbox 232 2947 1959 3098">
    <p class='ocr_par' dir='ltr' id='par_1_6' title="bbox 232 2947 1959 3098">
     <span class='ocr_line' id='line_1_44' title="bbox 232 2947 893 2993; baseline 0.003 -13"><span class='ocrx_word' id='word_1_463' title='bbox 232 2948 350 2993; x_wconf 86' lang='lat' dir='ltr'>magis</span> <span class='ocrx_word' id='word_1_464' title='bbox 367 2950 453 2992; x_wconf 88' lang='lat' dir='ltr'>post</span> <span class='ocrx_word' id='word_1_465' title='bbox 471 2947 728 2993; x_wconf 85' lang='lat' dir='ltr'>duodeviginti</span> <span class='ocrx_word' id='word_1_466' title='bbox 746 2949 893 2982; x_wconf 76' lang='lat' dir='ltr'>sec-ula?</span> 
     </span>
     <span class='ocr_line' id='line_1_45' title="bbox 376 2997 1959 3046; baseline -0.003 -12"><span class='ocrx_word' id='word_1_467' title='bbox 376 3002 404 3046; x_wconf 82' lang='grc'>2)</span> <span class='ocrx_word' id='word_1_468' title='bbox 421 3001 473 3036; x_wconf 78' lang='lat' dir='ltr'>Cf.</span> <span class='ocrx_word' id='word_1_469' title='bbox 500 3001 871 3035; x_wconf 88' lang='lat' dir='ltr'>Tertullianum</span> <span class='ocrx_word' id='word_1_470' title='bbox 897 3001 977 3037; x_wconf 81' lang='lat' dir='ltr'>adv,</span> <span class='ocrx_word' id='word_1_471' title='bbox 997 3001 1222 3035; x_wconf 83' lang='lat' dir='ltr'>Marcionem</span> <span class='ocrx_word' id='word_1_472' title='bbox 1241 3000 1302 3041; x_wconf 81' lang='lat' dir='ltr'>Hi,</span> <span class='ocrx_word' id='word_1_473' title='bbox 1321 3004 1360 3039; x_wconf 81' lang='lat'>6;</span> <span class='ocrx_word' id='word_1_474' title='bbox 1392 3000 1637 3033; x_wconf 85' lang='lat' dir='ltr'>Hilarium</span> <span class='ocrx_word' id='word_1_475' title='bbox 1656 2999 1694 3031; x_wconf 91' lang='lat' dir='ltr'>in</span> <span class='ocrx_word' id='word_1_476' title='bbox 1715 2997 1767 3032; x_wconf 82' lang='lat' dir='ltr'>Ps.</span> <span class='ocrx_word' id='word_1_477' title='bbox 1788 3000 1826 3030; x_wconf 88' lang='grc'>51</span> <span class='ocrx_word' id='word_1_478' title='bbox 1850 3008 1883 3029; x_wconf 86' lang='lat' dir='ltr'>n.</span> <span class='ocrx_word' id='word_1_479' title='bbox 1909 3000 1959 3029; x_wconf 71' lang='lat'>10.</span> 
     </span>
     <span class='ocr_line' id='line_1_46' title="bbox 232 3050 1894 3098; baseline -0.004 -12"><span class='ocrx_word' id='word_1_480' title='bbox 232 3053 295 3096; x_wconf 85' lang='lat' dir='ltr'>qui</span> <span class='ocrx_word' id='word_1_481' title='bbox 314 3053 543 3087; x_wconf 81' lang='lat' dir='ltr'>voluntariae</span> <span class='ocrx_word' id='word_1_482' title='bbox 561 3055 750 3088; x_wconf 79' lang='lat' dir='ltr'>coecitatis</span> <span class='ocrx_word' id='word_1_483' title='bbox 768 3055 804 3088; x_wconf 88' lang='lat' dir='ltr'>et</span> <span class='ocrx_word' id='word_1_484' title='bbox 821 3055 1072 3098; x_wconf 80' lang='lat' dir='ltr'>perversitatis</span> <span class='ocrx_word' id='word_1_485' title='bbox 1085 3055 1303 3098; x_wconf 86' lang='lat' dir='ltr'>judaeorum</span> <span class='ocrx_word' id='word_1_486' title='bbox 1325 3053 1489 3097; x_wconf 77' lang='lat' dir='ltr'>exempla</span> <span class='ocrx_word' id='word_1_487' title='bbox 1508 3052 1637 3087; x_wconf 83' lang='lat' dir='ltr'>refert:</span> <span class='ocrx_word' id='word_1_488' title='bbox 1658 3060 1767 3093; x_wconf 80' lang='lat' dir='ltr'>supra</span> <span class='ocrx_word' id='word_1_489' title='bbox 1785 3061 1818 3083; x_wconf 92' lang='lat' dir='ltr'>n.</span> <span class='ocrx_word' id='word_1_490' title='bbox 1839 3050 1894 3082; x_wconf 78' lang='lat'>47.</span> 
     </span>
    </p>
   </div>
  </div>
 </body>
</html>
