2175 3382
278 146 355 182 μμ»
700 135 817 169 'fruct
840 135 863 169 Ι.
884 135 1067 179 Apologia
1086 134 1187 177 relig.
1209 134 1332 169 christ.
1352 134 1488 169 Motiva
1508 135 1577 169 aliu

389 259 455 299 94.
480 255 635 295 Molita
659 255 862 309 quaedam
885 255 1148 295 secundaria.
1173 279 1225 284 ——
1252 253 1417 294 Motiv'is
1441 256 1687 295 externis·
1711 255 1918 297 hactenus
1940 268 2007 298 re-

270 327 441 367 censitis
464 338 540 378 pro
564 327 741 366 veritate
776 325 989 377 religionis
1012 325 1268 365 christianae
1297 324 1420 365 liceat
1443 325 1599 366 addere
1623 326 1833 378 quaedam
1856 339 2008 369 secun-

272 398 393 437 ‹laria
416 397 656 443 interna,
689 407 798 448 quae
832 395 1238 436 demonstrationem
1263 395 1375 436 haud
1399 407 1548 448 parum
1573 397 1837 442 confirmant,
1868 397 2007 450 cujus-

273 467 386 509 modi
410 472 508 508 sunt

391 540 431 582 l.
457 539 563 579 mira
586 538 613 578 h
626 551 649 579 a
663 551 682 578 r
693 551 734 578 m
747 538 873 578 onia
897 538 1121 578 veritatum
1137 537 1406 578 revelationis
1421 538 1679 578 christianae
1695 537 1803 578 inter
1817 549 1874 586 se,
1898 549 2007 590 quae

271 615 458 663 systema
479 610 521 650 in
545 622 589 650 se
613 614 700 650 tam
724 620 963 649 connexum
987 613 1028 649 et
1050 608 1347 649 coordinatum
1370 609 1643 658 constituunt,
1666 612 1712 649 ut
1733 608 1767 648 si
1790 607 1855 648 vel
1877 620 2006 649 unam

274 682 313 721 in
338 680 513 722 dubium
536 679 770 728 vocaveris,
792 678 979 730 reliquae
1002 679 1096 719 loco
1121 682 1373 719 moveantur
1396 682 1437 719 et
1458 683 1607 719 ruant:
1640 679 1707 719 cui
1731 678 1840 720 adde
1863 690 2010 720 earum

271 766 290 791 s
303 751 425 804 plen
438 750 463 791 d
476 763 500 791 o
514 763 533 790 r
546 762 567 790 e
580 763 642 798 m,
665 761 748 802 quo
772 749 986 800 ingenium
1010 748 1117 789 bene
1142 749 1352 789 excultum
1376 749 1610 801 percellunt
1630 751 1671 804 ¹).

390 823 431 865 ⁶3.
455 821 709 861 lnexhausta
744 821 903 872 copia
934 820 1204 868 motivorum,
1238 819 1389 872 quibus
1421 831 1465 860 se
1497 819 1650 872 probat
1682 832 1757 872 pro
1791 820 2013 873 cujuslibet

274 893 510 933 intellectus
534 891 763 943 indigentia
786 895 828 930 et
851 890 983 931 cultu:
1008 889 1146 930 nullus
1169 894 1233 930 est
1255 890 1367 931 enirn
1383 890 1571 930 virorum
1595 890 1819 931 doctorum
1843 891 1884 931 in
1906 903 2011 943 qua-

274 964 334 1004 vis
358 963 545 1012 scientia,
569 963 638 1015 qui
660 975 747 1003 non
770 962 954 1014 reperiat
975 974 1052 1014 pro
1076 961 1184 1002 illius
1199 961 1377 1002 veritate
1401 967 1652 1013 argumenta
1674 961 1754 1003 sibi
1770 961 1824 1003 ad
1838 974 2013 1014 persua-

273 1034 458 1076 dendum
492 1038 603 1086 apta,
635 1033 801 1083 idonea,
835 1032 1034 1081 efficacia,
1066 1037 1110 1073 ut
1140 1032 1372 1084 colligimus
1396 1044 1446 1073 ex
1468 1032 1727 1085 biographiis
1750 1045 1911 1083 eorum,
1942 1033 2013 1085 qui

273 1105 328 1146 ad
360 1104 483 1145 tidem
519 1104 794 1144 christianam
827 1104 1021 1144 conversi
1045 1107 1164 1144 sunt:
1197 1102 1346 1154 singuli
1382 1102 1468 1144 sere
1501 1103 1583 1143 alia
1610 1108 1736 1156 atque
1759 1103 1843 1144 alia
1864 1103 1933 1144 via
1956 1103 2009 1144 ad

271 1176 530 1217 credendum
554 1179 651 1216 sunt
674 1175 832 1215 inducti
850 1176 895 1230 2).

391 1249 433 1290 3.
457 1246 632 1287 Accedit
654 1245 1020 1294 confidentia,
1048 1258 1132 1298 qua
1155 1256 1206 1285 ex
1230 1245 1489 1286 conscientia
1511 1256 1614 1286 suae
1638 1245 1838 1294 veritatis,
1861 1256 2011 1286 omnes

273 1329 508 1370 provocare
540 1321 690 1370 potest,
732 1321 777 1357 ut
808 1317 1022 1369 inquirant
1053 1328 1130 1357 sua
1160 1315 1448 1364 fundamenta,
1494 1328 1645 1357 secura
1676 1315 1854 1357 rationis
1887 1328 2010 1357 usum

274 1389 490 1429 hominem
523 1389 575 1429 ad
610 1388 735 1429 tidem
767 1400 848 1440 ope
883 1387 1154 1428 revelationis
1178 1392 1219 1428 et
1241 1387 1376 1440 gratia
1399 1387 1659 1435 conducere;
1692 1391 1733 1428 et
1756 1399 1840 1440 qua
1863 1386 2013 1428 adver-

273 1460 394 1500 sariis
417 1472 514 1500 cum
538 1458 705 1500 Christo
728 1459 991 1510 ingeminare
1013 1462 1172 1510 potest:
1203 1458 1304 1509 Quis
1326 1473 1374 1498 ex
1395 1458 1505 1498 robis
1528 1463 1673 1513 aryuet
1697 1472 1757 1499 me
1779 1458 1827 1499 de
1844 1462 2013 1512 peccato

272 1530 351 1585 (Jo.
369 1534 406 1580 S,
421 1531 496 1585 46)
521 1531 541 1574 i.
559 1541 593 1570 e.
609 1530 661 1571 de
684 1541 841 1579 errore,
864 1529 1212 1578 contradictione,
1237 1529 1509 1570 conniventia
1531 1541 1627 1569 cum
1650 1528 1922 1581 passionibus
1936 1532 2012 1570 etc.

392 1601 433 1645 4.
456 1601 562 1641 Hinc
576 1601 669 1653 ipsa
691 1613 717 1641 a
728 1601 832 1641 mic
846 1612 868 1641 e
891 1600 1124 1641 consistere
1139 1604 1279 1652 potest
1293 1612 1388 1640 cum
1405 1601 1554 1652 quavis
1568 1600 1766 1641 scientia:
1790 1599 1889 1640 dum
1905 1599 2013 1640 aliae

273 1672 497 1724 religiones
520 1672 697 1713 scientia
718 1671 966 1724 proficiente
992 1670 1248 1723 pedetentim
1273 1675 1534 1712 evanescunt
1556 1672 1664 1711 sicut
1684 1670 1863 1711 umbrae
1886 1674 1927 1711 et
1948 1674 2011 1711 te-

273 1743 433 1784 nebrae
457 1743 619 1784 oriente
641 1742 741 1784 sole.

393 1816 434 1857 7).
459 1814 635 1866 Insignis
669 1813 987 1854 elasticitas
1020 1825 1104 1866 qua
1135 1824 1180 1853 se
1213 1812 1512 1854 accommodat
1544 1813 1660 1853 omni
1687 1812 1849 1853 homini
1872 1812 2013 1865 cujus-

274 1886 375 1927 libet
397 1887 560 1935 aetatis,
585 1885 852 1934 conditionis,
875 1885 1039 1934 indolis,
1071 1885 1268 1934 nationis,
1300 1885 1436 1925 cultus
1459 1889 1536 1925 etc.
1560 1889 1687 1936 atque
1709 1884 1909 1933 virtus,
1932 1895 2017 1936 qua

272 1957 367 1998 sola
388 1957 606 1997 hominem
629 1956 684 1997 ad
706 1957 939 1997 maximum
964 1956 1083 2008 cujus
1107 1967 1242 2008 capax
1266 1960 1329 1996 est
1351 1955 1510 1996 cultum
1532 1959 1767 2007 promovet,
1791 1958 1834 1995 ut
1856 1957 2017 1995 testan-

275 2033 341 2069 tur
365 2032 612 2069 sanctorum
634 2027 910 2080 biographiae
929 2029 976 2080 3),

395 2098 535 2149 Quare
569 2098 980 2139 demonstrationem
1013 2101 1204 2138 nostram
1239 2096 1512 2137 absolvamus
1545 2095 1684 2137 verbis
1707 2096 1768 2137 Pii
1790 2095 1855 2136 IX.
1888 2096 1931 2136 in
1961 2095 2016 2135 lit.

277 2169 506 2222 encyclicis
530 2173 567 2214 8.
591 2168 695 2210 Nov.
722 2172 846 2218 1846,
879 2167 1030 2221 quibus
1053 2168 1284 2220 praecipua
1306 2167 1594 2208 credibilitatis
1617 2167 1777 2208 motiva
1799 2166 2018 2220 synoptice

277 2240 597 2292 complectitur:

395 2326 498 2369 „Sed
522 2338 641 2374 quam
663 2326 799 2370 multa,
824 2338 940 2373 quam
962 2325 1075 2370 mira,
1099 2337 1218 2373 quam
1241 2324 1445 2373 splendida
1467 2326 1621 2372 praesto
1650 2325 1743 2360 sunt
1774 2325 2017 2372 argumenta,

278 2384 424 2432 quibus
447 2385 620 2422 humana
641 2385 741 2422 ratio
764 2384 1079 2422 luculentissime
1102 2383 1228 2421 evinci
1250 2384 1408 2421 omniuo
1432 2383 1558 2427 debet,
1582 2383 1755 2420 divinam
1777 2394 1862 2419 esse
1876 2381 2021 2419 Christi

276 2443 503 2492 religionem
529 2446 569 2481 et
591 2457 704 2481 omne
727 2444 954 2493 dogmatum
976 2445 1205 2480 nostrorum
1225 2442 1465 2492 principium
1487 2441 1655 2479 radicem
1678 2441 1846 2490 desuper
1867 2454 1910 2478 ex
1934 2452 2019 2478 coe-

278 2503 407 2540 lorum
430 2503 587 2540 domino
610 2503 801 2552 accepisse
825 2499 1240 2556 (Chrysostomus
1262 2502 1364 2541 hom.
1394 2509 1408 2541 1
1437 2501 1479 2537 in
1500 2500 1578 2550 Is.)‚
1610 2513 1652 2538 ac
1683 2502 1889 2549 propterea
1919 2499 2020 2536 nihil

276 2561 351 2598 fide
373 2564 507 2599 nostra
529 2562 687 2607 certius,
722 2562 824 2599 nihil
846 2561 1035 2610 securius,
1070 2561 1170 2598 nihil
1193 2561 1368 2598 sanctius
1390 2562 1552 2605 exstare,
1585 2562 1623 2597 et
1645 2559 1750 2608 quod
1781 2558 2019 2596 firmioribus

276 2620 470 2657 innitatur
490 2621 708 2670 principiis.
751 2621 856 2658 Haec
879 2620 1029 2658 scilicet
1050 2620 1144 2657 fides
1167 2620 1272 2658 vitae
1293 2619 1490 2669 magistra,
1514 2619 1653 2656 salutis
1675 2618 1804 2663 index,
1826 2618 2019 2655 vitiorum

277 2679 453 2716 omnium
475 2680 671 2728 expultrix
694 2691 737 2717 ac
758 2679 953 2717 virtutum
975 2679 1142 2717 fecunda
1163 2690 1303 2727 parens
1326 2681 1366 2715 et
1387 2679 1515 2721 altrix,
1552 2678 1675 2715 divini
1698 2677 1760 2714 sui
1783 2676 1952 2714 auctoris
1977 2678 2017 2713 et

276 2739 594 2776 consummatoris
628 2738 770 2776 Christi
803 2738 898 2776 Jesu
940 2738 1157 2783 nativitate,
1194 2738 1286 2783 vita,
1321 2739 1459 2782 morte,
1491 2736 1785 2781 resurrectione,
1817 2735 2017 2784 sapientia,

275 2796 478 2846 prodigiis,
513 2797 861 2835 vaticinationibus
885 2797 1111 2835 confirmata
1133 2809 1324 2845 supernae
1347 2795 1548 2833 doctrinae
1580 2796 1665 2833 luce
1696 2795 1873 2843 undique
1903 2793 2019 2831 reful-

277 2868 371 2904 gens
394 2867 435 2892 ac
449 2856 675 2893 coelestium
690 2856 919 2893 divitiarum
933 2856 1059 2893 ditata
1072 2855 1281 2901 thesauris,
1304 2857 1366 2892 tot
1379 2855 1660 2904 prophetarum
1674 2853 2018 2902 praedictionibus,

423 2948 450 2992 ¹)
469 2946 522 2980 Cf.
541 2947 569 2980 L
581 2946 593 2980 i
606 2958 695 2991 nge
707 2959 731 2981 n
745 2958 759 2980 s
778 2947 846 2993 Die
864 2947 990 2980 innere
1010 2946 1214 2980 Schonheit
1231 2945 1292 2979 des
1311 2945 1619 2983 Christenthums,
1637 2943 1815 2988 Freiburg
1835 2944 1936 2977 1895.

429 3000 456 3045 2)
475 2998 525 3033 Cf.
545 2999 575 3032 R
588 3010 608 3032 o
617 3011 632 3032 s
646 3010 664 3033 e
675 3012 699 3033 n
711 3001 727 3033 t
736 3000 761 3033 h
771 3000 815 3033 al
835 2998 1224 3033 Convertiten-Bilder.

423 3056 449 3095 ⁸)
468 3052 520 3089 Cf.
538 3052 584 3086 W
599 3052 667 3086 eis
681 3064 695 3085 s
722 3053 905 3098 Apologia
923 3052 986 3086 des
1009 3051 1315 3091 Chi-istenthums‚
1343 3051 1408 3094 qui
1425 3052 1452 3085 t.
1475 3055 1502 3084 l.
1520 3060 1608 3094 prae
1637 3049 1766 3094 primis
1785 3048 1950 3083 ostendit
1965 3057 2019 3081 re-

277 3106 416 3150 ligione
435 3104 637 3140 christiana
654 3105 842 3140 hominem
860 3105 939 3139 fieri
953 3106 1074 3139 tot-um
1088 3105 1278 3139 hominem
1292 3104 1315 3138 i.
1331 3115 1359 3138 e.
1374 3103 1577 3147 perfectum
1592 3112 1805 3145 summeque
1819 3102 2020 3136 actuatum.
