2175 3382
685 135 882 170 Decretum
901 136 1060 180 Eugenii
1078 136 1138 171 IV.
1158 147 1223 181 pro
1243 138 1415 172 armenis.
1827 145 1918 186 459

250 276 254 279 ’
303 280 344 310 e.
369 266 509 318 Quare
531 266 802 319 Eugenius
824 266 889 307 IV.
912 267 955 307 in
977 266 1089 307 bulla
1112 266 1303 320 ,Moyses‘
1327 280 1362 308 a.
1382 271 1491 312 1439
1516 270 1645 324 (apud
1666 269 1822 314 Hard.
1845 269 1915 320 IX,

188 341 300 382 1004
322 339 394 394 55.)
417 337 594 378 damnat
614 350 753 390 prop:
793 336 982 388 „Veritas
1014 337 1065 378 de
1096 343 1305 390 potestate
1328 340 1493 380 concilii
1515 341 1722 391 generalis
1745 344 1914 382 univer-

184 408 318 450 salem
339 408 572 449 Ecclesiam
593 408 952 461 repraesentantis
975 420 1104 460 supra
1125 420 1282 460 papam
1315 414 1355 450 et
1387 410 1616 462 quemlibet
1637 412 1815 452 alterum
1839 411 1915 453 de-

157 504 164 511 ·
184 478 345 520 clarata
368 491 443 531 per
465 479 782 520 constantiense
805 484 847 519 et
869 479 951 519 hoc
973 479 1212 519 basileense
1235 480 1448 531 generalia
1472 482 1649 522 concilia
1673 489 1735 523 est
1758 484 1914 524 veritas

184 548 280 590 fidei
301 549 572 591 catholicae.“
602 549 723 600 Quod
747 550 782 590 si
803 549 1076 602 Eugenius
1099 549 1162 590 IV.
1179 562 1296 590 conc.
1312 550 1550 592 basileense
1566 553 1821 604 approbavit
1842 567 1913 594 us-

184 631 266 673 que
297 620 351 661 ad
383 620 574 673 ejusdem
595 619 930 669 translationem,
964 619 1215 672 approbavit
1237 620 1337 661 illud
1360 633 1456 662 cum
1478 622 1686 664 clausula:
1719 624 1913 676 „Absque

184 696 329 732 tamen
350 691 610 744 praejudicio
629 691 746 743 juris,
778 691 991 742 dignitatis
1023 697 1064 731 et
1094 692 1454 743 praeeminentiae
1477 693 1588 733 sedis
1612 694 1907 745 apostolicae.·'

302 762 339 807 f.
363 761 436 802 His
450 774 704 815 responsum
727 767 791 803 est
813 762 867 802 ad
890 774 1008 803 conc.
1025 762 1273 812 basileense,
1296 763 1414 816 cujus
1430 764 1601 805 decreta
1623 766 1704 806 hoc
1727 766 1768 806 in
1793 778 1913 817 argu-

184 838 328 875 mento
350 833 541 886 pluribus
564 833 671 873 forte
694 832 926 874 defectibus
948 833 1157 883 laborant,
1181 838 1227 875 ut
1248 835 1338 886 ipse
1361 834 1393 875 D
1407 834 1645 887 ollinger
1667 835 1689 875 l.
1715 848 1746 875 0.
1763 836 1806 884 ΙΙ,
1829 840 1912 880 347

184 905 260 948 col.
284 908 368 949 306
393 909 434 945 et
456 907 542 949 325
567 917 619 945 55.
652 904 762 945 bene
794 904 989 945 ostendit.
1033 903 1089 945 Cf.
1122 903 1426 954 Scheeben,
1459 906 1533 946 der
1563 905 1693 958 Papst
1724 906 1809 947 und
1841 906 1916 947 das

184 974 330 1016 Concil
351 988 435 1016 von
457 975 610 1023 Janus3
633 975 901 1016 Ballerini
925 975 976 1016 de
999 981 1148 1028 potest.
1173 989 1226 1016 ss.
1249 981 1363 1028 pont.
1387 981 1428 1017 et
1451 989 1569 1017 00110.
1594 988 1683 1028 gen.
1707 989 1739 1017 0.
1766 981 1787 1020 T
1812 991 1864 1018 ss.

303 1050 401 1089 441.
425 1046 638 1088 Provocat
653 1047 744 1103 (13)
759 1047 812 1087 ad
836 1047 1053 1088 decretum
1074 1047 1301 1099 Eugenii
1322 1047 1386 1088 IV.
1404 1061 1481 1100 pro
1497 1049 1695 1089 armenis.
1718 1048 1918 1089 Admissa

183 1118 294 1158 enim
314 1119 480 1158 romani
496 1118 706 1170 pontilicis
720 1118 1025 1165 infallibilitate,
1047 1118 1147 1159 illud
1170 1118 1278 1159 foret
1299 1118 1512 1159 infallibile
1526 1135 1538 1168 ,·
1561 1131 1644 1171 quo
1668 1120 1806 1171 posito
1826 1120 1915 1172 jam

184 1188 236 1228 de
268 1188 609 1229 ordinationibus
641 1189 938 1241 episcoporum
976 1194 1016 1230 et
1047 1189 1393 1243 presbyterorum
1424 1189 1467 1229 in
1498 1190 1695 1230 universa
1728 1189 1916 1231 Ecclesia

184 1264 297 1300 esset
317 1260 467 1300 merito
492 1259 790 1301 dubitandum:
814 1272 914 1300 nam
938 1260 1082 1312 primis
1105 1259 1320 1301 Ecclesiae
1343 1260 1496 1300 seculis
1519 1260 1561 1300 hi
1583 1260 1753 1301 ordines
1776 1261 1918 1302 collati

184 1342 271 1371 non
292 1335 390 1371 sunt
412 1343 463 1371 eo
486 1330 579 1375 ritu,
612 1331 682 1382 qui
714 1330 947 1371 secundum
978 1330 1061 1370 hoc
1090 1329 1393 1371 infallibile
1426 1330 1642 1371 decretum
1675 1336 1738 1371 est
1770 1343 1916 1371 essen-

183 1401 306 1449 tialis,
328 1413 466 1454 neque
489 1401 617 1442 modo
640 1402 683 1441 in
704 1400 893 1441 Ecclesia
919 1401 1112 1441 orientali
1137 1413 1187 1442 eo
1211 1400 1484 1442 conferuntur
1505 1401 1607 1449 ritu;
1641 1406 1784 1442 actum
1816 1413 1916 1454 ergo

184 1477 297 1513 esset
318 1471 370 1512 de
398 1472 645 1524 episcopatu
668 1471 803 1524 deque
826 1473 1096 1513 successione
1129 1473 1364 1524 apostolica
1390 1474 1433 1513 in
1454 1472 1652 1521 Ecclesia,
1688 1477 1829 1514 actum
1864 1473 1917 1513 de

182 1543 366 1595 legitimo
390 1542 455 1583 vel
476 1543 606 1595 ipsius
629 1542 794 1583 concilii
816 1543 1000 1583 vaticani
1022 1543 1177 1584 valore.
1222 1542 1305 1584 Sed

206 1668 209 1671 r
303 1626 344 1658 a.
377 1614 471 1665 ipsa
501 1613 607 1654 haec
638 1614 841 1654 immania
864 1613 1061 1663 absurda,
1093 1626 1201 1666 quae
1224 1613 1469 1663 inferuntur,
1502 1615 1794 1667 exceptionem
1818 1615 1915 1656 red-

184 1685 288 1725 dunt
310 1689 574 1736 suspectam
603 1689 643 1725 et
664 1695 815 1725 revera
836 1685 1046 1726 innumeri
1067 1685 1251 1737 theologi
1274 1690 1387 1731 certe
1410 1697 1585 1737 sagaces
1607 1698 1693 1726 non
1716 1685 1915 1726 obstante

183 1755 266 1796 hoc
288 1755 458 1796 decreto
481 1767 569 1795 non
591 1755 840 1796 destiterunt
871 1767 897 1795 a
926 1756 1234 1808 propugnanda
1264 1756 1431 1797 romani
1462 1756 1670 1808 pontificis
1692 1756 1915 1797 infallibili-

184 1830 283 1875 tate,
306 1826 464 1866 nullam
486 1825 583 1865 inde
604 1825 819 1866 Ecclesiae
842 1827 1038 1867 timentes
1061 1827 1311 1878 perniciem;
1335 1826 1527 1867 sciebant
1549 1827 1633 1867 scil.

304 1898 349 1940 b.
380 1897 463 1937 hoc
495 1896 712 1936 decretum
734 1908 819 1937 non
843 1897 1059 1937 continere
1083 1896 1467 1938 definitionem
1493 1897 1786 1949 dogmaticam,
1819 1898 1918 1950 quid

185 1968 239 2009 sit
260 1968 312 2009 de
334 1971 702 2008 sacramentorum
725 1961 992 2017 essentia,
1016 1968 1090 2009 sed
1113 1980 1206 2009 esse
1229 1969 1656 2009 instructionem
1676 1969 1718 2023 1),
1740 1968 1838 2020 quid
1853 1980 1921 2009 se-

185 2038 370 2080 cundum
392 2043 665 2090 praesentem
686 2037 901 2079 Ecclesiae
932 2051 1138 2080 romanae
1170 2039 1334 2091 praxim
1367 2040 1410 2079 in
1445 2044 1810 2079 sacramentorum
1843 2039 1918 2079 ad-

185 2109 496 2150 ministratione
520 2109 574 2149 sit
595 2109 863 2150 servandum.
893 2108 1033 2160 Quare
1048 2110 1214 2150 etiarnsi
1229 2114 1398 2158 statuat,
1421 2110 1644 2150 materiam
1660 2110 1918 2150 sacramenti

186 2180 345 2221 ordinis
368 2191 462 2220 esse
484 2179 597 2227 illud,
630 2180 749 2232 cujus
772 2180 998 2220 traditione
1022 2180 1126 2220 ordo
1150 2179 1374 2228 confertur,
1406 2192 1492 2220 11011
1514 2185 1741 2232 propterea
1764 2180 1922 2220 dirimit

186 2251 493 2304 quaestionem.
521 2263 622 2291 num
636 2250 743 2291 haec
758 2250 811 2291 sit
826 2251 1005 2291 materia
1026 2251 1189 2302 integra
1213 2255 1254 2291 et.
1274 2251 1332 2291 ita
1355 2251 1601 2299 essentialis,
1634 2255 1679 2290 ut
1700 2263 1918 2303 nunquam

187 2322 277 2363 sine
299 2321 369 2362 illa
390 2321 574 2362 valuerit
597 2321 755 2361 ordinis
778 2325 1108 2364 sacramentum.
1706 2322 1709 2324 ’

306 2406 344 2437 e.
369 2391 583 2433 Concesso
608 2392 736 2432 etiam
758 2391 989 2442 Eugenium
1011 2391 1076 2432 IV.
1108 2392 1350 2432 authentice
1381 2391 1575 2433 docuisse
1603 2393 1826 2433 materiam
1852 2403 1918 2432 05-

187 2463 409 2504 sentialem
444 2463 701 2503 sacramenti
747 2463 904 2504 ordinis
947 2474 1039 2503 0550
1081 2464 1457 2504 instrumentorum
1492 2463 1773 2512 traditionem,
1816 2463 1917 2503 nihil

186 2538 415 2586 propterea
437 2538 547 2574 esset
570 2533 815 2574 timendum.
838 2532 1071 2574 Defendere
1094 2533 1207 2573 enim
1230 2533 1326 2574 licet
1348 2534 1603 2585 opinionem,
1626 2546 1735 2586 quae
1758 2534 1917 2581 statuit,

187 2602 397 2644 Christum
431 2616 507 2656 pro
531 2605 691 2645 ordinis
713 2609 982 2645 sacramento
1007 2605 1231 2645 materiam
1253 2604 1559 2645 determinasse
1583 2605 1625 2645 in
1648 2616 1800 2657 genere
1823 2610 1920 2644 tan-

186 2679 287 2723 tum,
321 2675 506 2716 voluisse
529 2675 627 2724 scil„
658 2680 702 2716 ut
726 2675 830 2716 ordo
854 2674 1116 2716 conferretur
1138 2675 1220 2715 ritu
1242 2674 1393 2715 visibili
1416 2680 1457 2716 et
1479 2680 1577 2728 apto
1602 2675 1655 2716 ad
1678 2675 1917 2726 significan-

336 2836 358 2874 1)
377 2833 406 2866 D
419 2844 437 2866 e
449 2833 597 2877 nzing
609 2844 627 2867 e
639 2845 655 2866 r
679 2833 718 2866 in
743 2832 946 2866 enchiridio
964 2832 1079 2876 symb.
1100 2834 1137 2866 et-
1155 2832 1293 2868 definit.
1321 2833 1368 2866 ad
1385 2833 1476 2866 illud
1505 2833 1648 2867 scribit:
1687 2831 1785 2871 ,Qua
1806 2831 1848 2864 de
1867 2831 1920 2864 in-

189 2886 392 2919 structione
411 2886 725 2930 praemittendum
745 2888 809 2919 est.
829 2895 908 2918 eam
926 2895 999 2918 non
1016 2894 1092 2919 esse
1120 2887 1142 2918 d
1155 2895 1173 2918 e
1185 2885 1360 2919 finitio
1373 2895 1426 2919 ne
1438 2898 1471 2918 m
1499 2885 1542 2919 de
1569 2885 1747 2923 ministro,
1767 2883 1923 2917 materia.

189 2940 227 2972 et
243 2937 362 2973 forma
376 2940 699 2979 sacra-mentorum,
730 2941 772 2972 ut
801 2938 910 2971 multi
941 2939 1132 2981 putabant,
1160 2938 1223 2972 sed
1250 2938 1297 2972 in
1309 2951 1324 2972 s
1336 2940 1352 2972 t
1362 2950 1378 2971 r
1389 2950 1413 2972 u
1425 2938 1523 2972 ctio
1535 2950 1559 2972 11
1571 2947 1589 2970 e
1601 2950 1635 2971 m
1663 2936 1921 2970 tantummodo

186 2992 404 3034 practicam,
424 3002 519 3036 quae
536 2993 661 3026 tamen
679 2993 722 3026 ut
740 2991 826 3025 talis
844 2991 990 3035 plenam
1009 2991 1123 3026 habet
1141 2992 1410 3026 auctoritatem.
1445 2991 1569 3036 [psum
1586 2991 1771 3024 deci-etum
1791 2989 1828 3022 in
1847 2989 1921 3022 fine

189 3044 387 3090 distinguit
405 3045 502 3079 inter
520 3044 706 3090 ,capitula,
727 3044 1002 3085 declarationes,
1022 3044 1264 3085 definitiones,
1292 3044 1519 3084 traditiones,
1551 3044 1758 3087 praecepta,
1778 3043 1923 3075 statuta

188 3096 228 3130 et
244 3097 472 3138 (10011-1113111,6
493 3108 586 3141 quae
604 3097 643 3131 in
660 3097 740 3141 ipso
760 3097 1053 3132 commeantum<
