2175 3382
176 150 225 201 ,ἡ
935 110 990 137 est
1008 104 1168 138 Messias.
1860 115 1914 156 47

185 228 355 264 vocatur
376 222 619 275 Bethlehem,
643 236 684 263 eo
707 223 814 277 quod
836 227 933 263 esset
956 224 1005 263 de
1027 223 1144 263 domo
1168 230 1201 264 et
1221 225 1389 276 familia
1406 225 1547 266 David
1568 226 1664 268 Luc.
1681 233 1718 277 2,
1740 233 1767 273 4
1790 241 1917 271 occa-

186 294 304 335 sione
335 293 632 345 descriptionis
663 305 687 333 a
719 292 914 344 praeside
939 291 1086 345 Syriae
1109 292 1262 346 Cyrino
1296 294 1452 343 factae;
1487 296 1670 348 probant
1705 299 1917 341 acclama-

184 365 333 412 tiones,
354 363 507 417 quibus
528 364 688 417 passim
707 363 821 417 filias
843 363 984 405 David
1015 376 1041 404 a
1062 365 1218 416 populo
1242 365 1517 415 salutabatur,
1540 367 1588 407 cf.
1611 368 1754 412 Matth.
1778 374 1816 418 9,
1839 374 1893 415 27
1906 387 1915 413 ι

192 438 256 484 15,
280 438 358 483 22,·
381 438 450 482 21,
473 439 510 479 9.
538 438 614 484 15,·
645 434 772 475 Marc.
800 439 864 483 10,
885 439 961 482 47ς
985 434 1106 475 Rom.
1135 440 1168 483 1,
1191 439 1237 482 33
1262 439 1298 478 2.
1322 436 1424 476 Tim.
1449 440 1486 486 2,
1511 442 1546 481 8.
1589 437 1684 479 Non
1706 440 1916 482 immerito

185 517 421 559 provocare
442 506 540 547 licet
562 505 616 546 ad
638 505 735 546 Luc.
763 512 796 555 1,
821 508 876 550 26
900 519 950 548 s‚:
983 505 1138 547 Missus
1170 511 1226 546 est
1258 506 1427 560 anqelus
1450 544 1457 550 ,
1483 540 1490 547 .
1515 541 1520 546 .
1546 508 1601 549 ad
1635 510 1828 562 ciryinem
1851 511 1916 551 de-

185 585 424 631 sponsatam
446 577 548 630 viro,
571 579 637 617 cui
660 590 801 617 nomen
825 583 915 618 erat
935 576 1102 631 Joseph‚
1132 578 1179 617 cle
1202 578 1319 617 domo
1344 578 1499 631 David)
1521 584 1556 619 et
1580 592 1722 619 nomen
1744 582 1917 633 viryinis

186 647 342 689 Maria.
384 647 626 687 Admodum
658 646 878 699 probabile
911 648 1023 688 enim
1055 652 1129 695 est,
1160 647 1260 688 illud
1292 649 1532 700 appositum
1567 649 1615 689 de
1637 649 1753 689 domo
1778 650 1917 691 Dat-id

185 730 278 760 esse
299 717 568 759 referendum
591 718 646 758 ad
667 719 884 770 virginem,
907 730 993 759 non
1016 719 1070 759 ad
1092 719 1250 770 Joseph
1269 722 1310 771 1).

302 790 345 832 3.
370 788 582 830 Christum
605 787 754 829 natum
777 800 870 830 esse
892 789 935 829 in
955 788 1205 836 Bethlehem
1226 789 1360 830 „Iudae
1383 793 1562 830 testatur
1583 789 1854 843 Evangelium
1871 793 1916 848 ⁴).

301 859 345 903 4.
369 858 474 900 Eum
506 859 706 900 habuisse
738 871 1074 911 praecursorem,
1106 864 1252 900 tantae
1274 860 1510 901 sanctitatis
1533 861 1680 908 virum,
1711 866 1757 902 ut
1777 862 1917 914 plures

183 930 385 983 suspicati
406 931 500 979 sint,
522 930 662 982 ipsum
677 942 770 971 esse
784 929 994 978 Messiam,
1017 931 1174 982 pariter
1188 930 1394 982 colligitur
1409 943 1461 971 ex
1475 930 1712 984 Evangelio.
1734 932 1917 985 Tempus

183 1001 414 1042 nativitatis
435 1000 653 1053 praeclare
673 1001 882 1042 vaticiniis
896 1001 1166 1053 respondere,
1191 1013 1375 1054 sequens
1396 1002 1452 1044 th.
1468 1001 1773 1048 manifestabit:
1789 1005 1917 1044 mira-

183 1072 285 1113 culis
307 1084 408 1113 vero
432 1071 645 1113 refulsisse
668 1072 758 1124 ejus
782 1072 1011 1113 adventum
1033 1072 1140 1112 infra
1164 1072 1337 1113 uberius
1361 1072 1646 1116 ostendemus.

301 1144 344 1187 5.
367 1123 547 1197 lleQae
588 1143 753 1184 muneri
785 1143 984 1184 divinitus
1014 1143 1231 1196 praedicto
1265 1142 1455 1185 Christus
1488 1144 1662 1185 omnino
1693 1144 1915 1187 satisfecit:

182 1213 312 1255 verbo
336 1215 449 1255 enim
472 1219 514 1255 et
536 1226 676 1267 opere,
702 1218 790 1255 tam
813 1226 888 1267 per
909 1227 954 1255 se
977 1227 1105 1267 quam
1127 1227 1203 1267 per
1225 1227 1325 1255 suos
1357 1214 1518 1266 legatos
1551 1226 1676 1256 cursu
1703 1216 1793 1267 jam
1824 1215 1918 1256 XIX

182 1285 423 1326 seculorum
455 1285 692 1326 doctrinam
724 1289 766 1326 et
795 1285 931 1338 legem
963 1285 1137 1327 coelesti
1168 1286 1377 1338 sapientia
1407 1285 1607 1327 refertam
1638 1286 1919 1339 promulgavit

183 1360 310 1409 atque
332 1367 419 1405 eos³
447 1357 518 1409 qui
539 1358 582 1397 in
604 1356 791 1397 tenebris
814 1361 855 1398 et
876 1357 919 1397 in
940 1357 1094 1398 umbra
1116 1358 1264 1398 mortis
1286 1357 1504 1404 sedebant,
1537 1357 1681 1398 docuit
1702 1362 1743 1398 et
1763 1358 1916 1398 illumi-

183 1428 300 1468 navit
321 1431 449 1480 atque
472 1427 627 1469 docere
650 1431 691 1468 et
712 1427 950 1469 illuminare
973 1428 1116 1480 pergit.

299 1500 340 1541 6.
362 1497 539 1539 Humilis
561 1498 740 1540 Messiae
772 1499 815 1539 in
846 1498 995 1540 urbem
1017 1499 1252 1541 Jerusalem
1280 1499 1493 1552 ingressus
1516 1511 1541 1539 a
1563 1498 1770 1539 Zacharia
1792 1510 1915 1550 prae-

183 1567 318 1609 dictus
341 1572 379 1618 9,
403 1572 428 1613 9
452 1569 507 1625 (n.
529 1573 587 1613 40
605 1571 637 1625 5)
673 1569 727 1610 ad
749 1569 916 1611 literam
939 1563 1191 1622 adimpletus
1213 1569 1290 1610 fuit
1310 1570 1352 1610 in
1376 1569 1541 1610 Christo
1563 1569 1662 1610 Jesu
1687 1568 1823 1625 (Joan.
1849 1571 1915 1612 12.

185 1642 259 1687 1ἴ);
279 1639 425 1684 Matth.
441 1643 508 1689 21,
524 1643 550 1685 5
566 1641 672 1696 etc).
696 1640 799 1682 Item
821 1641 935 1694 quod
950 1640 1180 1681 Zacharias
1206 1643 1272 1683 12.
1299 1645 1352 1685 10
1374 1640 1602 1693 praedixit:
1627 1639 1680 1680 Et
1703 1640 1913 1692 effundam

182 1724 305 1765 super
336 1711 502 1752 domum
524 1712 667 1753 David
698 1718 733 1752 et
763 1725 889 1766 super
919 1712 1170 1752 habitatores
1202 1711 1435 1753 Jerusalem
1468 1712 1659 1765 spiritum
1681 1711 1844 1764 yraliae
1879 1715 1914 1750 et

175 1795 373 1836 precum:
405 1786 441 1822 et
472 1783 674 1836 aspicient
705 1784 762 1823 ad
792 1796 865 1834 me,
899 1796 1016 1837 quem
1048 1783 1315 1836 confinxerunt,
1348 1786 1383 1823 et
1413 1783 1613 1836 planyent
1635 1794 1723 1822 eum
1741 1781 1914 1836 planctu

184 1853 305 1907 quasi
326 1866 450 1908 super
475 1853 727 1904 uniqenitum
757 1853 844 1908 (ubi
868 1853 976 1894 bene
999 1855 1123 1894 vertit
1143 1853 1336 1904 vulgatus
1358 1854 1565 1905 interpres
1588 1852 1816 1893 dictionem
1839 1851 1915 1892 da-

182 1934 289 1975 qaru
310 1923 580 1976 confixerant,
603 1936 701 1964 cum
721 1924 790 1964 hic
812 1925 863 1965 sit
886 1924 1010 1977 hujus
1032 1924 1151 1965 verbi
1173 1936 1343 1965 sensus:
1367 1924 1506 1964 minus
1529 1923 1639 1964 bene
1662 1921 1771 1963 LXX
1786 1923 1915 1963 inter-

180 1998 321 2045 pretes
354 1995 669 2046 insultaverunt,
702 1996 772 2048 qui
804 2007 953 2036 sensus
987 2000 1050 2036 est
1084 1995 1348 2050 inusitatus):
1381 1999 1422 2036 et
1443 2006 1552 2047 quae
1575 1993 1783 2045 cumipse
1804 1992 1914 2033 Deus

180 2064 359 2117 loquens
391 2065 557 2106 dicatur
588 2066 786 2120 confixus>
818 2065 974 2108 referre
1007 2067 1111 2121 (sive
1143 2066 1399 2115 immediate,
1431 2066 1519 2106 sive
1542 2065 1692 2105 saltem
1715 2063 1914 2115 mediate)

183 2134 280 2176 licet
301 2135 356 2175 ad
377 2135 596 2177 Messiam:
632 2136 806 2189 impleta
828 2137 1018 2178 videmus
1041 2138 1083 2178 in
1107 2135 1273 2178 Christo
1295 2136 1357 2178 Jo.
1385 2140 1450 2185 19,
1474 2140 1527 2180 33
1551 2149 1626 2185 ss.;
1660 2136 1750 2187 eJ'us
1773 2139 1915 2175 autem

183 2203 465 2247 confixionem
497 2212 669 2248 secutae
701 2213 799 2248 sunt
824 2219 978 2259 magna
1005 2208 1266 2260 poenitentia
1289 2212 1329 2247 et
1353 2206 1498 2247 effusio
1522 2206 1826 2246 charismatum
1847 2203 1915 2243 hic

328 2359 352 2403 ¹)
372 2357 424 2392 Cf.
442 2358 592 2403 Chrys
605 2371 625 2394 o
638 2362 820 2394 stomus
838 2361 875 2394 in
893 2360 929 2396 h.
948 2360 991 2397 1.;
1011 2360 1180 2394 Keller
1196 2361 1236 2393 in
1252 2360 1339 2394 fase.
1358 2360 1486 2393 Pastor
1503 2359 1621 2392 bonus
1639 2357 1717 2397 VH,
1735 2359 1780 2390 86
1799 2367 1843 2389 ss

325 2411 352 2457 2)
370 2411 429 2445 Ad
446 2422 522 2446 rem
541 2413 773 2447 Eusebius
791 2414 990 2447 demonstr.
1010 2423 1138 2458 evang.
1156 2413 1179 2447 1.
1196 2416 1216 2447 6
1231 2424 1260 2446 c.
1278 2416 1320 2448 13
1339 2413 1530 2446 occasione
1550 2410 1715 2445 vaticinii
1730 2409 1915 2443 Michaeae

182 2468 211 2496 5.
228 2467 248 2497 2
265 2467 313 2504 (n.
328 2465 423 2510 40¹2):
445 2464 505 2503 „Si
523 2466 605 2509 quis
624 2466 687 2505 θεὲ,
706 2466 771 2509 qui
789 2466 978 2500 oraculum
991 2466 1124 2500 referre
1138 2466 1254 2511 possit
1273 2467 1320 2499 ad
1339 2466 1450 2499 alium
1467 2465 1690 2509 quempiam,
1707 2473 1753 2496 ne
1771 2463 1914 2496 cuncte-

179 2517 251 2558 tur,
268 2518 405 2561 prodat
424 2529 510 2552 sane
527 2518 635 2558 hunc,
657 2519 827 2562 quisnam
845 2520 905 2553 sit.
940 2519 1010 2554 Sed
1029 2520 1059 2553 si
1086 2521 1180 2554 alius
1197 2521 1343 2565 praeter
1366 2519 1594 2553 Salvatorem
1611 2517 1657 2550 N.
1675 2517 1707 2551 J.
1728 2516 1911 2550 Christum

180 2568 337 2604 inveniri
353 2582 429 2605 non
447 2572 578 2616 potest,
597 2573 662 2616 qui
680 2573 780 2607 solus
799 2573 884 2617 post
900 2572 1014 2606 talem
1029 2574 1264 2618 prophetiam
1284 2573 1369 2607 inde
1384 2572 1567 2617 profectus
1582 2570 1803 2604 celebratur:
1824 2568 1912 2612 quid

178 2623 328 2657 tandem
345 2624 603 2667 impedimenti
622 2629 798 2670 superest,
815 2637 861 2660 ne
878 2637 953 2660 una
971 2637 1052 2660 cum
1071 2628 1152 2671 ipsa
1175 2627 1371 2672 prophetia
1400 2626 1593 2660 veritatem
1611 2626 1801 2658 fateamur.
1821 2632 1913 2666 quae

180 2676 220 2710 in
236 2689 352 2711 unum
369 2677 478 2712 illum
497 2690 600 2713 suam
617 2679 746 2724 dirigit
760 2680 1053 2724 praedictionem
1065 2686 1079 2714 ¹?
1097 2681 1192 2714 Nam
1214 2680 1312 2714 solus
1326 2679 1390 2714 ille
1404 2679 1577 2713 omnium.
1597 2678 1659 2722 qui
1675 2687 1837 2720 unquam
1855 2687 1908 2709 ex-

180 2731 354 2771 stiterint,
381 2742 424 2766 ex
452 2742 493 2766 eo
513 2732 731 2767 Bethlehem
758 2734 836 2768 loco
857 2760 863 2767 .
884 2760 891 2766 .
911 2760 918 2767 .
947 2735 1141 2768 manifeste
1167 2735 1251 2778 post
1276 2734 1352 2778 ejus
1372 2733 1587 2777 prophetiae
1604 2733 1767 2774 tempora
1787 2730 1911 2762 huma-

179 2794 265 2817 nam
282 2783 429 2819 subiens
446 2786 604 2820 formam
622 2796 838 2831 progressus
857 2788 921 2827 est,
943 2789 1054 2831 atque
1072 2786 1171 2821 illico
1190 2798 1263 2821 una
1282 2798 1363 2820 cum
1382 2787 1460 2831 ejus
1479 2786 1637 2819 adventu
1657 2795 1707 2818 ea.
1727 2793 1820 2826 quae
1838 2783 1909 2825 jam

179 2837 368 2881 praedicta
384 2838 531 2873 fuerant
546 2867 553 2880 ,
581 2840 768 2884 completa
785 2842 881 2875 sunt.
907 2840 1036 2884 Itaque
1055 2851 1073 2874 e
1091 2840 1248 2885 vestigio
1267 2840 1344 2874 sine
1363 2850 1466 2873 mora
1483 2847 1718 2882 quaecunque
1735 2835 1856 2870 tristia
1876 2838 1910 2867 vt

179 2889 314 2924 infesta
328 2890 498 2936 judaicae
515 2892 621 2936 genti
638 2893 829 2937 praedicta
848 2893 1004 2931 fuerant,
1032 2893 1251 2927 evenerunt:
1281 2903 1323 2926 ac
1348 2904 1474 2926 rurs-us
1494 2891 1621 2925 ceteris
1646 2889 1815 2934 gentibus
1834 2898 1908 2920 ora-

180 2942 270 2976 culis
288 2945 535 2978 consentanea
548 2971 556 2986 ‚
584 2946 694 2988 atque
711 2945 790 2990 ipse
806 2946 867 2979 hic
886 2945 1052 2979 Salvator
1069 2946 1106 2978 et
1123 2945 1164 2979 D.
1183 2945 1228 2979 N.
1246 2945 1285 2978 in
1304 2945 1520 2978 Bethlehem
1538 2952 1747 2987 progressus<
1767 2940 1841 2983 ejus
1865 2940 1910 2971 [s-

179 2994 259 3029 rael
274 2996 456 3041 princeps,
484 2997 548 3041 qui
575 2997 622 3031 ad
648 2997 939 3042 intelligentiam
957 2998 1125 3038 refertur,
1154 2998 1359 3032 declaratus
1388 3000 1441 3030 est
1460 2999 1525 3030 etc·
1546 3005 1549 3017 ³
1586 2995 1636 3029 Cf.
1662 2995 1682 3027 S
1696 2994 1746 3025 eh
1761 3003 1779 3026 e
1792 2993 1843 3026 eb
1856 3006 1873 3020 ν
1887 3004 1908 3023 n

178 3050 198 3093 ξ
225 3051 304 3084 210.
