2175 3382
228 130 315 170 400
431 123 548 157 'frat-t.
571 122 630 159 tlt,
649 121 693 155 dv
714 121 886 165 primatu.
907 121 1037 155 'rhesis
1059 120 1232 154 LXXVII.
1253 119 1518 164 Imperatorum
1538 120 1763 153 testimonia.

227 246 427 295 probanda
457 257 540 282 esse
567 244 730 293 judicio,
763 247 809 280 ut
839 243 871 280 si
904 244 1003 280 forte
1036 246 1081 279 ut
1112 242 1338 279 hominibus
1371 241 1563 290 quispiam
1597 240 1840 291 ignorantiae
1861 254 1968 279 error

227 305 413 354 obrepsit.
438 307 567 342 vestra
589 303 783 340 sententia
805 302 1064 350 conigastum«
1110 301 1141 337 N
1157 314 1176 337 e
1190 300 1357 338 storiu
1371 314 1406 337 m
1431 312 1587 348 quoque
1610 299 1825 338 sollicitum
1850 299 1968 338 fuisse

227 365 273 402 de
307 363 579 402 communione
613 374 700 399 cum
736 362 826 399 sede
860 361 1081 410 apostolica,
1117 360 1285 408 probant
1315 360 1399 407 ejus
1421 359 1468 396 ad
1491 359 1754 396 Coelesiinum
1785 359 1968 408 epistolae

227 421 278 472 (a.
304 424 419 474 430).
463 421 722 471 Eutyches
752 422 797 457 ad
824 421 987 457 Leonem
1011 419 1214 468 appellans
1235 419 1455 467 profitetur,
1493 430 1533 455 se
1556 418 1738 455 omnibus
1759 417 1886 455 modis
1908 429 1968 455 se-

226 487 423 527 cuturum,
448 494 547 530 quae
571 480 743 529 pontifex
766 477 1019 528 probassetli.
1062 478 1329 514 Posteriorum
1354 477 1636 514 haereticorum
1659 479 1771 525 gesta
1791 476 1968 514 fraudes-

226 555 302 590 que
324 540 688 590 praetermittimus.

345 624 444 665 381.
471 621 515 663 8.
550 618 829 672 Imperatores
853 617 929 668 ipsi
951 627 1039 656 non
1062 615 1199 656 solum
1223 614 1486 655 solemnibus
1510 614 1701 655 formulis
1724 615 1767 655 in
1789 614 1966 667 publicis

227 692 516 733 instrumentis
539 690 647 730 sedis
670 702 867 729 romanae
885 688 1118 741 primatum
1142 699 1354 739 aqnovere,
1377 697 1525 726 verum
1549 685 1677 726 etiam
1701 684 1845 734 sactis3
1867 697 1967 727 nam

227 774 462 804 consensus
494 762 536 801 in
569 759 649 800 fide
681 763 723 799 et
754 757 1057 798 communione
1090 768 1186 797 cum
1219 756 1301 796 hac
1332 755 1537 796 cathedra
1565 756 1667 808 ipsis
1689 761 1782 797 erat
1803 768 1965 805 norma,

225 833 460 875 secundum
493 843 622 884 quam
654 829 946 882 dijudicarent,
978 827 1153 880 quinam
1185 826 1383 867 catholici
1415 830 1570 875 essent,
1601 827 1775 879 quinam
1807 838 1833 867 a
1863 838 1965 868 vera

226 904 415 946 Ecclesia
448 908 651 944 extorres
698 900 759 941 Ita
792 898 1033 946 Gratianus,
1065 898 1391 939 Valentinianus
1423 902 1464 938 et
1495 897 1762 953 Theodosius
1785 898 1840 953 (a.
1863 899 1966 953 390)

227 976 366 1018 edicto
389 975 442 1016 de
467 974 545 1014 fide
569 972 780 1014 catholica
804 971 856 1012 ad
879 970 1082 1023 populum
1107 967 1621 1024 constantinopolitanum
1644 973 1835 1009 statuunt
1858 967 1967 1024 (cod.

226 1047 365 1089 theod.
381 1045 474 1086 XVl
498 1045 556 1086 tit.
584 1048 604 1088 1
629 1044 702 1095 leg.
719 1045 783 1098 2):
814 1041 1024 1093 „Cunctos
1047 1039 1238 1093 populos,
1260 1051 1368 1092 quos
1390 1039 1643 1080 clementiae
1665 1044 1841 1080 nostrae
1862 1039 1969 1092 regit

226 1121 622 1170 temperamentum,
646 1115 688 1155 in
710 1114 783 1155 tali
804 1113 1000 1154 volumus
1023 1112 1226 1163 religione
1249 1111 1422 1159 versari,
1444 1122 1570 1162 quam
1591 1109 1779 1151 divinum
1796 1109 1966 1151 Petrum

227 1189 466 1242 apostolum
491 1186 715 1228 tradidisse
737 1185 939 1232 romanis,
972 1183 1118 1235 religio
1149 1193 1285 1235 usque
1317 1181 1370 1222 ad
1401 1193 1514 1222 nunc
1546 1180 1600 1221 ab
1632 1181 1727 1233 ipso
1754 1181 1968 1222 insinuata

227 1260 427 1307 declarat,
450 1269 664 1311 quamque
687 1256 928 1310 pontificem
953 1254 1185 1295 Damasum
1209 1253 1328 1306 sequi
1351 1253 1495 1301 claret,
1523 1256 1565 1293 et
1589 1251 1759 1293 Petrum
1784 1252 1966 1293 Alexan-

227 1332 343 1372 driae
367 1331 628 1383 episcopum,
651 1330 787 1369 virum
803 1326 1064 1380 apostolicae
1079 1325 1337 1366 sanctitatis:
1360 1328 1406 1365 ut
1427 1322 1662 1364 secundum
1686 1322 1966 1375 apostolicam

227 1402 491 1454 disciplinam
516 1400 892 1452 evangelicamque
910 1397 1161 1445 doctrinam,
1184 1395 1322 1436 Patris
1345 1399 1386 1436 et
1408 1394 1498 1435 Filii
1522 1399 1564 1435 et
1580 1392 1761 1447 Spiritus
1782 1407 1813 1435 s.
1835 1405 1966 1434 unam

225 1474 425 1514 deitatem
449 1471 528 1513 sub
552 1471 674 1524 parili
696 1470 921 1523 majestate
948 1473 990 1510 et
1011 1467 1090 1508 sub
1113 1467 1184 1520 pia
1206 1467 1394 1507 trinitate
1417 1465 1656 1508 credamus.
1693 1464 1812 1505 Hanc
1834 1464 1968 1516 legem

226 1549 451 1597 sequentes
466 1542 796 1583 christianorum
811 1539 1118 1581 catholicorum
1142 1549 1300 1579 nomen
1318 1537 1519 1590 jubemus
1541 1535 1761 1589 amplecti3
1783 1535 1968 1588 reliquos

226 1628 326 1657 vero
342 1615 560 1656 dementes
577 1624 845 1664 vesanosque
862 1611 1116 1664 judicantes,
1140 1608 1344 1650 haeretici
1366 1607 1576 1660 dogmatis
1600 1606 1821 1647 infamiam
1843 1606 1966 1647 susti-

224 1698 338 1736 nere,
360 1698 441 1727 nec
465 1684 747 1726 conciliabula
770 1695 917 1724 eorum
942 1681 1222 1723 ecclesiarum
1243 1691 1403 1720 nomen
1426 1679 1622 1731 accipere
1645 1682 1748 1719 etc.⁴‘

344 1772 490 1810 Eadem
511 1772 650 1821 regula
672 1782 768 1808 usus
792 1769 934 1807 statuit
957 1769 1239 1806 Gratianus
1260 1767 1362 1803 teste
1385 1765 1626 1802 Theodoreto
1649 1764 1695 1801 H.
1717 1764 1760 1801 E.
1775 1764 1819 1810 V,
1838 1769 1874 1809 2,
1895 1766 1970 1809 „ut

224 1833 292 1881 qui
313 1833 355 1869 in
378 1831 539 1869 exilium
564 1829 679 1880 ejecti
701 1829 870 1875 fuerant,
903 1829 1079 1865 redirent
1102 1826 1264 1874 suisque
1286 1825 1477 1874 gregibus
1509 1823 1826 1868 restituerentur,
1850 1826 1968 1871 atque

223 1892 337 1929 aedes
360 1903 487 1928 sacrae
509 1891 557 1928 iis
578 1889 840 1931 traderentur,
866 1888 934 1936 qui
958 1886 1112 1924 Damasi
1135 1884 1451 1923 communionem
1473 1883 1842 1931 amplecterentur.‘
1867 1881 1969 1926 Quid

227 1952 330 1999 quod
353 1950 429 1999 ipsi
453 1950 708 1998 imperatores
729 1948 898 1997 gentiles
920 1947 1162 1984 exstiterunt
1191 1946 1315 1981 testes
1348 1943 1466 1990 hujus
1499 1942 1604 1979 inter
1626 1941 1860 1979 christianos
1881 1940 1969 1978 vul-

222 2014 338 2060 gatae
360 2009 554 2058 opinionis
576 2012 615 2046 et
635 2006 821 2045 methodi.
845 2019 925 2043 non
946 2005 1042 2043 alios
1064 2003 1278 2042 censendos
1301 2015 1382 2040 esse
1405 2002 1581 2039 membra
1601 2001 1798 2038 Ecclesiae
1813 1999 1965 2045 Christi,

225 2083 341 2118 quam
364 2069 432 2117 qui
455 2068 727 2106 communione
759 2066 986 2103 fruerentur
1017 2063 1189 2112 episcopi
1221 2062 1404 2099 romani?
1448 2061 1572 2105 »Cum
1595 2060 1699 2097 enim
1723 2059 1869 2096 Paulus
1893 2056 1968 2111 (sa-

223 2132 448 2166 mosatenus
471 2141 492 2164 a
513 2127 661 2176 synodo
683 2125 913 2163 antiochena
945 2119 1177 2175 depositus),
1210 2122 1266 2159 ita
1297 2123 1418 2158 rel'ert
1439 2119 1634 2157 Eusebius
1656 2119 1704 2157 H.
1726 2119 1768 2155 E.
1790 2118 1874 2163 Vll,
1901 2125 1966 2162 30,

224 2200 244 2225 e
275 2188 389 2224 domo
421 2187 602 2224 ecclesiae
632 2186 862 2222 nullatenus
894 2182 1076 2221 exvedere
1107 2181 1238 2225 vellet,
1271 2180 1548 2228 interpellatus
1580 2178 1796 2226 imperator
1815 2178 1966 2214 Aure-

224 2246 401 2284 lianus
434 2246 652 2283 rectissime
682 2245 754 2282 hoc
785 2243 989 2292 negotium
1021 2240 1268 2290 dijudicavit,
1301 2239 1350 2276 iis
1382 2238 1542 2276 domum
1574 2237 1679 2275 tradi
1715 2236 1966 2285 praecipiens,

224 2306 371 2354 quibus
393 2305 518 2342 italici
540 2304 772 2342 christianae
785 2301 989 2352 religionis
1005 2299 1209 2337 antistites
1224 2302 1264 2336 et
1284 2309 1469 2335 romanus
1492 2296 1697 2346 episcopus
1712 2295 1967 2333 scriberent(

221 2364 324 2402 Hinc
346 2364 480 2401 illud]
494 2377 518 2400 u
532 2364 597 2401 sti
610 2362 752 2400 niani
774 2362 865 2410 imp.
878 2360 1054 2398 studium
1066 2358 1231 2397 uniendi
1245 2369 1334 2394 cum
1344 2357 1435 2394 sede
1446 2356 1661 2405 apostolica
1672 2367 1804 2393 omnes
1818 2354 1880 2391 sui
1894 2354 1966 2391 im-

222 2424 320 2472 perii
345 2423 490 2470 fideles,
513 2426 627 2470 cujus
657 2421 772 2459 testis
803 2423 863 2458 est
884 2419 1058 2469 ejusdem
1093 2418 1139 2455 ad
1163 2418 1355 2455 Joannem
1376 2416 1425 2455 11.
1448 2428 1506 2464 ep.
1531 2411 1580 2467 (a.
1605 2413 1728 2464 533):
1761 2413 1967 2458 „Redden-

223 2485 282 2520 tes
315 2483 501 2520 honorem
534 2481 767 2530 apostolicae
799 2479 891 2525 sedi,
925 2478 1060 2526 inquit
1091 2477 1135 2514 in
1165 2476 1246 2514 cod.
1269 2477 1294 2513 1.
1321 2483 1335 2515 1
1365 2475 1427 2515 tit.
1457 2483 1488 2517 l,
1523 2477 1564 2511 et
1586 2479 1736 2511 vestrae
1759 2472 1967 2510 sanctitati

225 2538 347 2594 (quod
370 2553 522 2590 semper
543 2541 655 2578 nobis
677 2540 718 2577 in
740 2542 830 2577 voto
853 2541 892 2575 et
913 2537 991 2575 fuit
1013 2540 1052 2575 et
1074 2533 1161 2588 est),
1194 2538 1234 2573 et
1264 2537 1310 2572 ut
1338 2534 1447 2571 decet
1468 2535 1619 2582 patrem
1643 2532 1879 2569 honorantes
1901 2543 1967 2569 ve-

225 2602 346 2638 stiam
368 2599 676 2643 Beatitudinem‚
712 2599 843 2636 omnia
865 2610 965 2646 quae
987 2597 1035 2634 ad
1057 2595 1310 2633 ecclesiarum
1344 2595 1490 2631 statum
1525 2591 1738 2640 pertinent.
1763 2589 1965 2627 festinavi-

224 2673 311 2697 mus
334 2659 379 2696 acl
404 2658 586 2696 notitiam
621 2658 770 2695 deferre
803 2662 954 2694 vestrae
987 2654 1224 2704 apostolicae
1257 2652 1361 2690 sedis
1393 2656 1434 2689 et
1466 2653 1614 2689 statum
1649 2653 1873 2687 sanctarum
1899 2649 1966 2686 Dei

225 2718 471 2756 ecclesiarum
495 2717 701 2761 custodire,
726 2716 794 2765 qui
816 2716 1005 2753 hactenus
1027 2714 1182 2751 obtinet
1203 2714 1244 2750 et
1265 2712 1496 2749 incommote
1526 2715 1741 2759 permanet,
1773 2708 1884 2745 nulla
1904 2707 1965 2744 in-

223 2777 448 2815 tercedente
471 2775 761 2813 contrarietate.
785 2775 956 2823 Ideoque
980 2785 1114 2811 omnes
1136 2771 1356 2809 sacerdotes
1387 2768 1562 2807 universi
1594 2767 1797 2805 orientalis
1817 2769 1966 2804 tractus

225 2838 266 2874 et
285 2836 477 2884 subjicere
499 2837 539 2872 et
561 2834 671 2872 unire
694 2834 777 2871 sedi
798 2837 954 2871 vestrae
976 2831 1196 2869 sanctitatis
1219 2828 1527 2879 properavimus.
1573 2827 1619 2864 In
1649 2826 1846 2875 praesenti
1873 2837 1965 2874 ergo

226 2908 326 2945 quae
348 2898 540 2933 commota
562 2895 657 2930 sunt
679 2890 874 2945 (quamvis
897 2891 1103 2929 manifesta
1123 2892 1164 2928 et
1184 2889 1408 2926 indubitata
1429 2888 1519 2931 sint,
1553 2888 1593 2923 et
1627 2885 1842 2923 secundum
1873 2896 1965 2933 apo—

373 3045 396 3092 ¹)
418 3045 466 3078 lta
487 3044 567 3088 ipse
584 3053 641 3087 ep.
661 3044 702 3076 21
723 3041 821 3075 inter
839 3052 895 3086 ep.
914 3041 1045 3075 Leonis
1072 3042 1158 3085 post
1176 3043 1231 3075 22.
1250 3039 1342 3073 Nov.
1359 3041 1441 3072 448.
1477 3037 1530 3071 Cf.
1560 3035 1839 3071 observationes
1865 3032 1963 3067 Bal·

226 3099 379 3133 lerini
397 3098 553 3132 sratmm
572 3097 612 3130 in
629 3095 715 3130 diss.
733 3095 755 3129 7
773 3093 972 3136 Quesnelli.
