2175 3382
535 123 660 157 Thesis
680 124 803 158 LXIV.
822 123 953 158 Coetus
971 125 1349 159 romano-catholicus
1368 127 1422 159 est·
1442 137 1523 160 vern
1546 127 1639 161 Eccl.
1869 132 1954 174 335

214 245 350 282 Notari
382 248 512 281 tamen
545 245 660 283 debet
691 246 893 282 veritatem
917 246 1107 283 Ecclesiae
1138 247 1529 284 romano-catholicae
1561 251 1766 297 praeterea
1797 250 1955 297 probari

218 301 256 344 l.
281 304 354 348 via,
377 316 494 352 quam
515 304 775 342 indicavimus
799 317 915 352 supra
935 317 972 340 n.
1004 311 1093 349 101,
1116 317 1230 352 quam
1256 305 1312 342 ita
1326 306 1509 343 enunciat
1523 318 1626 344 conc.
1650 320 1673 345 v
1688 308 1793 345 atic
1807 321 1952 346 anum

216 375 304 400 sess.
331 369 353 403 3
377 374 455 410 cap.
481 369 524 403 3:
550 363 638 406 »Ad
662 363 782 400 solam
797 363 901 400 enim
925 363 1152 400 catholicam
1176 363 1388 401 Ecclesiam
1410 377 1454 401 ea
1467 365 1667 412 pertinent
1687 367 1828 409 omnia,
1852 380 1950 416 quae

215 422 260 459 ad
284 420 504 459 evidentem
526 421 615 459 fidei
637 422 870 459 christianae
894 421 1199 459 credibilitatem
1219 424 1301 459 tam
1322 423 1449 460 multa
1479 426 1519 460 et
1541 426 1619 461 tam
1642 425 1740 462 mira
1762 423 1952 463 divinitus

217 482 311 518 sunt
332 479 532 529 disposita.
544 486 560 504 «
604 481 702 517 Nam
725 480 854 518 omnia
876 481 1023 517 motiva
1045 480 1320 518 credibilitatis
1342 494 1411 529 pro
1435 482 1602 519 veritate
1624 483 1828 533 religionis
1852 485 1953 522 chri-

217 539 365 577 stianae
400 539 568 587 probant
600 539 718 576 simul
749 539 954 577 veritatem
984 540 1178 577 Ecclesiae
1211 540 1432 577 catholicae.
1475 541 1620 578 Eadem
1652 540 1695 581 2.
1724 542 1836 580 facile
1867 556 1954 591 pro-

215 599 333 636 batur
354 598 555 646 supposita
576 598 827 635 institutione
851 598 983 635 divina
1005 598 1209 647 primatuS,
1234 599 1304 648 qui
1319 599 1492 647 primum
1506 600 1672 637 collatus
1688 600 1810 638 fuerit
1828 602 1954 639 Petro.

217 658 294 694 Hac
317 657 421 694 enim
445 657 646 705 supposita
670 656 789 694 nimis
812 656 973 694 evidens
998 660 1069 702 est,
1093 659 1248 695 coetum
1270 670 1475 695 romanum
1491 672 1622 696 veram
1637 671 1719 696 esse
1734 660 1953 705 Ecclesiam,

217 729 304 753 cum
327 715 369 752 in
392 728 435 753 eo
456 716 623 753 maxime
645 716 783 753 floreat
803 716 996 764 primatus
1029 718 1147 764 atque
1170 717 1252 764 ipse
1274 717 1398 765 possit
1420 718 1467 754 ad
1490 718 1652 755 Petrum
1674 731 1800 766 usque
1824 731 1953 756 ascen-

217 775 341 812 dendo
363 787 569 812 numerare
591 777 764 823 pastores
787 787 1002 823 supremos,
1037 775 1141 823 quod
1163 776 1265 812 nulli
1288 776 1401 813 alteri
1433 777 1560 814 coetui
1593 778 1786 816 convenit.
1830 777 1955 822 Quare

213 835 302 883 jure
322 846 402 871 non
425 845 537 870 nemo
561 836 702 878 censet,
726 833 1037 883 disputationem
1070 835 1117 872 de
1139 834 1243 872 notis
1265 835 1468 878 Ecclesiae,
1502 848 1579 884 quo
1602 836 1728 885 magis
1750 837 1896 874 invicta
1916 839 1955 874 et

216 893 419 942 perspicua
440 892 503 937 sit,
526 894 788 942 opportunius
811 893 994 942 postponi
1018 893 1278 942 disputationi
1311 894 1358 931 de
1379 895 1553 943 primatu
1575 895 1724 932 romani
1746 896 1955 944 pontificis,

216 955 261 990 ut
282 952 338 989 ita
358 952 473 1001 longe
496 952 649 989 facilius
673 952 770 989 citra
790 953 937 989 multas
960 953 1142 1001 ambages
1165 953 1309 990 invicte
1332 953 1460 991 evmci
1476 954 1600 1002 possit
1613 954 1760 992 veritas
1772 967 1954 992 romanae

216 1011 417 1048 Ecclesiae.
462 1012 572 1048 Certe
594 1011 636 1047 in
658 1011 926 1060 disputatione
948 1024 1035 1048 cum
1059 1012 1261 1049 haereticis
1292 1013 1480 1060 temporis
1511 1015 1551 1050 et
1572 1025 1710 1062 operae
1733 1013 1955 1062 compendia

217 1070 342 1113 saciet,
367 1070 436 1118 qui
458 1083 479 1107 a
500 1070 693 1119 primatus
716 1070 967 1107 institutione
990 1070 1112 1107 sumit
1135 1070 1309 1108 initium.
1352 1071 1499 1109 Verum
1522 1073 1689 1120 seposita
1714 1073 1872 1110 interim
1895 1073 1954 1110 di-

216 1129 307 1166 vina
327 1129 520 1178 primatus
556 1129 823 1174 institutione,
859 1130 1139 1167 demonstratio
1171 1130 1264 1166 haec
1295 1130 1460 1167 tertia
1491 1131 1565 1167 erit
1596 1131 1727 1168 elficax
1758 1132 1953 1177 omnibus,

220 1188 287 1236 qui
311 1188 433 1226 bonae
456 1190 549 1225 sunt
570 1188 797 1226 voluntatis.

337 1269 433 1312 322.
459 1268 821 1312 Demonstratio
848 1281 892 1323 p.
916 1269 955 1310 I.
1001 1267 1212 1308 Probatur
1238 1269 1277 1311 l.
1322 1268 1391 1309 lile
1424 1273 1570 1309 coetus
1607 1269 1861 1310 christianus
1893 1275 1956 1311 est

217 1351 319 1380 vera
341 1337 494 1379 Christi
515 1338 716 1388 Ecclesia,
748 1339 815 1379 cui
846 1339 1104 1379 conveniunt
1136 1340 1373 1380 recensitae
1395 1343 1535 1380 notae.
1578 1339 1706 1392 Atqui
1729 1352 1954 1393 compara-

217 1410 331 1451 tione
353 1410 544 1451 instituta
566 1410 675 1451 inter
707 1421 855 1451 omnes
888 1414 1034 1450 coetus
1057 1410 1312 1450 christianos
1336 1422 1417 1451 sec.
1440 1410 1545 1451 XIX.
1578 1411 1715 1452 nullus
1748 1412 1955 1464 assignari

218 1485 368 1533 potest,
400 1481 443 1521 in
475 1493 558 1534 quo
586 1481 725 1533 major
746 1480 956 1521 habeatur
979 1481 1119 1521 unitas
1142 1480 1379 1533 symbolica
1410 1493 1505 1521 cum
1538 1482 1746 1534 principio
1779 1483 1870 1534 pari
1902 1483 1956 1523 ad

218 1564 313 1593 eam
337 1551 614 1601 efficiendam,
639 1551 992 1600 conservandam,
1016 1551 1240 1599 tuendam;
1267 1551 1309 1591 in
1331 1564 1415 1604 quo
1439 1551 1576 1604 major
1598 1552 1651 1593 sit
1674 1553 1814 1594 unitas
1837 1554 1955 1594 litur-

219 1622 309 1673 gica
332 1627 374 1663 et
395 1622 584 1671 socialis;
618 1623 688 1675 qui
719 1623 772 1663 sit
798 1622 979 1674 amplior
1001 1622 1155 1675 quique
1179 1623 1237 1662 ita
1259 1622 1394 1674 possit
1417 1622 1471 1662 ad
1493 1624 1808 1665 successionem
1832 1625 1955 1664 mini-

218 1697 403 1734 strorum
426 1693 479 1734 ab
503 1693 795 1745 apostolorum
818 1697 958 1734 aetate
982 1693 1035 1734 ad
1058 1697 1205 1734 nostra
1228 1705 1362 1745 usque
1386 1698 1580 1745 tempora
1594 1706 1811 1747 nunquam
1826 1695 1956 1736 inter-

218 1768 387 1816 ruptam
418 1776 675 1816 provocare;
711 1765 778 1817 qui
816 1765 968 1816 majori
999 1764 1094 1817 jure
1129 1764 1208 1805 sibi
1244 1765 1426 1805 vindicet
1461 1766 1730 1807 sanctitatem
1752 1767 1792 1821 ¹),
1828 1778 1956 1818 quam

219 1840 365 1875 coetus
386 1835 840 1878 romano-catholicus.
872 1835 980 1887 Ergo
1003 1835 1072 1876 hic
1095 1839 1158 1876 est
1179 1847 1280 1876 vera
1304 1834 1457 1876 Christi
1478 1836 1687 1877 Ecclesia:
1710 1837 1745 1877 si
1767 1837 1878 1877 enim
1902 1849 1956 1878 ne

218 1905 286 1945 hic
309 1904 477 1958 quidem
501 1910 646 1946 coetus
679 1918 780 1947 vera
813 1911 925 1947 esset
946 1901 1149 1956 Ecclesia,
1181 1906 1314 1947 multo
1347 1907 1486 1947 minus
1513 1907 1583 1948 alii
1615 1913 1774 1955 coetus,
1806 1907 1957 1960 quibus

217 1976 297 2017 hae
331 1981 460 2017 notae
494 1988 581 2017 non
614 1976 672 2016 ita
707 1977 977 2026 conveniunt,
1014 1988 1140 2018 verae
1175 1976 1388 2018 Ecclesiae
1422 1979 1722 2030 praerogativa
1756 1978 1956 2028 fruentur,

218 2046 398 2099 ideoque
420 2046 535 2087 nulla
558 2046 737 2098 amplius
770 2045 878 2087 foret
905 2059 1006 2088 vera
1029 2046 1183 2088 Christi
1207 2047 1405 2097 Ecclesia,
1438 2048 1551 2101 quod
1583 2049 1835 2090 adversatur
1866 2050 1956 2102 eJus

221 2117 483 2169 perennitati.

338 2201 381 2243 2.
417 2199 702 2241 Confirmatur
733 2200 814 2241 hoc
848 2205 1145 2253 argumentum
1178 2201 1404 2242 collatione
1436 2203 1627 2243 instituta
1650 2215 1745 2244 cum
1769 2203 1957 2245 Ecclesia

218 2271 405 2323 priorum
421 2272 605 2324 quinque
620 2271 873 2321 seculorum,
897 2283 1006 2324 quae
1029 2277 1143 2312 certe
1166 2271 1241 2312 fuit
1262 2284 1364 2313 vera
1379 2272 1565 2313 Ecclesia
1587 2277 1734 2326 utpote
1757 2278 1820 2314 tot
1841 2286 1955 2315 mar-

220 2341 394 2394 tyribus,
426 2342 585 2382 sanctis
617 2347 658 2383 et
690 2342 936 2383 doctoribus
959 2342 1127 2392 florens,
1159 2343 1226 2383 cui
1257 2343 1398 2395 quoad
1430 2344 1508 2384 has
1534 2348 1660 2385 notas
1682 2344 1866 2397 perfecte
1887 2357 1955 2386 re-

223 2412 403 2464 spondet
424 2416 571 2453 coetus
594 2413 1047 2461 romano-catholicus,
1081 2413 1190 2454 adeo
1222 2418 1268 2453 ut
1298 2414 1520 2455 verissima
1551 2427 1602 2455 ac
1635 2416 1817 2467 genuina
1848 2415 1955 2456 illius

218 2494 407 2535 propago
431 2487 473 2524 et
495 2483 755 2523 continuatio
779 2482 929 2524 haberi
952 2483 1117 2524 debeat.
1156 2483 1316 2524 Eodem
1340 2484 1451 2525 enim
1477 2485 1603 2526 modo
1626 2489 1755 2526 tenax
1778 2490 1842 2526 est
1862 2486 1955 2526 uni-

222 2553 330 2603 tatis,
351 2553 577 2606 impatiens
599 2554 790 2594 haeresis
813 2557 854 2594 et
876 2554 1136 2602 schismatis3
1168 2554 1281 2594 idem
1308 2555 1438 2596 habet
1459 2555 1632 2596 unitatis
1655 2560 1847 2597 centrum
1869 2556 1954 2600 scil.

220 2635 447 2664 romanum
471 2624 711 2676 pontificem
737 2624 801 2678 (cf.
818 2638 856 2667 n.
872 2625 994 2680 307)‚·
1018 2625 1287 2678 martyribus,
1308 2626 1536 2677 virginibus
1548 2627 1591 2683 1),
1614 2627 1846 2668 innumeris
1869 2626 1954 2667 cul-

358 2767 383 2807 ι)
401 2764 454 2798 Cf.
482 2765 712 2809 praeclarum
742 2764 910 2798 libellum
929 2766 1162 2805 Rundschau,
1190 2766 1331 2810 Kampf
1356 2767 1431 2800 und
1459 2767 1703 2801 VVachsthum
1731 2767 1795 2801 der
1814 2767 1953 2805 Kirche,

217 2816 394 2861 Freiburg
424 2817 474 2850 im
492 2816 670 2862 Breisgau
694 2820 792 2852 1862.
829 2816 946 2857 Quam
975 2818 1132 2852 fecunda
1159 2818 1208 2852 sit
1231 2819 1396 2853 Ecclesia
1421 2820 1775 2853 romano—catholica
1802 2830 1953 2862 operum

218 2868 497 2909 misericordiae,
516 2881 609 2913 quae
627 2870 782 2904 solidam
802 2870 977 2904 virtutem
998 2871 1307 2916 sanctitatemque
1335 2872 1588 2912 manifestant,
1617 2873 1675 2906 vel
1703 2872 1789 2905 inde
1807 2872 1950 2914 collige,

218 2921 316 2964 quod
336 2921 438 2955 sedes
456 2932 610 2956 romana
626 2923 726 2957 intra
740 2923 836 2957 solos
851 2934 883 2957 a.
902 2925 1084 2957 1816-65
1100 2924 1359 2968 approbaverit
1377 2927 1442 2960 198
1462 2925 1766 2969 congregationes
1781 2924 1837 2957 vel
1852 2924 1952 2957 soda-

217 2974 343 3008 litates
372 2974 561 3019 religiosas
592 2971 976 3020 ejusmodi'operibus
1007 2977 1080 3010 fere
1114 2988 1240 3011 omnes
1275 2978 1450 3012 intentas.
1500 2979 1552 3012 Ex
1594 2989 1635 3012 eo
1670 2988 1752 3012 vero
1786 2978 1967 3020 tempore.

218 3026 344 3070 plures
376 3027 468 3061 alias
501 3028 634 3062 iterum
665 3029 896 3074 approbavit.
932 3029 982 3063 Cf.
1017 3030 1047 3063 H
1060 3040 1079 3062 a
1092 3042 1128 3063 m
1141 3041 1203 3065 me
1214 3043 1232 3065 r
1243 3031 1374 3065 stein
1405 3031 1684 3075 Erinnerungen
1720 3031 1817 3064 eines
1852 3030 1949 3063 alten

217 3078 463 3113 Lutheraners
481 3084 498 3121 5
521 3084 574 3114 15.
