2175 3382
842 146 889 182 ad
907 148 1030 182 sedem
1049 157 1250 185 romanam.
1823 155 1909 196 395

293 270 388 312 376.
412 266 550 321 Neque
568 267 733 319 frustra
754 266 798 309 4.
823 267 1000 320 episcopi
1021 267 1078 307 ad
1099 267 1231 307 sedem
1257 267 1525 320 apostolicam
1550 268 1838 322 confuyerum,
1862 274 1906 309 ut

172 342 289 391 patet
319 350 371 379 ex
402 337 535 387 factis,
566 349 747 389 quorum
769 337 1060 384 meminimus;
1093 347 1145 377 ex
1180 336 1230 377 iis
1266 348 1375 389 quae
1409 336 1536 378 refert
1570 336 1908 379 Sozomenus

172 408 218 449 H.
232 408 350 458 Ε.’ΠΙ,
366 412 404 457 8,
426 408 497 461 qui
511 407 692 460 plurium
707 407 1006 460 episcoporum
1029 407 1083 447 ab
1107 407 1266 448 arianis
1288 407 1390 448 sede
1413 408 1631 460 pulsorum
1653 408 1764 450 facta
1786 421 1906 451 men-

172 478 287 520 tione
308 479 367 520 ita
383 478 670 531 prosequitur:
700 477 957 531 „Episcopus
970 477 1094 529 igitur
1107 489 1314 518 romanus
1329 477 1510 535 (Julius),
1533 490 1630 519 cum
1645 480 1904 531 singulorum

172 561 326 591 causas
347 549 616 601 cognovisset
637 560 872 601 omnesque
902 548 945 588 in
976 548 1183 589 nicaenae
1209 548 1305 589 fidei
1328 548 1567 590 doctrinam
1591 551 1906 592 consentientes

168 620 411 673 reperisset,
432 624 652 672 tamquam
675 618 787 660 idem
811 631 907 660 cum
930 619 1023 671 ipso
1045 620 1276 660 sentientes
1299 619 1342 659 in
1364 620 1711 661 communionem
1736 622 1905 673 recepit.

170 691 220 732 Et
249 691 452 745 quoniam
482 694 655 743 propter
685 690 797 731 sedis
827 690 1074 742 dignitatem
1106 691 1297 732 omnium
1321 703 1424 731 cura
1446 691 1500 731 ad
1521 692 1661 743 ipsum
1683 691 1908 743 spectabat

171 762 254 818 (οἷα
274 765 317 805 δὲ
348 772 419 822 τῆς
448 767 602 805 πάντων
633 764 872 819 κηδεμονίας
892 761 998 818 αὐτῷ
1026 762 1306 819 προςηκοόΰης
1336 765 1400 804 διὰ
1431 768 1500 821 τὴν
1532 763 1641 811 ἀξίαν
1663 770 1732 806 τοῦ
1756 768 1907 819 θρόνον»

171 834 326 889 ἑκάστῳ
357 838 426 891 τὴν
451 832 550 876 ἰδίαν
573 832 822 889 Ἐκκλησίαν
853 833 1065 888 ἀπέδωκε),
1097 845 1219 873 suam
1251 833 1403 885 cuique
1435 832 1660 874 ecclesiam
1682 834 1896 874 restituit.“

170 901 332 944 Similia
352 902 483 944 habet
504 901 766 944 Socrates
789 903 832 953 ΙΙ,
856 905 919 947 15.
943 903 1091 956 Liquet
1112 915 1164 944 ex
1185 903 1246 952 iis,
1271 915 1380 956 quae
1403 908 1551 944 narrat
1571 903 1603 944 B
1617 903 1816 944 asilius
1838 915 1903 956 ep.

170 976 256 1018 263
287 973 340 1015 de
364 973 656 1014 Eustathio
688 974 732 1014 in
755 971 926 1015 Oriente
949 973 1120 1026 quidem
1142 973 1348 1026 deposito,
1379 974 1451 1026 qui
1481 978 1627 1015 tamen
1658 974 1905 1027 confugerat

169 1044 224 1085 ad
237 1043 462 1094 Liberium,
485 1056 512 1084 a
525 1057 609 1097 quo
631 1044 878 1097 „epistolam
893 1044 1042 1094 attulit,
1057 1056 1168 1097 quae
1182 1056 1280 1085 eum
1294 1044 1557 1094 restituebat,
1581 1057 1716 1098 eaque
1733 1052 1905 1086 ostensa

169 1115 348 1156 concilio
371 1115 596 1168 thyanensi
616 1115 660 1156 in
681 1128 805 1157 suum
826 1115 967 1156 locum
990 1116 1208 1157 restitutus
1231 1120 1306 1157 est.
1320 1124 1335 1139 ⁴⁴

286 1190 384 1231 377.
416 1187 457 1230 5.
491 1187 670 1228 Romani
686 1187 901 1241 pontifices
931 1188 974 1227 in
1006 1186 1215 1239 ejusmodi
1236 1188 1377 1228 causis
1400 1199 1529 1239 saepe
1552 1200 1639 1228 non
1661 1188 1798 1229 solum
1821 1189 1905 1241 epi-

167 1271 309 1312 scopos
330 1270 408 1298 sua
429 1257 531 1299 sede
552 1258 709 1310 pulsos,
741 1258 816 1299 sed
847 1263 889 1299 et
919 1259 1033 1310 ipsos
1060 1258 1226 1311 judices
1259 1259 1315 1300 acl
1346 1272 1467 1299 suum
1490 1260 1620 1300 citant
1642 1258 1827 1299 tribunal
1849 1259 1904 1300 ad

167 1328 429 1370 reddendam
452 1328 675 1378 rationem,
698 1328 1049 1382 conditionesque
1072 1328 1369 1382 praescribunt
1401 1329 1455 1370 ad
1487 1329 1785 1371 declinandam
1807 1341 1905 1371 sen-

167 1400 344 1441 tentiam
379 1400 467 1440 sive
497 1399 589 1452 J'am
623 1399 754 1440 latam
788 1400 876 1441 sive
910 1399 1140 1441 ferendam.
1185 1398 1254 1441 Sic
1285 1404 1393 1442 teste
1419 1400 1770 1442 Theodoreto
1793 1400 1839 1441 H.
1861 1400 1906 1444 E.

166 1471 227 1521 III,
248 1475 289 1520 4,
316 1469 474 1522 „Julius
505 1470 838 1512 ecclesiasticam
861 1482 1043 1524 sequens
1069 1471 1260 1524 regulam
1293 1475 1335 1512 et
1365 1472 1480 1524 ipsos
1503 1471 1794 1528 (eusebianos)
1819 1472 1904 1513 Ro-

167 1554 282 1583 mam
303 1541 449 1583 venire
465 1540 590 1593 jussit
613 1543 835 1598 (ἐκέλευσε)
867 1546 908 1583 et
939 1541 1082 1583 divino
1105 1542 1344 1583 Athanasio
1368 1543 1423 1583 ad
1440 1542 1646 1595 judicium
1668 1542 1779 1584 diem
1803 1543 1906 1583 dixit

167 1613 239 1669 (εἰς
265 1618 334 1671 τὴν
362 1615 474 1670 δίκην
496 1613 695 1668 ἐκάλεσε).
740 1611 820 1663 Qui
850 1612 975 1653 simul
1007 1624 1058 1653 ac
1089 1613 1335 1654 citationem
1359 1613 1446 1670 (τὴν
1467 1614 1631 1672 κλῆσιν)
1654 1614 1829 1666 accepit,
1862 1614 1904 1653 in

165 1684 278 1725 viam
300 1695 429 1736 quam
451 1683 634 1735 primum
656 1695 702 1724 se
725 1683 840 1724 dedit
862 1684 917 1739 (a.
941 1684 1043 1738 341)
1068 1688 1168 1726 ete.“
1198 1709 1256 1714 —
1277 1683 1421 1725 Refert
1443 1683 1748 1734 Palladius,
1771 1683 1905 1737 Chry-

167 1754 344 1796 sostomi
367 1753 608 1806 discipulus,
630 1755 672 1794 in
695 1754 863 1806 dialogo
887 1754 938 1795 de
961 1755 1052 1807 ejus
1075 1755 1171 1800 vita,
1195 1754 1487 1807 Theophilum,
1509 1756 1581 1808 qui
1603 1767 1679 1808 per
1692 1767 1904 1796 summam

166 1825 365 1878 injuriam
387 1838 418 1865 s.
432 1824 643 1866 Joannem
666 1826 709 1865 in
723 1825 903 1866 concilio
917 1825 1187 1878 deposuerat,
1205 1826 1317 1866 hanc
1331 1826 1641 1878 depositionem
1656 1825 1905 1867 Innocentio

166 1896 296 1937 literis
318 1895 588 1947 significasse.
633 1927 648 1944 „
662 1895 743 1937 Eas
764 1896 908 1937 literas
931 1908 1027 1937 cum
1049 1897 1217 1948 legisset
1239 1896 1277 1941 b.
1300 1896 1570 1938 Innocentius
1594 1929 1601 1937 .
1625 1930 1632 1937 .
1658 1931 1664 1937 .
1688 1897 1905 1938 exhorruit

166 1966 451 2007 temeritatem
474 1965 715 2020 fastumque
737 1966 972 2019 Theophili,
1005 1979 1132 2020 aegre
1163 1967 1303 2008 ferens
1335 1972 1377 2008 et
1402 1968 1516 2020 quod
1538 1967 1653 2009 solus
1674 1968 1904 2020 scripserat

166 2042 208 2078 et
229 2037 343 2091 quod
364 2037 427 2078 rei
447 2037 577 2079 totius
600 2038 755 2079 seriem
777 2038 936 2079 referre
960 2039 1164 2080 omiserat
1187 2042 1290 2079 etc.“
1319 2038 1460 2090 Quare
1483 2039 1537 2080 ad
1552 2038 1902 2093 Chrysostomum

165 2107 356 2149 scribens
377 2108 530 2149 eodem
562 2112 681 2158 teste,
722 2113 787 2159 „et
808 2108 1033 2162 Theophili
1049 2109 1255 2162 judicium
1279 2121 1449 2151 cassum
1472 2115 1600 2163 atque
1622 2110 1787 2150 irritum
1809 2121 1905 2150 esse

165 2178 363 2228 decrevit,
386 2178 530 2220 dicens
545 2183 742 2232 oportere
758 2179 935 2221 conflari
949 2181 1077 2222 aliam
1092 2180 1505 2233 irreprehensibilem
1528 2181 1739 2235 synodum
1761 2181 1902 2221 orien-

164 2249 312 2290 talium
335 2254 378 2290 et
398 2250 727 2291 occidentalium
756 2251 1062 2295 sacerdotum.“
1112 2251 1389 2304 Theophilum
1421 2264 1522 2293 vero
1555 2251 1686 2292 literis
1717 2251 1771 2291 ad
1803 2263 1902 2292 eum

164 2320 275 2361 datis
297 2321 378 2376 (ep.
402 2324 428 2364 5
451 2333 489 2361 a.
512 2324 614 2375 404)
637 2322 697 2362 ita
720 2322 966 2374 compellat:
1006 2321 1091 2373 „Tu
1112 2322 1248 2374 igitur,
1271 2323 1307 2362 si
1324 2322 1484 2374 judicio
1507 2321 1696 2371 confidis,
1727 2322 1828 2363 siste
1859 2327 1903 2362 te

164 2390 219 2431 ad
248 2391 474 2445 synodum,
506 2403 616 2444 quae
648 2391 882 2432 secundum
905 2391 1117 2433 Christum
1140 2392 1275 2441 fuerit,
1308 2397 1349 2433 et
1379 2392 1437 2433 ibi
1469 2393 1683 2445 expositis
1701 2393 1901 2433 crimina-

162 2461 348 2503 tionibus
378 2461 457 2503 sub
490 2462 670 2503 testibus
692 2463 860 2504 nicaeni
882 2463 1048 2504 concilii
1071 2463 1308 2504 canonibus
1332 2496 1339 2504 .
1365 2497 1371 2503 .
1395 2496 1403 2504 .
1426 2465 1698 2505 securitatem
1720 2464 1902 2505 habebis

163 2533 513 2574 contradictionis
549 2538 800 2586 expertem.“
859 2533 923 2574 Ad
957 2533 1247 2575 Alexandrum
1282 2535 1467 2575 antioch.
1501 2547 1577 2588 ep..
1621 2536 1692 2588 qui
1726 2535 1900 2576 miserat

162 2603 418 2656 legationem
454 2617 532 2656 pro
564 2605 833 2657 impetranda
862 2607 1031 2646 romani
1061 2605 1273 2658 pontificis
1304 2608 1618 2657 communione,
1653 2619 1716 2660 ep.
1754 2611 1806 2651 19
1840 2607 1899 2647 ita

163 2673 326 2715 scribit:
356 2673 594 2725 „Sollicitus
616 2675 813 2728 inquisivi
836 2676 881 2730 (a
902 2676 1062 2728 legatis,
1085 2688 1192 2729 quos
1214 2677 1300 2720 scil.
1323 2678 1515 2734 miserat)
1537 2683 1678 2719 utrum
1701 2677 1900 2719 omnibus

163 2750 276 2785 esset
296 2745 611 2787 conditionibus
633 2745 897 2787 satisfactum
930 2747 974 2787 in
1006 2759 1138 2788 causa
1171 2746 1286 2788 beati
1317 2752 1359 2788 et
1390 2760 1489 2789 vere
1510 2748 1599 2789 Deo
1623 2749 1734 2800 digni
1755 2760 1897 2789 sacer-

163 2814 273 2855 dotis
293 2814 487 2857 Joannis.
527 2815 577 2857 Et
607 2829 705 2858 cum
736 2828 812 2869 per
841 2817 1006 2870 singula
1028 2818 1207 2858 assertio
1230 2817 1466 2870 legatorum
1490 2831 1541 2860 ex
1563 2824 1663 2860 voto
1686 2818 1895 2870 completa

163 2896 257 2926 esse
279 2884 494 2937 fateretur,
515 2887 675 2939 gratias
698 2899 827 2939 agens
849 2887 1030 2928 Domino
1054 2889 1400 2930 communionem
1423 2889 1628 2931 ecclesiae
1650 2894 1817 2930 vestrae
1839 2889 1895 2929 ita

162 2955 316 3008 recepi,
335 2959 383 2997 ut
402 2968 506 3008 prae
529 2968 597 2997 me
619 2957 765 3008 feram,
795 2952 1056 3010 apostolicae
1078 2959 1191 3000 sedis
1213 2960 1526 3012 condiscipulos
1548 2961 1707 3013 primos
1729 2959 1897 3000 dedisse

162 3027 314 3067 ceteris
334 3027 449 3068 viam
473 3028 591 3080 pacis
613 3032 714 3072 etc.“
764 3029 810 3069 In
840 3028 991 3070 eadem
1024 3041 1086 3082 ep.
1120 3029 1242 3072 offert
1263 3031 1393 3072 etiam
1414 3031 1571 3072 Acacio
1598 3031 1783 3071 Beroeae
1805 3028 1894 3081 epi-

161 3108 293 3148 scopo
315 3108 478 3148 pacem,
518 3097 646 3138 modo
679 3102 721 3139 et
755 3098 905 3139 eadem
927 3103 1134 3150 praestet:
1170 3099 1284 3153 quod
1320 3100 1473 3142 clarius
1507 3101 1714 3152 colligitur
1748 3111 1798 3139 ex
1832 3111 1895 3151 ep.
