2175 3382
222 134 303 175 1343
502 128 621 161 Tract.
642 126 684 160 11.
704 126 756 160 De
775 125 986 160 traditione.
1004 125 1132 159 Thcsis
1151 125 1280 159 XXIII.
1303 126 1451 159 Putrum
1471 125 1649 160 doctrina.

332 254 456 295 Quare
475 251 589 298 juxta
613 261 641 286 s,
666 249 718 297 lg
733 249 930 286 natium
953 248 1158 296 episcopus
1191 250 1251 285 est
1274 247 1398 285 veluti
1421 247 1564 285 chorda
1585 248 1824 297 principalis,
1857 261 1952 297 qua-

214 323 302 348 cum
326 310 498 357 reliquae
521 309 685 346 chordae
709 309 732 346 i.
756 325 786 345 c.
809 308 942 345 fideles
966 318 1178 344 consonare
1212 306 1367 345 debent.
1402 309 1448 343 ut
1470 306 1559 344 inde
1582 307 1733 344 oriatur
1755 307 1955 345 harmonia

217 371 294 407 Deo
311 368 612 418 jucundissima.
655 367 714 404 Ita
736 380 826 405 vero
862 366 979 404 habet
1001 378 1029 402 s.
1053 366 1300 402 lrenaeus
1324 366 1352 409 Ι,
1385 373 1431 405 10
1457 378 1492 405 n.
1519 372 1563 405 2:
1597 366 1733 409 ,Hanc
1755 365 1952 414 praedica-

215 429 362 466 tionem
385 440 473 465 cum
495 427 687 476 acceperit
710 430 748 463 et
771 427 868 463 hanc
891 425 1017 469 fidem,
1053 424 1379 472 quemadmodum
1413 424 1691 473 praediximus,
1714 425 1886 462 Ecclesia
1916 427 1956 462 et

215 487 374 536 quidem
397 487 438 523 in
461 486 691 524 universum
725 485 917 523 mundum
950 484 1205 521 dissi-minata
1237 483 1451 533 diligenter
1482 483 1658 521 custodit
1692 483 1806 532 quasi
1836 496 1954 520 unam

215 547 373 584 domum
397 546 641 583 inhabitans:
665 545 704 582 et
727 545 909 581 similiter
931 542 1055 580 credit
1076 543 1134 587 iis,
1159 543 1342 580 videlicet
1366 543 1475 590 quasi
1492 555 1611 579 unam
1626 543 1794 580 animam
1809 542 1957 580 habens

215 609 253 643 et
276 618 401 643 unum
423 617 498 649 cor,
522 607 561 642 et
583 606 841 642 consonanter
862 603 955 639 haec
978 601 1177 650 praedicat
1201 604 1241 639 ct
1263 601 1376 639 docet
1398 604 1436 639 et
1459 601 1581 638 tradit
1604 602 1716 650 quasi
1729 614 1853 639 unum
1868 613 1956 650 pos-

216 665 345 702 sidens
379 676 433 701 os.
477 664 576 701 Nam
611 663 684 700 etsi
721 663 762 699 in
794 662 941 699 mundo
974 661 1153 709 loquelae
1185 660 1399 698 dissimiles
1432 666 1535 705 sunt,
1572 660 1639 698 sed
1670 664 1801 698 tamen
1831 660 1958 698 virtus

215 723 441 761 traditionis
464 736 542 760 una
565 726 602 759 et
626 722 760 759 eadem
784 725 854 760 est.
899 721 948 757 Et
970 732 1098 768 neqne
1121 720 1201 764 hae,
1239 732 1339 768 quae
1362 720 1402 757 in
1427 720 1633 757 Germania
1657 722 1753 756 sunt
1773 719 1958 757 fundatae

215 783 410 828 ecclesiae,
435 782 550 819 aliter
572 780 737 818 credunt
760 783 829 817 aut
852 781 966 817 aliter
988 779 1162 823 tradunt,
1199 791 1327 827 neque
1350 779 1432 822 hae,
1459 791 1558 826 quae
1581 779 1622 815 in
1645 778 1830 816 Hibernis
1853 780 1958 823 sunt,

215 854 344 891 neque
367 841 530 890 quaein
552 840 682 885 Celtis,
717 851 844 888 neque
876 840 957 883 hae,
991 851 1088 887 quae
1123 839 1163 875 in
1187 838 1345 876 Oriente
1378 840 1481 883 sunt,
1515 850 1641 886 neque
1674 838 1755 882 hae,
1789 850 1887 886 quae
1918 837 1961 874 in

217 903 407 951 Aegypto.
431 912 558 948 neque
581 900 663 942 hae,
688 911 787 947 quae
809 899 849 936 iu
871 897 1008 947 Lybia,
1032 910 1160 946 neque
1184 897 1265 942 hae,
1290 909 1389 945 quae
1413 897 1455 933 in
1487 897 1614 934 medio
1647 897 1783 934 mundi
1814 896 1960 934 consti-

216 959 329 998 tutae
342 976 349 1005 ;
384 959 450 996 sed
473 959 575 996 sicut
598 959 654 996 sol
678 960 854 996 creatura
876 957 947 994 Dei
970 957 1011 994 in
1033 957 1217 994 universo
1240 956 1387 994 mundo
1410 968 1514 993 unus
1539 959 1577 993 et
1608 956 1712 993 idem
1734 959 1805 1002 est,
1839 956 1893 993 sic
1923 959 1964 992 et

216 1020 351 1057 lumen
372 1017 678 1067 praedicationis
702 1017 880 1054 veritatis
903 1016 1052 1064 ubique
1075 1016 1181 1053 lucet
1205 1018 1244 1053 et
1267 1015 1471 1052 illuminat
1505 1027 1638 1052 omnes
1667 1014 1858 1057 homines.
1892 1014 1963 1063 qui

216 1079 358 1116 volunt
379 1078 428 1115 ad
449 1077 710 1127 cognitionem
732 1076 912 1113 veritatis
944 1075 1087 1112 venire.
1130 1074 1181 1112 Et
1211 1087 1339 1122 neque
1373 1074 1417 1117 is,
1452 1074 1520 1122 qui
1551 1074 1662 1112 valde
1692 1074 1890 1123 praevalet-
1921 1073 1964 1110 in

217 1150 394 1176 sermone
416 1149 462 1174 ex
483 1137 544 1182 iis,
569 1136 638 1185 qui
659 1138 849 1184 praesunt
872 1131 1053 1179 ecclesiis,
1087 1134 1162 1171 alia
1185 1147 1304 1182 qua-m
1326 1134 1418 1171 haec
1441 1136 1536 1170 sunt
1559 1133 1664 1170 dicet
1688 1131 1819 1185 (nemo
1852 1132 1960 1170 enim

217 1210 333 1246 supra
366 1196 600 1246 magistrum
623 1195 710 1239 est),
747 1207 874 1243 neque
908 1194 1089 1231 infirmus
1124 1193 1167 1230 in
1201 1193 1365 1230 dicendo
1402 1192 1666 1230 deminorabit
1701 1192 1964 1230 traditionem.

218 1257 313 1294 Cum
336 1256 438 1293 enim
461 1268 540 1292 una
561 1257 599 1292 et
623 1254 756 1292 eadem
778 1253 874 1291 fides
898 1253 961 1298 sit,
995 1265 1122 1301 neque
1146 1252 1192 1297 is,
1227 1252 1296 1301 qui
1319 1252 1491 1289 multum
1524 1251 1570 1288 de
1594 1264 1637 1288 ea
1659 1254 1790 1300 potest
1821 1251 1962 1296 dicere,

218 1315 393 1365 ampliat,
417 1327 543 1363 neque
566 1315 613 1358 is,
637 1314 705 1362 qui
729 1313 871 1358 minus,
897 1312 1158 1350 demin01·at.«

337 1396 380 1438 6.
404 1394 492 1435 Imo
516 1398 692 1435 censent
714 1394 767 1434 ad
791 1392 887 1434 fidei
908 1392 1209 1445 probationem
1233 1403 1286 1432 ne
1310 1391 1466 1443 requiri
1482 1389 1652 1443 quidem
1665 1389 1964 1443 probationem

221 1478 272 1507 ex
301 1466 434 1506 sacris
457 1463 697 1517 Scripturis,
728 1463 792 1505 vel
825 1467 1015 1504 statuunt
1047 1474 1193 1503 sacras
1218 1459 1458 1513 Scripturas
1482 1460 1755 1513 explicandas
1778 1472 1873 1502 esse
1895 1471 1963 1501 se-

221 1536 406 1578 cundum
429 1535 643 1576 Ecclesiae
666 1534 1044 1588 praedicationem.

290 1608 513 1669 RQNullus
535 1622 631 1660 mihi
655 1622 873 1670 subcrepet,
908 1621 1041 1669 inquit
1064 1619 1346 1669 Gregorius
1369 1630 1562 1667 nyssenus
1584 1618 1668 1658 adv.
1692 1618 1855 1654 Eunom.
1879 1617 1904 1653 l.
1929 1622 1971 1661 4,

221 1684 324 1732 quod
346 1682 446 1720 illud
467 1683 596 1726 etiam,
621 1682 726 1730 quod
750 1694 770 1718 a
792 1681 904 1718 nobis
926 1693 996 1729 pro
1021 1679 1194 1716 confesso
1217 1678 1395 1722 habetur,
1418 1677 1643 1714 rationibus
1665 1680 1705 1714 et
1727 1676 1972 1726 argumentis

220 1743 396 1791 indigeat
407 1741 626 1779 confirmari
639 1744 676 1778 et
692 1740 865 1789 probari:
890 1739 1033 1777 sufficit
1049 1738 1156 1775 enim
1169 1738 1217 1775 ad
1231 1737 1358 1775 nostri
1375 1736 1566 1774 sermonis
1585 1735 1971 1780 demonstrationem,

221 1802 327 1851 quod
348 1802 562 1838 habeamus
594 1813 615 1837 a
635 1800 816 1849 patribus
848 1799 1072 1836 venientem
1103 1798 1151 1834 ad
1182 1809 1252 1835 nos
1283 1795 1539 1834 traditionem
1571 1795 1685 1832 velut
1715 1794 1973 1832 hereditatem

223 1861 418 1910 quandam
439 1873 510 1909 per
533 1859 817 1897 successionem
850 1871 894 1895 ex
917 1857 1102 1906 apostolis
1138 1869 1206 1905 per
1229 1858 1383 1893 sanctos
1418 1857 1627 1903 sequentes
1660 1853 1940 1891 transmissam.

223 1921 333 1966 ,Hoc
356 1920 436 1957 scil.
459 1919 583 1956 facere
599 1930 835 1968 magnopere
849 1918 1037 1955 curabant
1053 1914 1191 1968 (probe
1214 1911 1424 1966 catholici),
1449 1914 1633 1951 hortatur
1653 1913 1749 1951 Vin
1762 1925 1781 1950 c
1792 1925 1812 1950 e
1825 1915 1881 1949 nt
1892 1912 1973 1950 ius

221 1980 281 2018 lir.
305 1992 335 2019 e.
360 1967 565 2029 2TXquod
586 1978 628 2014 in
649 1977 842 2027 principio
867 1975 1154 2014 commonitorii
1177 1975 1293 2012 istius
1325 1975 1476 2011 sanctos
1499 1975 1538 2009 et
1560 1973 1693 2010 doctos
1725 1972 1831 2009 viros
1861 1971 1974 2009 nobis

222 2038 430 2077 tradidisse
465 2038 707 2086 scripsimus,
743 2039 789 2073 ut
822 2036 1001 2073 divinum
1035 2045 1225 2072 canonem
1258 2033 1474 2071 secundum
1507 2031 1746 2108 unigfrsalis
1777 2030 1974 2068 Ecclesiae

223 2098 456 2136 traditiones
478 2099 517 2134 et
534 2097 650 2145 juxta
672 2095 852 2133 catholici
874 2093 1072 2142 dogmatis
1095 2093 1252 2142 regulas
1276 2093 1603 2140 interpretentur,
1628 2090 1672 2128 in
1695 2103 1772 2139 qua
1792 2089 1889 2127 item
1912 2101 1976 2126 ca-

224 2157 368 2195 tholica
390 2158 429 2194 et
453 2156 667 2205 apostolica
688 2155 858 2192 Ecclesia
873 2166 1086 2202 sequamur
1101 2164 1254 2190 necesse
1269 2154 1329 2189 est
1343 2150 1659 2194 universitatem,
1683 2148 1973 2197 antiquitatem,

227 2216 532 2254 consensionem.
606 2214 731 2259 Quare
753 2214 817 2251 vel
839 2213 917 2262 ipsi
938 2214 1204 2261 protestantes
1228 2210 1470 2249 candidiores
1506 2221 1592 2246 cum
1616 2207 1889 2246 Mfinscher
1918 2207 1975 2244 fa-

225 2277 363 2313 tentur
386 2272 436 2327 l):
475 2275 618 2319 „Patet
639 2286 684 2311 ex
707 2273 890 2311 omnibus
912 2271 1274 2320 disquisitionibus,
1301 2281 1399 2318 quas
1421 2268 1611 2306 hactenus
1633 2267 1811 2313 fecimus,
1843 2268 1976 2316 prote-

229 2338 390 2379 stantes,
414 2334 507 2371 dum
531 2334 763 2370 aversantur
784 2331 1014 2369 traditionis
1035 2343 1164 2375 usum,
1187 2342 1267 2367 non
1288 2329 1431 2366 habere
1452 2327 1585 2365 favens
1608 2326 1684 2364 sibi
1704 2325 1977 2364 testimonium

228 2394 428 2431 historiae.
468 2392 642 2430 Ecclesia
665 2391 855 2429 catholica
873 2391 964 2439 jure
985 2389 1127 2427 merito
1150 2389 1329 2433 affirmat,
1363 2387 1618 2424 traditionem
1640 2398 1822 2435 magnam
1844 2387 1976 2422 aucto-

228 2453 387 2490 ritatem
409 2464 531 2501 penes
553 2451 698 2500 primos
720 2450 906 2488 habuisse
929 2449 1103 2486 fideles.⁴

352 2531 392 2573 7.
426 2529 616 2582 Denique
644 2530 766 2582 juxta
796 2528 897 2570 illud
919 2527 1082 2584 (Matth.
1111 2529 1176 2576 18,
1206 2528 1295 2578 m:
1330 2525 1375 2565 Sa·
1408 2524 1634 2566 Ecclesiam
1668 2537 1747 2565 non
1781 2523 1975 2573 audierit,

231 2603 284 2642 sit
316 2601 386 2642 tibi
418 2602 523 2641 sicut
555 2600 739 2641 ethnicus
769 2604 809 2651 et
822 2600 1101 2653 publicanus:
1133 2601 1277 2649 patres
1299 2595 1558 2648 gravissimis
1579 2594 1720 2636 verbis
1742 2593 1835 2634 illos
1857 2592 1978 2633 dam-

234 2671 408 2720 nabant,
431 2672 501 2724 qui
523 2672 824 2724 episcoporum
847 2660 1154 2723 pastorumque
1177 2667 1393 2708 Ecclesiae
1416 2667 1667 2715 doctrinam,
1689 2665 1979 2717 magisterium

231 2742 521 2796 judiciumque
544 2746 846 2783 aversarentur
867 2741 933 2782 vel
956 2743 1281 2787 contemnerent
1303 2738 1360 2794 (n.
1387 2741 1468 2783 131
1493 2738 1581 2792 ss.).

354 2824 415 2865 Ex
437 2824 590 2877 quibus
613 2825 716 2865 satis
738 2835 949 2877 superque
971 2822 1153 2876 probata
1174 2821 1340 2863 videtur
1362 2821 1505 2869 thesis,
1538 2833 1568 2864 S.
1596 2818 1858 2871 Scripturam
1890 2828 1977 2857 non

233 2897 526 2949 praecipuum,
547 2895 705 2936 nedum
727 2896 900 2936 unicum
923 2906 1017 2935 esse
1039 2893 1211 2942 fontem,
1245 2905 1267 2933 e
1291 2904 1375 2945 quo
1399 2890 1454 2932 ab
1477 2889 1721 2931 hominibus
1743 2886 1981 2929 haurienda

382 3054 403 3091 ¹)
423 3049 465 3082 In
482 3048 650 3083 manuali
667 3048 752 3082 hist.
772 3047 987 3092 dogmatum
1006 3047 1034 3080 t.
1057 3049 1073 3079 1
1093 3057 1130 3090 p.
1150 3049 1169 3079 2
1189 3046 1276 3079 sect.
1296 3048 1316 3078 5
1341 3049 1358 3086 ἓ
1377 3046 1432 3078 73.
1469 3042 1519 3077 Cf.
1549 3041 1706 3076 aliorum
1736 3041 1981 3075 confessiones

235 3102 332 3147 apud
350 3101 619 3146 Hettinger
636 3099 660 3134 l.
681 3111 708 3134 c.
728 3100 814 3134 diss.
835 3102 878 3133 17
896 3101 933 3133 et
952 3099 1165 3133 Perrone
1184 3097 1227 3132 de
1245 3097 1449 3131 traditione
1468 3106 1496 3129 c.
1519 3100 1551 3130 1.
