2175 3382
779 138 943 172 Ecclesia
960 149 1047 172 vera
1065 140 1121 172 est
1139 139 1355 183 apostolica.
1858 147 1942 189 329

206 257 365 298 stolicis
386 256 497 304 viris,
520 257 591 309 qui
613 260 757 297 tamen
780 268 877 297 cum
891 256 1096 309 apostolis
1111 258 1488 309 perseveraverint,
1511 259 1709 301 habuerit
1722 265 1942 303 auctorem

206 331 248 369 et
281 331 640 375 antecessorem“,
675 331 722 367 ut
755 325 894 367 verbis
928 331 1100 367 utamur
1132 326 1467 377 Tertulliani
1500 328 1551 370 de
1583 342 1767 381 praescr.
1801 344 1841 375 n.
1865 333 1942 379 323

207 397 566 452 quemadmodum
590 397 676 442 scil,
699 396 853 438 Christi
875 397 1092 449 generatio
1121 409 1196 450 per
1217 410 1436 451 nunquam
1460 400 1741 452 interruptam
1763 414 1940 455 genera-

207 469 369 510 tionum
400 469 554 510 seriem
586 480 661 509 seu
693 468 986 520 genealogiam
1019 467 1074 508 ad
1104 467 1250 528 Dayid,
1283 468 1337 509 ad
1369 468 1588 521 Abffiham
1619 476 1857 522 revocatur,
1889 473 1944 514 ad

207 538 310 609 Q,
333 540 387 580 ad
409 539 559 596 Ad—am.
592 538 681 579 Hac
703 539 816 579 enim
840 539 1151 590 apostolicitate
1173 538 1327 591 duplex
1350 539 1419 580 illa
1441 543 1556 592 prior
1577 541 1731 582 invicte
1746 554 1944 595 compro-

207 610 342 651 batur.
365 609 523 651 Verum
547 610 590 650 in
612 610 926 662 apostolicitate
948 610 1168 651 ministerii
1190 609 1389 662 duplex
1412 617 1661 652 secernatur
1676 612 1944 665 elementum,

207 681 521 730 materiale,
552 680 665 733 quod
697 681 938 721 continetur
960 680 1053 732 ipsa
1075 686 1295 733 pastorum
1317 680 1439 730 serie,
1473 685 1515 722 et
1545 681 1798 732 formale,
1832 685 1944 736 quod

208 752 446 794 continetur
467 751 515 792 le
527 752 676 803 gitim
690 763 716 792 a
738 752 991 804 proprieque
1014 751 1127 792 dicta
1149 752 1432 793 successione.
1475 751 1660 794 Necesse
1682 753 1767 795 scil.
1791 759 1866 801 est,
1898 760 1943 796 ut

208 834 430 863 successor
451 822 593 863 locum
615 822 901 863 antecessoris
924 827 1115 874 occupet,
1138 834 1224 863 non
1247 833 1322 874 per
1344 823 1428 880 vim
1452 827 1493 863 et
1514 824 1847 876 usurpationem,
1870 825 1944 866 sed

209 893 599 945 secundum—legem
623 894 665 933 in
688 905 740 934 ea
762 893 968 934 societate
991 893 1214 944 vigentem,
1247 898 1374 946 atque
1400 894 1443 934 in
1465 893 1574 934 illius
1597 886 1751 935 mu-nus
1774 895 1945 937 relatio-

207 975 389 1017 nemque
411 964 466 1005 ad
488 964 695 1017 reliquum
711 964 1010 1016 episcoporum
1025 968 1194 1005 coetum
1217 969 1343 1018 atque
1367 965 1600 1006 Ecclesiam
1622 966 1785 1014 subeat,
1809 967 1946 1008 nullo-

209 1047 289 1088 que
310 1035 406 1076 ideo
429 1034 658 1076 schismate
681 1034 735 1075 ab
758 1034 971 1076 Ecclesiae
993 1035 1154 1076 unitate
1178 1035 1370 1091 deficiat3
1392 1037 1463 1089 qui
1485 1036 1598 1077 enim
1620 1037 1861 1078 schismatis
1885 1042 1947 1079 est

208 1111 369 1154 auctor,
391 1118 537 1147 ramus
560 1106 639 1147 erit
660 1106 890 1158 praecisus,
913 1118 1156 1159 novamque
1179 1106 1248 1148 ille
1271 1107 1441 1160 quidem
1465 1107 1670 1148 inchoare
1693 1109 1850 1160 poterit
1871 1098 1946 1160 pa'-

208 1179 370 1219 storum
394 1176 562 1225 seriem,
592 1188 702 1229 quae
724 1181 868 1217 tamen
892 1176 1054 1217 carebit
1076 1177 1397 1218 continuatione
1421 1178 1623 1230 organica
1646 1184 1687 1218 et
1711 1179 1826 1219 vitali
1850 1191 1945 1220 cum

209 1246 572 1289 antecessoribus:
600 1259 727 1299 quam
751 1247 1040 1288 conditionem
1064 1247 1282 1299 praeclare
1306 1247 1506 1289 describit
1529 1246 1831 1302 Gregorius
1853 1261 1947 1290 naZ.

210 1323 315 1360 orat.
338 1319 381 1359 in
402 1318 571 1359 laudem
590 1317 810 1359 Athanasii
826 1331 863 1361 n.
881 1323 927 1362 8:
958 1317 1126 1371 „Neque
1142 1319 1255 1359 enim
1278 1319 1349 1371 qui
1371 1330 1446 1371 per
1462 1320 1543 1360 vim
1560 1320 1709 1372 irrupit
1723 1332 1949 1361 successor

210 1389 432 1430 habendus
454 1394 529 1437 est,
560 1388 636 1430 sed
659 1389 729 1441 qui
751 1389 835 1429 vim
858 1400 1085 1441 perpessus
1107 1393 1191 1436 est,
1224 1401 1304 1430 nec
1326 1390 1397 1442 qui
1418 1389 1530 1440 leges
1554 1391 1737 1433 violavit,
1770 1391 1845 1432 sed
1877 1393 1947 1443 qui

208 1459 392 1513 legitime
414 1464 583 1501 creatus
605 1464 689 1507 est3
713 1471 792 1500 nec
815 1461 885 1512 qui
908 1460 1122 1501 contraria
1146 1460 1347 1512 dogmata
1361 1465 1488 1510 tenet,
1511 1461 1586 1502 sed
1608 1462 1678 1514 qui
1701 1462 1853 1503 eadem
1868 1462 1947 1503 fide

210 1530 426 1584 praeditus
457 1534 541 1579 est3
573 1530 653 1571 nisi
684 1531 777 1584 quis
809 1530 989 1572 fortasse
1021 1532 1079 1572 ita
1110 1543 1404 1572 successorem
1437 1532 1562 1580 dicat,
1586 1533 1945 1584 quemadmodum

209 1601 407 1643 morbum
428 1601 600 1642 sanitati
623 1605 664 1642 et
686 1601 886 1642 tenebras
908 1601 989 1642 luci
1022 1606 1062 1642 et
1094 1606 1392 1664 tempestatem
1414 1603 1707 1655 tranquillitati
1730 1609 1771 1645 et
1793 1604 1945 1645 mentis

210 1673 508 1715 alienationem
526 1673 774 1725 prudentiae
789 1673 1018 1714 succedere
1033 1669 1246 1714 dici'mus.“
1276 1674 1462 1725 lsstrevius,
1486 1685 1662 1714 necesse
1686 1679 1760 1719 est.
1782 1679 1827 1715 ut
1850 1686 1946 1715 suc-

212 1756 356 1786 cessor
379 1745 696 1785 missionem
720 1743 878 1785 habeat
899 1744 942 1784 in
964 1743 1034 1784 illa
1058 1744 1207 1784 eadem
1231 1746 1436 1785 societate
1461 1749 1502 1785 et
1525 1744 1579 1785 ab
1603 1744 1754 1785 eadem
1777 1756 1853 1786 seu
1875 1757 1946 1785 so-

211 1816 375 1857 cietatis
397 1816 662 1863 auctoritate,
695 1827 721 1855 a
743 1827 826 1867 qua
849 1821 1097 1856 antecessor
1119 1815 1233 1855 illam
1257 1790 1719 1868 accepe1=at.⁰[÷1012iari
1742 1815 1848 1856 forte
1871 1827 1948 1867 po-

211 1891 352 1928 terunt
373 1890 519 1927 coetus
531 1885 660 1938 aliqui
672 1885 934 1926 schismatici
949 1884 1131 1926 Orientis
1153 1887 1262 1926 serie
1285 1885 1470 1938 quadam
1493 1886 1703 1927 materiali
1717 1891 1949 1939 pastorum,

212 1969 322 2010 quae
336 1957 546 2009 pertingat
568 1956 623 1996 ad
645 1955 865 2008 apostolos
881 1968 1034 2009 usque;
1059 1957 1134 1997 sed
1147 1962 1295 1997 carent
1309 1956 1520 1998 elemento
1536 1956 1714 2007 formali,
1740 1957 1947 2009 assignari

214 2028 298 2069 scil.
321 2027 476 2087 poterit
497 2027 647 2080 aliquis
669 2027 712 2068 in
734 2027 815 2068 hac
837 2028 946 2068 serie
969 2032 1126 2080 pastor,
1150 2029 1221 2080 qui
1243 2039 1395 2069 carens
1419 2028 1621 2069 missione
1643 2028 1697 2069 ab
1720 2028 1788 2069 illa
1811 2029 1948 2069 socie-

212 2104 310 2149 tate,
334 2100 453 2153 cujus
475 2104 723 2141 antecessor
745 2099 985 2140 membrum
1009 2104 1050 2140 et
1072 2099 1264 2140 minister
1287 2104 1390 2140 erat.
1422 2100 1675 2140 intrusus
1697 2099 1751 2139 sit
1771 2111 1951 2139 novam-

213 2183 294 2224 que
317 2183 494 2212 exorsus
516 2175 737 2222 pastorum
759 2170 926 2214 seriem.

331 2268 427 2309 314.
452 2264 829 2308 Demonstratio.
874 2263 1176 2316 Apostolicitas
1200 2263 1433 2311 ministerii,
1465 2262 1516 2304 de
1539 2274 1623 2315 qua
1645 2263 1687 2303 in
1710 2263 1856 2315 primis
1878 2276 1950 2303 su-

214 2349 308 2376 mus
339 2334 516 2385 solliciti,
551 2334 753 2375 suadetur
787 2334 825 2378 1.
859 2334 1120 2386 analogia
1152 2346 1248 2374 cum
1279 2346 1495 2387 synagoga
1518 2333 1730 2375 Ecclesiae
1753 2339 1864 2387 typ0.
1906 2334 1952 2375 In

214 2418 429 2459 synagoga
451 2405 563 2446 enim
586 2417 673 2445 non
697 2409 819 2445 erant
845 2405 1025 2445 ministri
1060 2405 1113 2445 ab
1145 2405 1327 2445 invicem
1360 2404 1539 2456 sejuncti
1571 2410 1611 2445 et
1643 2404 1846 2457 dissipati,
1877 2404 1951 2446 sed

214 2477 382 2518 vinculo
405 2476 690 2529 generationis
713 2487 788 2528 per
820 2475 1030 2529 quosdam
1051 2475 1178 2517 veluti
1200 2475 1357 2528 gradus
1380 2475 1696 2517 revocabantur
1717 2476 1772 2517 ad
1795 2476 1952 2525 Aaron,

217 2548 286 2601 qui
308 2552 435 2600 caput
456 2552 498 2588 et
519 2547 638 2588 radix
662 2546 820 2587 exstitit
842 2546 1072 2587 sacerdotii
1094 2547 1136 2586 in
1159 2558 1386 2599 synagoga.
1418 2546 1525 2598 Ergo
1549 2547 1676 2588 etiam
1700 2547 1741 2587 in
1766 2546 1951 2588 Ecclesia

217 2618 495 2659 ministerium
526 2618 714 2671 alioquin
746 2621 999 2670 perpetuum
1022 2617 1190 2658 vinculo
1213 2618 1499 2669 generationis
1521 2617 1762 2670 spiritualis,
1794 2618 1880 2658 scil.
1912 2619 1952 2658 vi

219 2687 567 2746 ordinationisj'et
597 2689 810 2731 missionis
843 2688 1069 2741 legitimae,
1105 2687 1159 2728 ad
1192 2686 1406 2729 Christum
1437 2678 1651 2729 summum
1683 2688 1951 2729 sacerdotem

216 2772 291 2812 per
313 2759 531 2812 apostolos
553 2765 778 2800 revocetur
801 2763 980 2811 oportet.
1023 2757 1235 2800 Probatur

332 2843 377 2886 2.
400 2853 452 2883 ex
474 2842 566 2894 ipsa
589 2842 811 2883 ministerii
833 2841 1109 2882 ecclesiastici
1130 2841 1492 2882 institutione
1514 2846 1555 2882 et
1577 2841 1852 2893 perennitate.
1893 2840 1951 2881 Ex

218 2913 299 2954 hac
322 2913 433 2954 enim
458 2912 692 2965 colligimus
715 2927 757 2956 a.
782 2924 950 2964 semper
972 2911 1060 2953 fore
1083 2912 1125 2952 in
1148 2911 1336 2953 Ecclesia
1357 2916 1561 2965 pastores.
1604 2911 1731 2964 Atqui
1757 2913 1800 2954 b.
1825 2923 1951 2952 nemo

221 2987 284 3024 est
305 2982 517 3024 Ecclesiae
539 2987 696 3035 pastor,
718 2983 799 3023 nisi
821 2982 891 3035 qui
915 2982 1092 3023 mittitur
1114 2982 1288 3035 eJusque
1303 2983 1516 3023 missionis
1539 2986 1603 3023 est
1624 2982 1847 3034 particeps,
1870 2993 1952 3034 qua

222 3052 411 3094 Christus
433 3065 459 3094 a
481 3053 606 3095 Patre
629 3055 795 3102 missus,
819 3053 931 3094 misit
953 3053 1182 3105 apostolos.
