2175 3382
647 114 825 159 probatur
844 117 980 150 veritas
998 117 1186 161 religionis
1206 119 1440 154 clrristiauac.
1829 129 1910 170 105

178 235 273 285 ipsis
295 236 527 273 daemonum
550 237 772 286 praestigiis
795 240 834 275 et
856 239 1102 275 oraculorum
1126 240 1290 278 fallaciis
1325 255 1367 279 ae
1398 244 1546 291 magiae
1578 245 1767 294 prodigiis
1800 246 1909 295 signo

177 295 314 338 crucis,
338 307 436 343 quae
459 295 561 343 apud
583 295 686 344 ipsos
708 296 880 334 ludibrio
902 299 973 337 est.
1006 299 1143 335 utatur
1166 300 1370 347 solumque
1393 301 1590 339 Christum
1612 304 1799 350 nominet,
1822 317 1907 342 mox

114 407 120 412 -
176 353 338 399 videbit,
361 366 478 402 quam
500 354 577 391 cito
598 366 668 403 per
689 355 818 403 ipsum
842 355 1030 405 fugentur
1062 356 1277 403 daemones,
1312 362 1461 396 cessent
1492 362 1656 401 oracula.
1692 376 1752 399 ars
1782 363 1907 400 omnis

177 413 327 462 magica
346 412 612 461 veneficiaque
633 416 876 452 evanescant.
909 414 1004 458 Quis
1026 415 1159 463 itaque
1181 419 1435 465 quantusque
1459 419 1524 456 ille
1547 423 1605 455 est
1626 420 1815 467 Christus,
1839 422 1907 471 qui

177 484 246 510 suo
266 472 424 509 nomine
447 484 488 509 ae
511 484 582 509 sua
603 472 822 520 praesentia
843 474 973 510 omnia
994 486 1278 523 usquequaque
1311 477 1493 513 obscurat-
1515 481 1553 514 et
1575 478 1688 519 delet,
1724 481 1909 528 solusque

178 531 314 568 ceteris
335 531 516 568 omnibus
538 530 676 568 fortior
698 533 756 568 est
778 534 894 579 atque
917 532 1147 570 universum
1170 534 1302 571 orbem
1326 548 1395 572 sua
1418 535 1593 573 doctrina
1615 538 1738 585 replet
1753 543 1797 574 ’.Ν

295 610 337 653 2.
361 608 565 650 Referunt
586 622 672 650 non
694 610 851 651 factum
866 624 996 652 unum
1012 612 1258 662 alterumve,
1281 614 1355 655 sed
1378 614 1572 666 plurim
1587 627 1611 655 a
1632 621 1682 671 1),
1706 618 1909 668 quamob-

179 692 268 721 rem
290 680 570 721 Irenaeus:
600 666 718 731 ssNon
741 685 815 730 est,
838 682 972 734 inquit
993 682 1036 726 ΙΙ.
1061 687 1116 727 32
1139 696 1177 723 n.
1200 688 1239 732 4,
1262 697 1484 725 numerum
1509 685 1646 727 dicere
1670 688 1909 738 gratiarum.

179 763 285 803 quas
316 762 391 803 per
422 751 667 792 universum
699 751 904 792 mundum
926 752 1115 794 Ecclesia
1147 766 1172 794 a
1194 754 1282 795 Deo
1315 756 1528 808 accipiens
1559 757 1601 796 in
1624 758 1795 798 nomine
1819 758 1911 798 Chr.

178 821 279 863 „lesu
301 821 488 862 crucifixi
509 821 587 863 sub
602 821 753 864 Pontio
769 822 914 873 Pilato,
939 836 1014 876 per
1028 825 1215 877 singulos
1231 825 1319 866 dies
1335 827 1376 866 in
1391 827 1711 879 opitulationem
1727 828 1910 879 gentium

179 892 375 945 perficit.“
424 892 474 933 Et
494 891 543 942 V,
567 896 592 937 6
615 906 654 934 n.
681 896 724 937 1:
764 894 1155 945 „Quemadmodum
1188 901 1227 937 et
1262 897 1417 938 multos
1440 898 1675 939 audivimus
1699 898 1848 940 fratres
1872 900 1912 939 in

178 963 365 1005 Ecclesia
396 964 645 1016 prophetica
676 965 883 1006 habentes
919 966 1190 1016 charismata,
1224 971 1264 1008 et
1286 979 1361 1019 per
1383 966 1585 1020 Spiritum
1607 970 1812 1010 universis
1835 970 1911 1009 lin-

178 1035 268 1086 guis
299 1034 519 1088 loquentes
551 1040 591 1076 et
633 1035 886 1076 abscondita
917 1037 1138 1078 hominum
1170 1038 1213 1077 in
1244 1038 1514 1079 manifestum
1547 1040 1827 1091 producentes
1859 1040 1911 1080 ad

178 1106 401 1147 utilitatem
424 1111 466 1147 et
487 1107 689 1160 mysteria
712 1106 786 1147 Dei
809 1112 1094 1150 enarrantes.“

296 1178 338 1220 3.
363 1176 566 1219 Referunt
597 1178 708 1219 facta
739 1191 824 1219 non
855 1182 1031 1227 secreta,
1064 1180 1137 1220 sed
1160 1180 1400 1232 publica,
1434 1192 1626 1233 quaeque
1649 1182 1913 1233 inspectante

178 1249 334 1301 populo
358 1248 670 1301 contingebant.
703 1249 793 1290 Huc
815 1254 979 1302 spectat
1001 1255 1170 1302 praeter
1192 1251 1413 1292 daemonis
1436 1251 1725 1303 expulsionem
1748 1251 1912 1293 celebre

180 1319 441 1369 miraculum,
465 1332 489 1360 a
512 1320 701 1372 pluribus
723 1320 900 1362 testibus
925 1321 1102 1362 oculatis
1125 1322 1315 1367 relatum,
1352 1334 1434 1375 quo
1459 1323 1625 1374 plurimi
1649 1322 1912 1363 consessores

179 1389 356 1430 africani
370 1389 494 1446 (forte
517 1391 630 1432 circa
653 1391 776 1440 mille,
799 1404 980 1444 quorum
1004 1392 1154 1433 saltem
1178 1393 1398 1444 sexaginta
1413 1392 1780 1444 Constantinopoli
1803 1393 1912 1433 vise-

177 1460 349 1516 bantur)
381 1466 555 1514 propter
586 1462 840 1514 intrepidam
872 1463 967 1504 fidei
1000 1464 1236 1504 catholicae
1268 1464 1577 1505 confessionem
1611 1464 1663 1504 ab
1700 1463 1908 1504 Hunerico

178 1532 456 1573 vandalorum
480 1544 578 1585 rege
599 1533 741 1585 lingua
763 1534 964 1574 radicitus
987 1535 1166 1575 mutilati
1189 1535 1381 1587 expedite
1404 1534 1686 1587 loquebantur
1703 1535 1747 1589 2).

297 1603 339 1646 4.
364 1602 568 1645 Referunt
589 1604 701 1646 facta
724 1605 836 1656 adeo
855 1605 1023 1656 publica
1046 1609 1086 1646 et
1109 1610 1237 1654 certa,
1260 1610 1306 1646 ut
1327 1605 1369 1645 in
1391 1605 1477 1645 suis
1501 1604 1704 1645 adversus
1723 1604 1908 1655 gentiles,

176 1674 426 1725 incredulos,
449 1675 688 1716 haereticos
711 1675 1066 1727 disputationibus
1089 1675 1350 1717 confidenter
1373 1676 1426 1716 ad
1450 1688 1499 1716 ea
1523 1681 1767 1727 provocent.

324 1807 344 1845 ¹)
366 1805 418 1838 [ta
440 1806 571 1849 Augu
586 1805 686 1838 stin
698 1816 720 1838 u
734 1816 748 1837 s
768 1804 812 1838 de
831 1805 930 1838 civit.
951 1805 1016 1838 Dei
1035 1804 1146 1844 XXII,
1164 1807 1185 1837 8
1205 1804 1350 1838 scribit:
1373 1804 1431 1843 ‚Si
1450 1805 1627 1837 miracula
1643 1803 1856 1837 sanitatum.
1872 1806 1910 1836 ut

177 1855 250 1891 alia
267 1859 424 1899 taceam,
443 1868 485 1891 ea
502 1859 648 1891 tantum
667 1857 777 1891 velim
797 1858 962 1898 scribere,
987 1868 1080 1901 quae
1098 1868 1163 1902 per
1181 1858 1279 1891 hune
1297 1860 1495 1901 martyrem
1516 1858 1538 1891 i.
1560 1868 1588 1890 e.
1608 1856 1910 1902 gloriosissimum

178 1910 404 1955 Stephanum
424 1910 523 1944 facta
543 1919 628 1945 sunt
647 1911 685 1944 in
704 1910 847 1944 colonia
866 1911 1064 1944 calamensi
1095 1918 1131 1944 et
1160 1912 1198 1944 in
1228 1914 1365 1951 nostra,
1398 1910 1550 1955 plurimi
1581 1910 1793 1944 conficiendi
1827 1913 1911 1943 sunt

176 1963 262 1997 libri
281 1965 390 1999 etc.:‘
411 1974 515 2002 serm;
535 1966 604 2000 286
622 1976 657 1997 n.
677 1964 716 1999 7:
746 1975 850 2000 serm.
872 1966 941 1999 323
958 1976 992 1997 n.
1012 1967 1044 1997 3.
1075 1964 1292 1998 Basilius
1319 1965 1363 1998 de
1383 1964 1476 2008 Spir.
1495 1964 1620 1997 saneto
1640 1974 1668 1996 c.
1689 1966 1731 1998 29
1751 1975 1785 1996 n.
1806 1964 1850 1996 74
1868 1962 1912 1995 dc

177 2017 352 2061 Gregorio
372 2017 650 2062 Thaumaturgo
665 2017 847 2050 disserens
861 2017 1038 2051 testatur:
1061 2017 1240 2056 ,Omnino
1255 2017 1477 2062 perlongum
1494 2016 1607 2051 fuerit
1622 2017 1689 2049 viri
1702 2025 1912 2060 percensere

177 2070 375 2103 miracula:
406 2071 469 2114 qui
488 2073 641 2115 propter
659 2069 838 2103 donorum
867 2070 1137 2107 excellentiam,
1163 2081 1257 2114 quae
1285 2072 1322 2104 in
1350 2070 1428 2114 ipso
1457 2070 1678 2114 operabatur
1697 2069 1855 2112 Spiritus
1874 2068 1911 2101 in

177 2123 270 2157 omni
287 2124 424 2158 virtute
443 2126 480 2158 et
497 2124 611 2169 signis
630 2135 671 2157 ac
688 2124 878 2168 prodigiis.
911 2125 957 2158 ab
977 2125 1066 2169 ipsis
1094 2125 1264 2158 veritatis
1284 2124 1453 2157 hostibus
1472 2124 1567 2157 alter
1585 2123 1728 2167 Moyses
1747 2122 1910 2166 appella-

179 2177 317 2210 batur.‘
354 2177 449 2221 Lege
467 2178 616 2211 omnino
643 2190 668 2211 s.
688 2177 879 2211 Nicetii
904 2189 960 2222 ep.
983 2182 997 2212 1
1020 2178 1066 2211 ad
1095 2177 1381 2212 Clodosvindam
1409 2178 1574 2220 reginam
1603 2176 1911 2221 longobardorum

177 2230 307 2275 Mign
319 2240 337 2264 e
355 2233 410 2271 68,
425 2231 513 2275 3773
541 2230 568 2264 P
580 2241 598 2264 e
609 2233 625 2264 t
637 2241 658 2264 a
670 2232 748 2265 viu
760 2243 797 2264 m
816 2231 937 2276 dogm.
957 2230 1155 2276 theologie.
1176 2231 1220 2265 de
1239 2231 1419 2264 incarnat.
1439 2230 1532 2271 XIV,
1554 2233 1615 2265 13:
1644 2229 1671 2263 Τ
1684 2231 1705 2263 h
1719 2240 1737 2262 o
1752 2242 1786 2263 m
1798 2241 1819 2263 a
1830 2242 1845 2263 s
1857 2241 1872 2261 s
1884 2230 1911 2262 i—

175 2295 278 2317 num
297 2284 341 2318 de
359 2284 536 2317 incarnat.
555 2283 634 2324 XII,
653 2287 692 2323 ὃς
721 2283 889 2318 Wilme
902 2296 943 2318 rs
964 2285 976 2318 Ι
996 2295 1101 2329 prop.
1124 2287 1199 2325 133,
1219 2285 1280 2327 qui
1302 2284 1482 2318 miracula
1502 2283 1703 2317 seculorum
1724 2294 1829 2316 cursu
1848 2294 1910 2326 pa-

133 2345 136 2351 '
175 2337 274 2371 trata
290 2337 410 2371 refert.

320 2394 344 2432 ‘-')
363 2390 535 2425 Refertur
553 2391 621 2424 boc
641 2390 860 2425 miraculum
880 2402 899 2424 a
918 2391 1120 2425 Victore
1148 2391 1280 2425 vitensi
1299 2391 1387 2424 hist.
1406 2391 1670 2434 persecutionis
1699 2390 1912 2423 vandalicae

177 2443 222 2486 V,
241 2447 273 2486 6,
291 2445 356 2487 qui
374 2454 413 2478 eo
432 2445 550 2478 relato
567 2443 822 2488 prosequitur:
854 2444 943 2483 „Sed
971 2445 1000 2477 si
1019 2445 1101 2487 quis
1129 2444 1340 2478 incredulus
1369 2454 1445 2477 esse
1473 2443 1640 2483 voluerit,
1669 2446 1799 2487 pergat
1816 2454 1911 2477 nunc

178 2497 549 2542 Constantinopolim,
568 2501 605 2531 et
630 2498 683 2532 ibi
702 2498 857 2541 reperiet
886 2508 998 2531 unum
1028 2497 1073 2531 de
1099 2497 1173 2531 illis
1202 2497 1468 2531 subdiaconum
1485 2497 1712 2540 Reparatum
1731 2507 1912 2530 sermones

152 2563 155 2566 ·
178 2550 317 2593 politos
335 2551 413 2585 sine
430 2551 509 2584 ulla
527 2551 725 2585 offensione
744 2552 989 2594 loquentein.‘
1027 2551 1197 2584 Refertur
1215 2550 1261 2584 ab
1281 2552 1310 2584 A
1323 2561 1375 2584 en
1387 2561 1405 2584 e
1417 2561 1437 2583 a
1464 2560 1610 2593 quoque
1628 2550 1784 2593 gazensi.
1803 2549 1837 2582 M
1850 2559 1911 2582 ar-

178 2604 365 2638 cellino
393 2605 432 2638 in
460 2605 630 2638 chronico
659 2605 705 2638 ad
724 2616 756 2638 a.
774 2607 855 2643 484,
884 2604 1121 2648 Gregorio
1150 2605 1210 2645 M„
1238 2603 1490 2647 Procopio,
1518 2603 1598 2646 ipso
1626 2602 1911 2636 Jiistiniano

177 2657 277 2701 imp„
296 2656 489 2692 Isidoro
507 2658 603 2701 hisp.
623 2660 703 2698 etc„
722 2669 878 2701 quorum
896 2658 1111 2691 testimonia
1129 2658 1242 2692 habes
1262 2668 1387 2701 opusc.
1408 2656 1520 2695 XXII,
1540 2659 1607 2690 223
1626 2667 1670 2689 ss.
1691 2655 1742 2689 Cf.
1763 2656 1811 2689 La
1830 2655 1910 2687 reli-

177 2711 285 2755 gione
304 2710 479 2744 cristiana
496 2712 649 2754 provata
668 2710 715 2744 da
733 2722 783 2744 un
802 2711 879 2745 solo
908 2711 1011 2751 fatto,
1042 2711 1081 2744 in
1099 2710 1273 2744 Raccolta
1291 2711 1328 2744 di
1347 2710 1490 2745 dissert.
1519 2709 1555 2742 di
1584 2709 1696 2742 storia
1714 2707 1836 2742 eccles.
1857 2706 1910 2740 ed.

177 2765 263 2799 Zac
275 2776 293 2798 c
305 2765 410 2798 aria
451 2764 553 2799 XVII
587 2765 671 2801 diss,
705 2768 727 2799 8
761 2766 797 2799 et
834 2765 1118 2799 Montefiaseone
1155 2767 1263 2803 1786;
1310 2764 1490 2798 Stimmen
1534 2774 1598 2796 aus
1643 2761 1757 2796 Maria
1792 2760 1910 2793 Laacli

177 2817 356 2858 XXXVH,
376 2821 462 2855 270:
483 2818 555 2851 XL.
573 2821 653 2858 415,
674 2818 738 2852 ubi
756 2818 871 2852 fusius
888 2818 1098 2852 vindicatur
1116 2818 1303 2851 character
1319 2817 1429 2861 hujus
1449 2816 1538 2849 tacti
1556 2815 1804 2848 miraculosus.
1834 2813 1908 2846 Etsi

179 2873 275 2906 enim
289 2871 490 2905 Twisleton
507 2871 547 2905 in
565 2871 589 2905 1.
607 2871 683 2905 The
700 2873 838 2916 tongue
865 2872 931 2905 not
957 2871 1129 2904 essentie]
1155 2873 1194 2905 to
1225 2870 1368 2914 speech,
1400 2869 1555 2903 Londini
1578 2870 1665 2901 1873
1697 2880 1730 2911 p.
1750 2866 1908 2900 51—162

179 2935 280 2958 casus
297 2925 433 2958 referat
452 2928 495 2959 13
513 2934 650 2965 eorum,
668 2915 1277 2969 efflatimgffistoc'uffsunts
1291 2924 1420 2957 tamen
1438 2922 1568 2955 horum
1587 2919 1731 2963 loquela
1750 2928 1819 2951 non
1839 2917 1908 2950 fuit

179 2977 340 3022 perfecta
357 2979 394 3011 et
410 2977 541 3022 lingua
556 2977 775 3021 plerumque
802 2977 925 3011 excisa
952 2977 1025 3010 fuit·
1052 2978 1129 3010 arte
1158 2976 1349 3019 exquisita,
1378 2985 1451 3008 non
1478 2973 1667 3008 barbarice
1699 2973 1739 3004 ut
1768 2971 1805 3003 in
1826 2980 1908 3002 casu

180 3030 314 3064 nostro.
333 3029 487 3064 Accedit
500 3030 598 3073 quod
613 3030 684 3064 duo
700 3039 743 3063 ex
756 3029 832 3063 illis
847 3029 931 3063 fidei
946 3028 1104 3062 testibus
1118 3028 1301 3071 loquelam
1319 3027 1469 3071 propter
1482 3026 1670 3069 peccatum
1696 3022 1908 3056 amiserunt.

184 3094 254 3126 quo
273 3082 501 3127 significatur
518 3083 701 3127 loquelam
721 3093 793 3116 non
812 3081 924 3116 fuisse
943 3081 1164 3115 naturalem.
