2175 3382
256 144 340 185 482)
517 140 634 173 'Fi-act.
658 138 714 172 lV.
736 138 780 173 de
799 139 879 173 side.
899 138 1026 173 Thesis
1047 138 1185 172 LXXX.
1205 139 1255 172 Dc
1275 138 1484 183 cognitione
1504 138 1594 173 facti
1613 137 1721 172 revel.

254 275 340 301 nas.
386 274 485 309 quae
519 261 681 299 reddant
717 261 996 298 revelationem
1033 273 1071 298 se
1108 260 1188 309 ipsa
1224 260 1456 297 credibilem.
1513 260 1566 300 Cf.
1613 260 1659 298 de
1694 260 1752 298 his
1786 260 1988 299 erroribus

258 322 514 370 Kleutgen
538 320 572 357 d.
599 327 633 359 4.
658 334 686 359 c.
711 320 734 357 1.

370 415 466 456 466.
490 412 852 456 Demonstratio
875 425 917 466 p.
942 411 1032 453 ΙΙΙ.
1057 411 1178 450 Ratio
1202 411 1352 450 asserti
1375 410 1507 450 nostri
1530 415 1594 450 est
1616 410 1860 462 perspicua:
1885 423 1987 451 nam

257 483 456 524 revelatio
489 483 660 535 singulis
692 496 778 524 non
811 484 851 523 tit
877 494 976 535 [quo
1010 483 1051 522 in
1084 495 1184 522 casu
1218 483 1344 522 etiam
1378 494 1483 533 opus
1506 487 1618 522 esset
1640 482 1834 537 criteriis)
1857 482 1987 523 illius-

255 566 335 607 que
350 567 435 595 non
450 567 595 595 sumus
619 559 758 601 testes,
781 565 918 606 neque
941 553 1009 593 illa
1033 564 1107 605 per
1128 564 1174 593 se
1198 557 1260 592 est
1283 551 1465 599 evidens,
1489 551 1676 605 alioquin
1689 550 1879 594 Christus
1901 565 1989 595 non

254 625 501 666 instituisset
523 625 798 666 ministerium
823 624 1155 665 ecclesiasticum
1187 623 1239 663 ad
1263 634 1383 663 suam
1407 622 1645 663 doctrinam
1669 635 1989 676 quaquaversus

255 695 588 748 propagandam,
621 697 757 748 neque
780 695 936 736 Paulus
971 694 1243 736 inculcasset:
1276 692 1400 733 Fides
1421 708 1470 734 ex
1493 694 1664 745 auditu;
1694 695 1891 749 quomodo
1914 708 1987 736 au-

253 772 327 807 tem
362 767 531 808 audient
562 768 648 807 sine
674 766 983 820 praedicante?
1009 770 1086 808 etc.
1109 764 1230 805 Rom.
1258 769 1321 811 10,
1349 767 1412 807 17.
1440 768 1500 808 14.
1544 763 1631 804 Nisi
1662 776 1762 817 ergo
1784 765 1986 807 revelatio

253 837 463 879 credibilis
495 837 582 878 fieri
616 838 638 877 i.
662 849 695 878 e.
724 836 804 877 fide
836 837 959 888 digna
993 836 1276 876 demonstrari
1308 840 1456 886 potest,
1489 835 1759 887 impossibilis
1791 842 1854 877 est
1885 835 1989 878 fides

254 908 491 953 rationalis:
524 908 603 948 nisi
627 919 726 948 vero
759 907 921 948 idoneis
955 907 1213 959 argumentis
1245 911 1286 947 et
1317 906 1484 946 motivis
1508 906 1718 947 credibilis
1739 906 1828 948 fieri
1850 907 1988 954 debet,

257 980 371 1020 omni
404 978 538 1020 fraudi
572 984 612 1020 et
639 979 876 1031 deceptioni
899 978 985 1019 lata
1008 979 1195 1031 aperitur
1216 978 1296 1026 via,
1328 977 1512 1030 nullique
1534 977 1730 1030 prudenti
1753 977 1848 1019 fidei
1868 979 1988 1020 locus

254 1050 512 1103 relinquitur.
557 1049 764 1100 Quocirca
787 1049 977 1090 Christus
1009 1050 1133 1090 toties
1164 1054 1370 1101 provocat
1401 1049 1453 1089 ad
1486 1049 1701 1099 miracula,
1733 1062 1784 1091 ex
1807 1063 1987 1104 quorum

253 1122 492 1172 cognitione
524 1121 722 1173 supponit
748 1120 929 1173 judaeos
952 1121 1173 1173 pervenire
1195 1132 1320 1173 posse
1343 1119 1397 1161 ad
1419 1121 1676 1172 agnitionem
1699 1120 1866 1163 divinae
1889 1123 1988 1164 mis-

252 1192 392 1232 sionis.
423 1193 556 1246 Opera
581 1193 686 1233 enim
708 1206 812 1247 quae
834 1192 945 1232 dedit
969 1191 1069 1231 milei
1083 1194 1215 1233 Pater
1236 1196 1281 1231 ut
1298 1191 1514 1245 perficiam
1537 1206 1599 1245 ea,
1623 1193 1711 1247 ipsa
1735 1205 1862 1246 opera
1883 1207 1989 1248 quae

253 1276 321 1316 eqo
341 1264 469 1317 facio,
501 1264 772 1304 testimonium
792 1262 1007 1317 perhibent
1030 1263 1078 1303 (Ie
1100 1276 1174 1305 me.
1206 1264 1304 1317 quia
1327 1262 1454 1304 Pater
1476 1264 1588 1303 misit
1610 1276 1671 1303 me
1691 1263 1754 1304 Jo.
1777 1266 1815 1311 5,
1838 1266 1914 1313 363
1941 1265 1989 1307 Si

254 1346 331 1373 non
355 1333 464 1386 facio
487 1347 609 1387 opera
633 1332 776 1373 Patris
801 1334 889 1382 mei,
919 1333 1039 1373 nolite
1061 1333 1223 1372 credere
1246 1332 1357 1373 mihi.
1402 1332 1446 1373 Si
1469 1337 1604 1374 autem
1626 1332 1750 1386 faciO,
1772 1338 1808 1375 et
1829 1337 1865 1376 εἰ
1888 1335 1989 1376 mihi

255 1418 332 1446 non
356 1405 477 1446 vultis
500 1405 673 1459 credere,
696 1404 885 1459 operibus
907 1405 1069 1456 credite,
1092 1408 1134 1444 u!
1159 1405 1410 1455 cofflzoscatis
1431 1409 1467 1445 et
1489 1405 1668 1446 credatis
1681 1405 1780 1458 quia
1794 1404 1922 1446 Pater
1945 1406 1988 1446 in

251 1490 313 1516 me
334 1481 405 1529 est.
428 1482 463 1515 et
484 1489 552 1530 eqo
577 1478 617 1517 in
634 1475 761 1517 Patre
782 1475 844 1519 JO.
872 1480 936 1523 10,
960 1479 1036 1522 373
1060 1474 1107 1515 cf.
1123 1488 1157 1518 v.
1174 1479 1250 1523 253
1275 1479 1311 1524 3,
1336 1479 1383 1523 2;
1412 1479 1473 1524 14,
1501 1479 1573 1521 122
1597 1480 1664 1525 20,
1688 1480 1744 1521 30
1766 1489 1819 1525 S.;
1843 1476 1988 1519 Matth.

256 1552 319 1595 11.
342 1551 370 1590 4
392 1560 444 1588 ss.
469 1551 545 1588 etc.
568 1546 830 1599 Apologetae
861 1546 1075 1598 religionis
1107 1546 1363 1587 christianae
1395 1559 1565 1588 omnem
1589 1547 1792 1588 adhibent
1813 1547 1987 1600 diligen-

251 1620 365 1661 tiam.
397 1623 442 1658 ut
472 1617 746 1658 revelationis
779 1617 1036 1658 christianae
1067 1617 1224 1658 factum
1258 1618 1493 1658 rationibus
1523 1618 1709 1671 undique
1741 1619 1989 1672 conquisitis

251 1689 443 1741 probent,
475 1689 657 1730 scientes
689 1689 769 1729 hac
801 1688 938 1729 solum
970 1687 1223 1740 probatione
1255 1689 1490 1740 praemissa
1517 1689 1611 1741 jure
1634 1689 1840 1742 postulari
1861 1702 1988 1742 posse

252 1760 389 1803 fidem.
432 1758 572 1810 Quare
604 1764 645 1800 et
676 1758 900 1800 concilium
932 1759 1248 1800 vaticanum
1280 1759 1525 1800 solemniter
1555 1760 1638 1801 hoc
1669 1766 1879 1802 assertum
1910 1773 1990 1802 sua

253 1831 475 1872 confirmat
497 1831 752 1871 auctoritate
774 1830 926 1879 verbis,
950 1842 1059 1882 quae
1081 1842 1210 1882 supra
1232 1843 1271 1871 n.
1298 1833 1363 1874 18.
1387 1830 1649 1872 adduximus.

370 1913 594 1954 Rationem
620 1918 762 1954 autem
785 1925 911 1965 posse
934 1925 1194 1965 cognoscere
1217 1912 1506 1954 credibilitatis
1529 1914 1699 1962 motiva,
1722 1914 1874 1967 quibus
1889 1927 1986 1966 pro-

251 1985 377 2026 batur
398 1984 669 2025 revelationis
698 1983 867 2031 factum,
900 1984 1093 2025 doctrina
1117 1988 1181 2025 est
1203 1984 1425 2027 catholica.
1457 1988 1503 2025 ut
1524 1989 1640 2037 patet
1663 1996 1713 2025 ex
1735 1997 1852 2038 prop.
1875 1985 1986 2027 Bau-

252 2056 381 2097 tainio
406 2055 460 2096 ad
482 2055 832 2096 subscribendum
856 2055 1083 2108 propositis
1108 2059 1145 2099 2.
1161 2059 1197 2100 3.
1221 2059 1259 2099 4.
1274 2060 1300 2100 Ξ)
1324 2060 1366 2096 et
1387 2059 1427 2104 6,
1449 2067 1558 2108 quae
1581 2056 1640 2096 ita
1661 2055 1810 2097 habet:
1840 2056 1986 2107 „Ratio

252 2139 348 2168 cum
371 2126 621 2167 certitudine
644 2126 1009 2167 authenticitatem
1041 2126 1312 2167 revelationis
1329 2126 1498 2179 judaeis
1519 2139 1595 2179 per
1616 2126 1790 2180 Moysen
1812 2133 1854 2168 et
1875 2127 1986 2168 chri-

252 2199 398 2239 stianis
420 2210 495 2250 per
514 2196 546 2240 J.
563 2196 775 2238 Christum
798 2196 935 2238 factae
958 2196 1141 2249 probare
1163 2197 1308 2239 valet.“
1338 2197 1452 2238 Idem
1475 2197 1599 2238 docet
1620 2197 1744 2239 Pius
1766 2197 1844 2248 IX„
1868 2198 1988 2251 cujus

251 2269 382 2310 verba
423 2268 614 2310 dedimus
655 2281 694 2308 n.
728 2272 783 2312 94
815 2274 970 2317 annot„
1012 2280 1063 2309 ae
1094 2268 1264 2309 demum
1307 2267 1493 2309 definivit
1523 2280 1641 2309 conc.
1672 2269 1987 2310 vaticanum

251 2351 351 2380 sess.
376 2343 401 2384 3
425 2351 515 2379 can.
538 2343 566 2382 4
597 2339 649 2380 de
671 2339 771 2380 fide:
807 2337 878 2387 „Si
907 2340 1000 2392 quis
1022 2339 1174 2380 dixerit
1195 2376 1202 2383 .
1227 2373 1234 2380 .
1259 2373 1266 2380 .
1289 2339 1495 2380 miracula
1517 2344 1633 2380 certo
1656 2341 1856 2392 cognosci
1876 2353 1985 2381 nun-

252 2422 380 2463 quam
404 2422 540 2462 posse,
572 2422 651 2451 nec
682 2411 732 2450 iis
754 2410 939 2451 divinam
962 2411 1174 2462 religionis
1197 2410 1452 2451 christianae
1475 2411 1679 2462 originem
1701 2411 1780 2452 rite
1802 2410 1987 2463 probari,

253 2481 300 2523 A.
323 2479 386 2522 S.“
426 2480 636 2522 Probatur
659 2483 836 2523 assertio
871 2488 961 2524 tota
983 2483 1195 2535 religionis
1218 2483 1474 2524 christianae
1497 2483 1703 2536 apologia.
1736 2484 1851 2525 Haec
1873 2485 1984 2525 enim

254 2552 437 2593 ostendit
467 2553 623 2605 requiri
647 2552 787 2605 aliqua
809 2553 1080 2594 revelationis
1102 2554 1282 2599 criteria,
1314 2559 1355 2595 et
1376 2554 1534 2595 indicat
1555 2566 1767 2607 quaenam
1788 2554 1859 2595 illa
1880 2555 1986 2603 sint;

253 2628 295 2664 et
316 2627 541 2676 postquam
575 2636 624 2664 ea
647 2624 689 2664 in
720 2624 923 2676 religione
946 2625 1177 2666 christiana
1198 2625 1374 2667 rationis
1397 2626 1525 2667 ductu
1546 2627 1703 2678 reperit
1724 2631 1766 2667 et
1787 2639 1985 2680 compro-

252 2693 379 2743 bavit,
411 2693 561 2735 eodem
592 2695 768 2735 rationis
799 2695 968 2743 lumine,
998 2709 1086 2737 non
1117 2697 1210 2748 ipsa
1243 2696 1504 2737 revelatione
1525 2697 1669 2738 innixa
1691 2697 1865 2738 ulterius
1886 2710 1985 2750 pro-

252 2764 446 2816 grediens
477 2775 573 2804 cum
605 2765 721 2806 omni
752 2766 1000 2808 certitudine
1030 2766 1152 2808 infert
1185 2770 1238 2821 (n.
1263 2767 1348 2823 97),
1380 2767 1683 2809 revelationem
1710 2769 1987 2810 christianam

253 2835 420 2876 divinae
443 2847 536 2876 esse
560 2836 741 2887 originis.

373 2927 468 2962 467.
506 2921 647 2959 Sedulo
670 2924 802 2959 tamen
824 2926 994 2969 notetur,
1027 2925 1173 2961 motiva
1202 2924 1479 2962 credibilitatis
1514 2925 1587 2962 etsi
1618 2925 1665 2962 iis
1696 2924 1871 2962 homines
1901 2937 1983 2962 mo-

251 2982 405 3026 ventur,
428 2980 683 3025 inducuntur,
707 2981 969 3030 disponuntur
991 2983 1038 3019 ad
1060 2983 1185 3028 fidem,
1207 2983 1535 3031 revelationisque
1556 2984 1700 3021 factum
1724 2986 1874 3021 certum
1896 2983 1984 3020 red-

253 3040 372 3085 ditur,
407 3052 610 3088 nunquam
633 3040 871 3077 constituere
892 3041 1024 3090 ipsum
1055 3042 1249 3079 motivum
1279 3042 1441 3079 formale
1473 3042 1734 3080 intrinsecum
1764 3043 1853 3080 fidei
1884 3042 1983 3080 chri-

254 3099 401 3136 stianae
424 3101 463 3136 et
484 3098 737 3149 theologicae.
779 3099 959 3136 Primum
981 3103 1100 3148 patet,
1133 3114 1223 3138 nam
1258 3113 1345 3138 cum
1368 3101 1428 3138 his
1449 3101 1608 3139 motivis
1640 3114 1710 3139 seu
1741 3101 1985 3151 argumentis
