2175 3382
238 150 316 188 115*
661 141 779 175 'l'ract.
801 142 823 175 1.
842 141 1028 186 Apologia
1046 140 1150 186 relig.
1170 142 1296 175 christ.
1315 142 1538 176 concionum

357 271 446 304 104.
471 262 536 304 II.
560 264 673 301 desus
695 265 955 313 triumphator
978 265 1124 301 nobilis.
1151 264 1309 301 Messias
1330 264 1556 313 praedictus
1579 269 1637 302 est
1661 265 1738 301 dux
1762 266 1967 314 gloriosus

232 324 355 372 Atqui
379 324 557 361 Christus
579 323 656 360 (lux
680 323 941 372 triumphavit
965 327 1001 361 et
1026 323 1185 372 quidem
1208 323 1409 372 triumpho
1433 323 1688 361 nobilissimo.

351 391 392 434 l.
416 394 585 431 Trium
599 407 622 442 p
636 394 799 431 havit:
823 397 919 443 quot
942 394 1045 431 enim
1062 405 1102 434 a.
1121 394 1195 431 sibi
1219 394 1383 441 subjecit
1405 394 1583 432 nationes
1600 393 1653 446 (n.
1674 403 1738 434 71.
1758 393 1828 447 ⁸0)
1852 407 1968 444 quam

231 454 404 502 amplum
427 453 600 491 condidit
632 466 817 503 1·egnum;
850 454 933 502 ipse
957 453 1058 490 enim
1083 455 1163 490 stat
1187 455 1222 490 in
1247 455 1397 503 siynum
1413 454 1660 502 populorum,
1695 454 1825 502 ipsum
1846 459 1970 503 yeme-3

231 513 536 561 deprecabuntur
559 517 591 549 et
614 514 685 549 erit
706 513 921 561 sepulcrum
945 513 1025 558 ejus
1044 513 1250 562 qlorioszcm
1275 513 1322 549 Is.
1352 520 1413 557 11,
1444 520 1491 552 11)
1511 527 1518 557 ς

407 569 453 612 b.
478 574 625 621 quanta
648 572 858 620 rapiditate
881 579 934 623 (pn.
961 568 1053 623 89);

409 640 448 670 (3.
472 643 589 679 quam
612 630 846 668 diuturnum
869 633 930 667 est
952 631 1075 679 ipsius
1098 643 1264 680 regnum
1287 642 1484 679 quamque
1508 631 1698 668 invictum
1724 629 1777 683 (n.
1804 630 1897 684 83);

408 688 453 729 d.
477 703 593 738 quam
616 690 846 734 universale,
875 690 949 727 sibi
972 689 1077 727 enim
1100 689 1268 737 subjecit
1298 692 1466 727 totum
1491 690 1697 734 hominem,
1722 690 1969 728 intellectum

231 749 316 794 fide,
348 750 593 786 voluntatem
617 749 851 793 obedientia,
885 761 948 786 eor
971 761 1111 794 amore,
1144 749 1247 786 vires
1269 749 1477 796 omniaque
1500 749 1673 786 membra
1695 749 1968 787 mandatorum

232 821 392 846 suorum
413 808 670 853 exsecutione,
695 808 735 845 in
758 808 864 845 omni
887 808 968 845 scil.
992 808 1127 845 ordine
1150 808 1424 853 intellectuali,
1447 808 1601 852 morali,
1625 808 1766 845 sociali.

349 877 390 919 ⁵2.
414 879 683 927 Triumphavit
704 879 905 927 triumpho
927 878 1282 917 nobilissimo:
1305 878 1566 927 triumphavit
1587 879 1691 916 enim

409 948 448 977 a.
472 938 691 987 spargendo
713 938 945 987 sanguinem
969 951 1096 984 suum,
1130 950 1210 975 non
1233 938 1464 987 sanguinem
1487 950 1632 984 eorum,
1657 951 1755 986 quos
1780 939 1969 987 subjecit;

231 1010 308 1035 non
331 997 447 1034 armis
470 1000 507 1033 et
530 999 688 1043 terrore,
714 996 780 1034 sed
803 997 989 1046 exemplis
1012 1000 1051 1034 et
1074 1010 1205 1042 cruce;

410 1054 455 1096 b.
480 1068 559 1093 non
581 1055 783 1093 inferendo
806 1056 958 1101 damna,
984 1056 1051 1094 sed
1073 1056 1296 1106 elargiendo
1318 1056 1439 1101 bona;

409 1124 449 1155 (3.
473 1115 669 1152 reddendo
701 1115 774 1152 sibi
807 1116 1004 1164 subjectos
1039 1128 1117 1153 non
1139 1115 1332 1164 mancipia
1355 1118 1395 1152 et
1418 1127 1560 1162 servos,
1595 1115 1663 1152 sed
1685 1116 1838 1161 amicos,
1872 1116 1970 1154 filios

231 1174 312 1220 Dei,
336 1174 449 1223 regni
472 1174 652 1211 coelestis
673 1174 856 1212 haeredes
880 1172 932 1227 (n.
959 1172 1055 1227 53)·,

408 1231 454 1272 d.
477 1233 664 1271 lucrando
687 1233 935 1271 subditorum
956 1233 1243 1283 gratitudinem
1265 1236 1303 1271 et
1325 1246 1496 1271 amorem
1516 1246 1684 1282 eumque
1698 1234 1968 1279 tenerrimum,

231 1304 449 1341 operosum,
472 1294 655 1341 paratum
677 1293 723 1329 ad
746 1293 940 1339 sacrificia,
971 1293 1171 1330 heroicum
1200 1293 1248 1330 ad
1271 1293 1500 1330 effusionem
1522 1305 1647 1341 usque
1671 1293 1895 1343 sanguinis:
1920 1293 1972 1330 Et

232 1364 293 1401 eqo
324 1353 359 1388 si
380 1352 569 1389 exaltatus
591 1353 699 1400 fuero
731 1365 753 1388 α
783 1357 899 1398 terra,
934 1354 1061 1389 omm'a
1084 1353 1237 1390 traham
1260 1353 1310 1389 ad
1333 1354 1518 1401 meipsum
1541 1352 1601 1389 Jo.
1632 1358 1692 1397 12,
1720 1358 1770 1393 32
1805 1350 1859 1405 (n.
1886 1349 1969 1406 88).

355 1441 447 1475 105.
470 1431 562 1474 ΙΠ.
587 1435 736 1484 Religio
759 1435 971 1472 christiana
994 1432 1079 1486 (seu
1100 1436 1240 1472 melius
1254 1432 1439 1487 Ecclesia)
1462 1447 1627 1484 regnum
1651 1436 1711 1472 est
1733 1435 1969 1473 messianum

232 1493 424 1530 divinitus
445 1493 700 1542 praedictum.
724 1494 836 1531 Jeszcs
858 1507 944 1544 erqo
967 1494 1139 1532 Messias.
1162 1494 1341 1544 Regnum
1363 1496 1422 1532 est
1444 1494 1679 1531 messianum

353 1561 392 1604 l.
417 1577 437 1602 o
452 1565 673 1614 riginem
709 1565 742 1602 si
765 1567 936 1615 spectes:
969 1578 990 1602 a
1011 1565 1256 1603 tenuissimis
1279 1565 1383 1603 enim
1405 1565 1626 1614 originibus
1652 1565 1843 1614 incipiens
1865 1562 1972 1618 (con-

233 1624 360 1661 sidera
391 1623 494 1661 enim
516 1623 625 1661 illius
647 1626 845 1661 auctorem
867 1624 892 1662 J
895 1636 1005 1662 esum
1036 1625 1220 1673 pauperis
1243 1624 1409 1674 virginis
1431 1624 1557 1661 filium
1581 1624 1623 1661 in
1644 1625 1844 1674 praesepio
1865 1626 1972 1674 posi-

230 1684 329 1728 tum,
360 1695 447 1720 mox
479 1682 644 1720 insidias
665 1683 831 1721 Herodis
863 1683 1084 1732 fugientem
1107 1681 1195 1737 etc.)
1224 1683 1409 1727 invaluit,
1442 1684 1665 1732 praevaluit
1687 1686 1726 1721 et
1748 1683 1890 1732 lapidis
1911 1685 1971 1722 in-

232 1743 312 1779 star
342 1742 424 1779 sine
446 1741 630 1779 manibus
667 1742 713 1779 de
744 1743 944 1780 montibus
976 1742 1137 1780 abscissi
1160 1740 1294 1795 (quem
1315 1742 1452 1779 Daniel
1474 1742 1575 1780 vidit
1610 1748 1645 1789 2,
1681 1750 1734 1783 34
1758 1740 1826 1795 ss.)
1849 1744 1972 1781 crevit

231 1801 498 1849 contrivitque
532 1801 743 1850 imperium
763 1814 980 1845 romanum,
1014 1804 1210 1851 quatenus
1231 1802 1273 1839 in
1295 1802 1364 1839 illo
1386 1802 1589 1839 incarnata
1611 1802 1722 1839 velut
1743 1804 1827 1839 erat
1848 1802 1971 1840 idolo-

230 1860 356 1905 latria,
381 1860 618 1898 contritione
639 1861 754 1909 plane
777 1861 1010 1907 admirabili,
1035 1861 1068 1897 si
1090 1861 1328 1899 tenuitatem
1350 1861 1570 1898 mediorum
1584 1873 1629 1898 ex
1641 1864 1754 1910 parte
1766 1861 1970 1911 religionis

232 1919 466 1956 christianae
490 1922 529 1956 et
550 1932 666 1965 arma,
691 1920 835 1968 quibus
857 1920 1094 1957 instructum
1117 1923 1199 1958 erat
1221 1933 1389 1970 regnum
1402 1923 1557 1957 satanae
1572 1920 1793 1958 consideres
1809 1917 1862 1973 (n.
1880 1921 1971 1970 81);

231 1979 392 2027 ejusque
414 1978 456 2015 in
478 1979 605 2015 locum
630 1979 818 2016 successit
839 1981 1042 2028 tamquam
1064 1980 1165 2016 illud
1195 1992 1373 2029 regnum,
1407 1979 1511 2028 quod
1534 1979 1660 2016 Deum
1684 1979 1971 2017 suscitaturum

230 2037 421 2086 praedixit
442 2037 577 2075 Daniel
599 2038 651 2075 ib.
673 2051 708 2075 v.
734 2044 799 2078 44.
842 2039 911 2075 Est
933 2051 1097 2088 regnum
1120 2039 1357 2076 messianum

349 2106 392 2148 2.
417 2108 759 2146 latitudinem
782 2109 816 2146 si
838 2110 998 2158 spectes,
1022 2122 1112 2146 nam
1133 2109 1175 2146 in
1197 2121 1240 2146 eo
1264 2109 1488 2146 dominatur
1508 2109 1685 2147 Christus
1699 2123 1719 2146 a
1734 2111 1833 2147 mari
1846 2122 1972 2159 usque

230 2167 278 2203 ad
299 2179 405 2204 mare
431 2171 470 2204 et
490 2167 731 2216 pedetentim
755 2168 830 2205 sibi
852 2170 990 2217 gentes
1013 2180 1139 2217 usque
1161 2168 1208 2205 ad
1230 2169 1448 2205 extremum
1470 2170 1597 2205 terrae
1620 2168 1789 2217 subjicit.

348 2237 390 2279 3.
414 2238 486 2275 Est
508 2251 675 2288 regnum
698 2239 938 2276 messianum
960 2239 1124 2276 alterius
1146 2239 1260 2288 plane
1282 2239 1444 2276 rationis
1468 2252 1489 2276 a
1509 2239 1642 2288 regnis
1665 2239 1889 2285 mundanis,
1913 2242 1972 2277 est

231 2297 331 2334 enim
356 2297 474 2334 etiam
496 2298 760 2335 internum
782 2300 914 2335 totum
935 2298 1149 2346 pervadens
1171 2298 1378 2344 hominem,
1410 2300 1539 2335 totum
1563 2298 1637 2335 sibi
1659 2299 1879 2347 subjiciens,
1909 2299 1970 2336 in-

231 2356 447 2401 tellectum,
473 2369 628 2394 omnem
649 2357 904 2402 voluntatem,
929 2369 992 2394 cor
1013 2359 1132 2406 atque
1155 2357 1330 2395 affectus.
1372 2357 1443 2394 Est
1464 2357 1701 2395 messianum

350 2423 391 2467 4.
415 2427 448 2464 si
471 2427 742 2473 virtutem,
776 2427 984 2466 efficaciam
1017 2428 1259 2465 consideres:
1297 2428 1372 2465 sibi
1403 2428 1508 2465 enim
1539 2429 1706 2477 subjecit
1738 2429 1970 2477 domuitque

231 2485 410 2523 nationes
424 2486 604 2532 incultas,
626 2487 822 2532 barbaras,
835 2487 1187 2536 anthropophagas,
1210 2500 1272 2525 eas
1286 2489 1516 2525 convertens
1528 2487 1570 2524 in
1584 2489 1816 2533 mansuetas,
1832 2488 1968 2534 cultas,

232 2544 432 2590 humanas,
456 2548 501 2582 ut
524 2557 641 2583 sensu
662 2546 870 2594 spirituali,
901 2558 1016 2584 sensu
1037 2547 1195 2596 proprio
1218 2547 1334 2596 longe
1357 2546 1594 2592 sublimiori,
1628 2546 1853 2595 adimpleta,
1887 2559 1967 2584 cer-

231 2615 299 2640 nas
320 2603 371 2640 ls.
392 2612 454 2649 11,
474 2610 518 2643 6:
542 2604 741 2653 Habitabit
763 2606 875 2653 lupus
897 2618 982 2642 cum
1003 2617 1099 2655 ayno
1123 2610 1154 2642 et
1173 2606 1324 2654 pardus
1346 2617 1430 2642 cum
1451 2606 1565 2643 hoedo
1587 2605 1795 2653 accubabit,
1827 2604 1968 2644 vitulus

232 2667 264 2699 et
285 2663 337 2698 leo
361 2667 392 2698 et
414 2665 495 2700 ozris
516 2664 631 2700 simul
652 2664 907 2702 morabuntur
929 2669 962 2701 et
978 2677 1080 2712 puer
1095 2665 1287 2713 parvulus
1308 2665 1470 2701 minabit
1491 2677 1551 2702 eos
1572 2667 1643 2702 etc.
1665 2663 1728 2714 (cf.
1755 2671 1806 2705 53
1825 2662 1871 2717 2).

349 2731 392 2772 5.
415 2733 483 2770 Est
514 2734 751 2772 messianum
781 2734 936 2772 ratione
958 2735 1091 2772 habita
1108 2735 1399 2787 fructuum,
1431 2748 1522 2772 nam
1543 2734 1734 2784 religione
1757 2735 1969 2772 christiana

232 2789 273 2844 (i.
297 2804 328 2829 e.
350 2804 420 2840 per
440 2792 666 2841 Ecclesiam)
698 2793 885 2831 innovata
915 2796 973 2831 est
1006 2793 1121 2831 facies
1142 2796 1269 2831 terrae
1291 2794 1333 2830 in
1355 2794 1489 2831 ordine
1511 2794 1785 2840 intellectuali,
1817 2795 1966 2840 morali,

232 2851 376 2896 sociali,
399 2863 442 2888 ea
462 2851 712 2894 innovatione
735 2853 890 2900 qualem
912 2853 1069 2890 nullum
1090 2865 1266 2901 unquam
1288 2865 1464 2902 regnum,
1492 2853 1650 2890 nullum
1670 2853 1884 2890 humanum
1907 2853 1967 2890 in-

231 2909 347 2947 duxit
367 2909 617 2954 institutumg
642 2911 825 2948 solatium
846 2911 984 2951 attulit
1005 2911 1171 2956 afflictis,
1191 2912 1379 2960 juvamen
1401 2911 1566 2957 miseris,
1589 2912 1766 2949 levamen
1780 2912 1964 2961 gravatis,

232 2968 420 3018 gaudium
440 2969 718 3014 moerentibus,
743 2970 931 3008 auxilium
956 2970 1141 3008 infirmis:
1177 2983 1304 3018 neque
1326 2971 1430 3008 enim
1451 2970 1702 3019 promissioni
1725 2982 1817 3008 suae
1840 2970 1967 3008 defuit

233 3027 303 3076 qui
325 3027 445 3065 dixit:
487 3027 612 3064 Venice
645 3029 696 3065 ad
725 3041 780 3065 me
802 3041 929 3067 omnes
951 3031 1016 3079 qui
1037 3027 1220 3067 laboratis
1242 3035 1275 3066 et
1297 3031 1443 3068 onerati
1465 3030 1553 3067 estis
1574 3034 1607 3066 et
1628 3041 1690 3079 eqo
1714 3030 1881 3077 reficiam
1906 3042 1966 3067 cos

231 3087 368 3124 Matth.
398 3094 460 3132 11,
487 3092 537 3127 28
564 3083 627 3138 (cf.
650 3099 686 3124 n.
713 3093 763 3127 es
783 3085 829 3140 4).
