2175 3382
252 165 305 203 fflj
613 156 731 189 'ri-act.
754 156 776 191 l.
798 156 981 199 Apologia
1001 155 1103 199 relig.
1122 155 1245 189 christ.
1265 155 1393 189 'l‘hesis
1413 155 1504 189 Xix.
1526 155 1616 189 Mira

372 278 410 319 l.
445 275 592 327 ingens
625 287 792 315 morum
834 275 1120 326 corruptio
1155 275 1377 327 omnisque
1411 274 1569 315 ordinis
1601 274 1835 323 subversio,
1876 287 1984 328 quae

250 352 440 397 tempore
463 345 669 386 adventus
693 346 846 386 Christi
878 345 1032 398 ubique
1065 346 1249 397 gentium
1284 345 1424 396 viguit,
1457 345 1576 397 cujus
1609 349 1739 385 testes
1770 349 1868 386 sunt
1898 357 1984 386 non

248 417 385 458 solum
410 417 590 469 apostoli
613 416 732 457 Rom.
760 420 795 464 1,
819 418 875 459 24
898 429 940 456 ss
961 431 970 461 ;
1008 420 1027 459 1
1054 415 1147 458 Cor.
1173 420 1210 464 (3,
1235 420 1260 459 9
1284 429 1337 455 ss.
1361 420 1452 463 etc.,
1484 427 1571 456 non
1593 414 1731 455 solum
1755 420 1908 467 patres,
1940 420 1986 456 ut

248 487 628 528 Tertullianus
651 487 770 539 Apol.
794 499 852 528 cc.
876 491 913 530 9.
943 490 1004 529 lsi.
1028 490 1083 529 4⁴3
1109 500 1151 534 s,
1186 487 1495 539 Cyprianus
1519 497 1582 538 ep.
1611 490 1628 529 1
1654 498 1692 526 n.
1717 488 1755 535 6,
1777 485 1982 527 Minucius

247 558 398 599 Felix
431 559 473 599 in
496 556 673 599 Octavio
698 574 730 598 c.
756 560 810 601 28
834 571 886 598 ss.
911 562 1000 606 etc„
1035 557 1108 598 sed
1133 557 1196 597 vel
1220 557 1298 609 ipsi
1322 557 1551 609 scriptores
1575 556 1750 608 gentiles
1772 558 1812 611 ¹).
1860 556 1982 598 Ratio

248 630 360 670 enim
384 635 548 670 tantum
571 629 781 670 habeatur
803 633 939 669 status
963 628 1232 676 matrimonii,
1266 627 1461 676 familiae,
1494 627 1768 668 institutionis
1790 627 1982 676 tiliorum,

247 712 479 749 servorum,
512 701 660 749 cultus,
693 700 811 751 cujus
835 698 1049 750 objectum
1073 704 1195 739 erant
1217 710 1345 751 saepe
1369 698 1432 739 vel
1456 685 1727 750 turpissimae
1751 702 1983 751 passiones,

246 772 401 813 rituum
426 772 583 812 ell'rena
605 770 734 811 libido
759 774 835 811 etc.

364 844 405 886 ⁶2.
428 842 682 883 Attendatur
705 841 877 882 evidens
909 842 1198 881 innovatio
1231 840 1458 882 subsecuta
1486 841 1527 881 in
1558 840 1674 880 omni
1697 839 1857 889 ordine,
1889 839 1988 880 reli-

245 915 376 965 gioso,
408 913 692 961 intellectuali,
725 912 882 960 sociali,
915 911 1077 961 morali,
1111 923 1306 964 quaeque
1330 923 1375 952 se
1398 910 1582 963 prodidit
1605 911 1760 951 eximia
1782 910 1982 951 virtutum

245 984 421 1033 cultura,
444 984 563 1036 cujus
578 984 676 1024 facti
692 988 820 1025 testes
835 988 932 1024 sunt
946 996 1031 1024 non
1054 983 1192 1024 solum
1215 997 1256 1026 a.
1283 987 1425 1036 patres
1442 985 1487 1039 2),
1511 994 1659 1024 verum
1681 984 1728 1026 1).
1754 982 1833 1034 ipsi
1854 982 1982 1023 etiam

245 1055 431 1107 gentiles,
462 1056 532 1108 qui
566 1056 724 1108 passim
757 1055 857 1096 fassi
888 1060 984 1096 sunt
1017 1055 1068 1095 de
1092 1055 1335 1095 christianis
1358 1054 1583 1102 accusatiS,
1615 1052 1727 1106 quod
1750 1052 1910 1093 Pilatus
1931 1052 1983 1093 de

246 1125 425 1174 Christo,
458 1138 502 1167 se
535 1126 693 1167 nullam
727 1127 769 1166 iri
800 1126 901 1178 ipsis
932 1126 1020 1166 sive
1053 1125 1201 1166 mortis
1233 1126 1321 1166 sive
1344 1136 1509 1178 poenae
1533 1136 1708 1165 causam
1731 1123 1919 1164 invenire
1937 1124 1984 1178 3).

243 1196 333 1237 Huc
355 1196 502 1238 referri
525 1211 566 1240 c.
590 1202 768 1249 possunt
782 1197 998 1255 Q
1013 1197 1322 1246 accusationes,
1346 1196 1458 1249 quod
1483 1195 1701 1236 christiani
1723 1194 1983 1235 abstinerent

244 1280 269 1308 a
301 1267 569 1319 spectaculis,
601 1268 779 1319 pompis,
810 1267 918 1307 ludis
951 1266 1212 1307 circensibus
1240 1271 1318 1308 etc.
1364 1265 1633 1319 Quapropter
1657 1266 1701 1309 (l.
1724 1264 1985 1307 confidenter

243 1338 640 1387 Tertullianus,
673 1338 727 1379 ad
759 1343 855 1378 acta
886 1350 1126 1390 provocans
1145 1337 1373 1389 judicialia,
1406 1336 1671 1400 praesidibps
1705 1336 1873 1377 romani
1903 1337 1981 1376 im-

242 1410 348 1461 perii
370 1409 510 1450 dicere
533 1409 670 1461 potuit
692 1408 811 1461 Apol.
827 1412 953 1452 catal:
984 1408 1183 1469 „Vestros
1201 1410 1292 1461 jam
1316 1380 1761 1456 Sontesffafflffffiiit'fis,
1785 1407 1855 1460 qui
1877 1419 1983 1460 quo·
2069 1453 2080 1466 ο

178 1488 197 1512 f
241 1480 343 1521 tidie
353 1480 594 1533 judicandis
609 1480 812 1520 custodiis
826 1470 1109 1532 praesidetis.
1134 1513 1140 1520 .
1165 1513 1172 1520 .
1197 1479 1248 1520 de
1272 1479 1422 1520 vestris
1446 1490 1614 1531 semper
1637 1483 1804 1519 aestuat
1825 1454 2175 1584 carcerffl

146 1565 153 1570 ·
243 1551 294 1592 de
326 1551 477 1592 vestris
500 1563 669 1603 semper
691 1550 863 1591 metalla
885 1551 1120 1603 suspirant,
1154 1551 1206 1591 de
1237 1551 1389 1591 vestris
1411 1561 1580 1602 semper
1602 1549 1764 1590 bestiae
1788 1551 1966 1601 saginari

163 1616 184 1649 Ὺ
241 1627 330 1672 tur;
365 1622 416 1663 de
447 1622 600 1663 vestris
632 1633 800 1674 semper
823 1622 1055 1662 munerarii
1077 1622 1304 1662 noxiorum
1328 1633 1475 1673 greges
1498 1626 1690 1673 pascunt.
1733 1620 1868 1662 Nemo
1899 1620 1982 1661 illic
2042 1569 2122 1656 &aad

242 1693 507 1742 christianus,
538 1693 620 1734 nisi
650 1693 732 1734 hoc
764 1697 930 1733 tantum
955 1693 969 1748 (
974 1693 996 1735 i.
1021 1704 1054 1736 e.
1077 1704 1165 1733 non
1187 1698 1361 1745 propter
1384 1692 1498 1733 aliud
1521 1693 1694 1739 crimen,
1718 1703 1847 1744 quam
1871 1691 1983 1744 quod

241 1762 366 1804 fidem
389 1764 637 1816 profiteatur
659 1764 967 1820 christianam),
999 1768 1071 1805 aut
1103 1764 1138 1804 si
1174 1768 1215 1804 et
1238 1763 1364 1817 aliud,
1393 1763 1483 1816 jam
1507 1776 1593 1804 non
1616 1763 1871 1805 christianus
1894 1763 1985 1818 (aut

181 1826 183 1828 ’
209 1863 212 1865 —
242 1835 277 1875 si
308 1839 372 1876 est
401 1835 459 1875 ibi
489 1841 663 1888 propter
686 1835 800 1876 aliud
822 1837 994 1884 crimen,
1027 1840 1142 1876 certe
1160 1836 1250 1888 Jam
1274 1835 1425 1876 defecit
1447 1848 1472 1876 a
1495 1835 1576 1876 tide
1599 1834 1883 1890 christiana).“
1932 1828 1982 1873 Et

242 1906 296 1946 ad
325 1904 552 1959 Scapulam
576 1906 744 1947 Africae
776 1906 1017 1959 praesidem
1049 1906 1241 1947 scribens
1274 1906 1512 1948 affirmate.
1538 1911 1575 1956 2,
1609 1906 1865 1947 christianos
1896 1916 1982 1945 non

242 1976 410 2018 aliunde
434 1989 527 2018 esse
550 1977 790 2027 noscibiles,
823 1990 953 2030 quam
986 1978 1038 2019 de
1061 1977 1362 2019 emendatione
1385 1978 1596 2019 vitiorum.
1639 1977 1729 2018 Huc
1752 1979 1918 2028 spectat
1938 1988 1979 2018 e.

242 2046 467 2088 admiratio
490 2046 717 2098 gentilium,
741 2048 775 2088 si
798 2047 969 2100 quando
994 2047 1226 2089 audiebant
1241 2048 1520 2089 christianum
1544 2048 1728 2101 aliquem
1752 2058 1846 2088 esse
1869 2046 1985 2087 frau-

241 2117 471 2166 dulentum,
494 2118 712 2168 immitem,
735 2123 825 2167 eto,
847 2123 893 2159 ut
914 2118 1027 2159 idem
1050 2120 1169 2159 testis
1192 2123 1255 2159 est
1276 2118 1299 2162 l.
1326 2123 1360 2162 1.
1385 2118 1439 2160 ad
1462 2119 1658 2160 nationes
1681 2130 1716 2161 c,
1744 2121 1780 2161 1.

361 2202 399 2244 3.
427 2205 524 2242 Prae
546 2205 669 2242 oculis
692 2205 909 2243 habeantur
931 2205 1131 2254 speciatim
1154 2206 1373 2255 singulares
1395 2205 1546 2253 aliquae
1567 2206 1751 2249 virtutes,
1785 2215 1882 2252 quas
1905 2215 1983 2240 non

240 2263 592 2312 quomodocunque
615 2265 681 2301 sed
704 2264 830 2314 gradu
852 2265 1006 2301 heroico
1029 2265 1231 2302 excerceba
1241 2268 1282 2302 nt
1302 2268 1362 2302 tot
1384 2265 1594 2303 christiani.
1637 2264 1740 2308 Quas
1762 2263 1866 2300 inter
1887 2262 1982 2299 emi-

241 2324 359 2359 nent:
383 2332 425 2362 a.
462 2323 685 2375 CQSAEAEES
719 2324 914 2373 angelica,
947 2337 1065 2372 quam
1086 2323 1251 2372 plurimi
1272 2323 1451 2361 colebant
1481 2326 1520 2361 et:
1551 2323 1709 2372 quidem
1730 2321 1984 2360 nobilissimis
2031 2310 2129 2429 μβ

213 2393 284 2432 <ex
315 2381 474 2430 familiis
504 2382 690 2431 virgines,
726 2395 825 2431 quae
855 2385 1053 2420 tormenta
1084 2383 1288 2431 ipsamque
1320 2388 1485 2420 mortem
1514 2382 1805 2431 praeferebant,
1842 2380 1995 2430 spretis,
2018 2418 2031 2433 k

240 2440 357 2476 etiam
392 2441 609 2489 splendidis
644 2442 841 2490 licitisque
876 2442 1038 2490 nuptiis,
1075 2442 1208 2490 potius
1241 2455 1359 2490 quam
1394 2454 1478 2479 eam
1511 2441 1650 2479 violari
1685 2445 1916 2490 paterentur
1930 2434 2017 2492 ⁴²)sss'

387 2585 409 2629 ¹)
429 2583 480 2618 Cf.
500 2585 534 2618 N
548 2596 567 2619 0
580 2598 602 2619 u
615 2597 693 2629 rry
713 2586 751 2619 in
769 2585 855 2619 diss.
876 2586 922 2619 ad
941 2585 1161 2619 Tertulliani
1181 2586 1410 2631 Apologetic.
1431 2596 1460 2620 C.
1483 2588 1524 2620 13
1544 2597 1575 2620 a.
1595 2589 1628 2619 4.
1650 2590 1688 2620 5:
1718 2584 1952 2629 Delliuge
1965 2596 1982 2617 r

240 2637 378 2680 passini
395 2637 434 2670 in
453 2649 511 2682 op.
532 2639 784 2672 Heidenthum
803 2639 878 2672 und
897 2639 1138 2673 Judenthum.

385 2694 409 2733 2)
429 2691 709 2725 Abstinebimus
727 2691 765 2725 in
783 2702 822 2725 re
841 2692 1005 2726 evidenti
1024 2693 1070 2726 ab
1089 2692 1285 2726 afferendis
1300 2694 1451 2737 patrum
1467 2691 1706 2729 testimoniis,
1728 2691 1792 2724 sed
1810 2691 1982 2736 legantur

238 2742 336 2776 inter
353 2744 532 2787 opuscula
551 2755 572 2777 a
589 2745 696 2779 nobis
724 2744 826 2779 edita
844 2756 899 2790 ep.
919 2745 965 2779 ad
984 2745 1209 2790 Diognetum
1226 2757 1273 2779 cc.
1296 2752 1326 2780 5.
1345 2748 1385 2784 6:
1415 2745 1570 2779 Minucii
1597 2744 1781 2779 Felicis
1809 2744 1981 2779 Octavius

238 2805 287 2830 ce.
307 2797 346 2829 31
371 2807 415 2829 ss.
435 2797 473 2836 (t.
492 2797 583 2842 XV),
602 2797 914 2831 Tertulliani
932 2799 1088 2843 Apolog.
1109 2809 1137 2832 ο.
1158 2801 1202 2834 36
1222 2810 1268 2833 ss.
1287 2800 1327 2844 (t.
1343 2799 1439 2844 XlX)
1458 2801 1495 2832 et
1514 2801 1542 2832 A
1558 2797 1788 2842 agustini
1806 2797 1829 2831 l.
1849 2797 1893 2831 de
1907 2808 1982 2831 mo-

238 2849 341 2883 ribus
358 2849 542 2883 Ecclesiae
561 2851 763 2885 catholicae
783 2863 832 2887 cc,
851 2855 894 2887 31
915 2863 958 2887 ss
979 2853 1019 2898 (t.
1038 2851 1196 2889 XXVlIi.

383 2907 408 2944 ⁸)
427 2902 478 2937 Cf.
498 2903 654 2938 Plinii
674 2905 788 2948 Epist.
807 2906 849 2941 Χ,
869 2907 913 2940 97
928 2904 975 2938 ad
990 2905 1123 2949 Trajan
1148 2906 1188 2939 in
1200 2916 1324 2950 opusc.
1338 2907 1365 2940 t.
1380 2905 1474 2939 XIX.
1490 2917 1524 2949 p.
1542 2905 1611 2939 217
1625 2905 1662 2938 et
1676 2903 1915 2938 Graniani
1935 2904 1982 2937 ad

239 2955 468 2990 Hadrianum
485 2956 573 3001 imp.
593 2957 691 3001 apud
711 2957 906 2992 Eusebium
926 2958 972 2992 H.
991 2958 1029 2992 E.
1051 2958 1109 2997 lV,
1129 2961 1162 2992 8.

381 3014 407 3050 4)
429 3009 481 3043 Ne
499 3011 735 3054 opponantur
748 3010 956 3055 virginibus
980 3010 1194 3045 christianis
1208 3010 1372 3055 virgines
1392 3023 1413 3044 v
1425 3022 1442 3044 e
1455 3011 1584 3044 stale
1596 3021 1632 3048 s:
1660 3021 1746 3043 nam
1766 3011 1801 3046 1.
1819 3011 1889 3044 hae
1906 3009 1979 3044 fue-

237 3063 326 3094 runt>
342 3070 481 3105 paucae
499 3061 675 3107 (primum
692 3066 726 3102 4,
745 3062 830 3096 dein
849 3065 892 3102 6),
911 3062 998 3096 illae
1016 3062 1251 3101 innumerae:
1271 3062 1308 3098 2.
1326 3062 1457 3096 harum
1475 3061 1670 3107 virginitas
1693 3062 1766 3096 fuit
1781 3061 1979 3096 honoribus

237 3115 274 3148 et
292 3114 492 3149 commodis
511 3116 756 3159 compensata.
776 3115 925 3149 illarum
944 3125 1027 3149 vero
1046 3115 1192 3160 injuriis
1220 3117 1256 3149 et
1285 3115 1462 3159 martyrio
1492 3115 1677 3160 exposita:
1707 3116 1743 3151 3.
1761 3115 1894 3148 harum
1911 3115 1979 3149 vii·-
