2175 3382
684 135 720 165 et
738 132 782 165 de
801 131 1026 175 aequalitate
1045 131 1294 175 apostolorum
1315 133 1458 166 satisfit.
1852 137 1931 178 381

201 253 509 302 Hieronymo
540 256 577 290 et
611 254 987 302 Chrysostomo,
1020 256 1232 301 praeeunte
1264 253 1486 302 Origene
1518 258 1716 303 putarent,
1742 255 1854 292 Pauli
1876 269 1935 293 re-

200 312 498 361 prehensionem
520 325 599 350 non
620 312 742 349 fuisse
764 312 914 357 seriam,
947 311 1014 349 sed
1036 312 1259 348 simulatam
1291 314 1332 348 et
1353 312 1468 360 quasi
1500 326 1543 349 ex
1576 313 1763 358 condicto,
1796 317 1842 351 ut
1873 315 1938 363 pia

200 371 420 409 oeconomia
439 375 577 421 gentes
598 370 792 408 efficacius
813 384 835 408 a
855 370 1101 419 persuasione
1123 370 1170 407 de
1185 371 1371 419 legalium
1386 371 1618 408 necessitate
1633 373 1937 411 deterrerentur.

199 430 279 467 Alii
306 430 448 467 melius
470 442 560 467 cum
581 430 876 479 Augustino
900 429 1129 475 admittunt,
1163 429 1323 466 Petrum
1354 442 1444 466 vere
1477 444 1498 466 a
1522 431 1642 468 Paulo
1663 431 1782 468 fuisse
1804 445 1937 481 repre—

197 489 375 534 hensum,
411 489 529 526 simul
550 490 682 526 tamen
703 488 898 526 extollunt
919 488 1026 525 Petri
1051 488 1335 529 humilitatem:
1372 501 1489 532 „nam
1521 502 1591 526 nec
1614 490 1767 533 Petrus,
1803 491 1933 539 inquit

199 548 487 597 Cyprianus
508 560 566 596 ep.
593 554 638 587 71
667 547 714 584 ad
738 547 942 592 Quintum,
975 559 1091 595 quem
1123 548 1296 596 primum
1319 547 1347 598 ¹)
1372 548 1564 585 Dominus
1596 549 1716 597 elegit
1749 551 1787 585 et
1819 562 1936 598 super

199 619 314 658 quem
336 607 556 644 aedificavit
577 606 787 643 Ecclesiam
816 617 938 648 Suam,
974 618 1062 643 cum
1095 618 1228 643 secum
1252 607 1397 643 Paulus
1430 606 1476 643 de
1508 607 1798 644 circumcisione
1830 613 1936 656 post—

197 666 356 703 modum
380 665 626 714 disceptaret,
662 665 878 703 vindicavit
900 665 979 702 sibi
1001 665 1151 713 aliquid
1174 665 1401 711 insolenter,
1435 668 1504 703 aut
1528 672 1758 715 arroganter
1779 667 1853 703 sibi
1875 680 1939 704 as-

198 725 374 773 sumpsit,
410 728 457 762 ut
478 724 624 761 (liceret
645 737 684 761 se
706 724 918 773 primatum
940 726 1074 761 tenere
1097 726 1137 761 et
1159 724 1420 772 obtemperari
1443 738 1464 761 a
1497 725 1664 762 novellis
1697 728 1737 762 ct
1767 726 1935 774 posteris

198 782 273 820 sibi
293 783 427 832 potius
449 786 666 832 oportere<
711 783 816 828 Quae
838 783 974 820 laudat
995 795 1022 820 s.
1046 783 1379 832 Augustinus
1401 784 1425 820 l.
1452 790 1472 822 2
1499 784 1545 821 de
1566 784 1671 833 bapt.
1686 797 1722 821 n.
1742 790 1786 823 2:
1811 785 1939 829 „Ecce

197 842 268 879 ubi
290 845 567 879 commemorat
589 842 819 891 Cyprianus,
856 842 961 890 quod
984 843 1105 880 etiam
1128 854 1196 879 nos
1219 842 1259 879 in
1282 842 1498 891 Scripturis
1533 844 1678 881 sanctis
1709 843 1933 882 didicimus,

196 901 417 950 apostolum
440 902 611 947 Petrum,
643 901 684 938 in
706 914 783 949 quo
806 901 1000 950 primatus
1023 902 1289 950 apostolorum
1322 904 1404 938 tam
1426 902 1633 939 excellenti
1665 903 1792 952 gratia
1822 915 1935 951 prae-

196 960 353 1005 eminet,
387 960 501 997 aliter
522 974 639 1008 quam
663 960 805 998 veritas
829 960 1053 1009 postulabat
1075 961 1120 997 de
1143 960 1439 998 circumcisione
1462 974 1576 1010 agere
1609 962 1782 1003 solitum,
1815 974 1835 998 a
1867 975 1937 1010 po-

196 1019 357 1056 steriore
378 1019 552 1067 apostolo
574 1020 696 1057 Paulo
719 1032 803 1056 esse
835 1024 1049 1057 correctum
1074 1022 1174 1057 eto<<
1219 1020 1531 1057 Praeclarissime
1563 1033 1653 1058 vero
1676 1021 1783 1057 Petri
1806 1020 1937 1058 humi-

196 1078 348 1115 litatem
370 1078 524 1115 extollit
546 1079 577 1115 ⁴}
588 1091 637 1115 re
650 1078 832 1128 gorius
854 1080 902 1115 M.
934 1079 1035 1116 hom.
1058 1079 1100 1115 in
1122 1079 1255 1118 Ezech.
1277 1091 1316 1116 n.
1342 1086 1386 1118 9:
1423 1079 1497 1123 „Se
1519 1080 1635 1117 etiam
1658 1079 1800 1117 minori
1822 1079 1937 1116 fratr-L

195 1136 243 1174 ad
265 1149 495 1174 consensum
517 1137 637 1181 dedit,
661 1140 780 1186 atque
801 1138 842 1175 in
864 1138 995 1175 eadem
1018 1150 1059 1175 re
1081 1137 1206 1175 factus
1229 1140 1289 1175 est
1304 1140 1473 1175 sectator
1486 1139 1647 1176 minoris
1662 1139 1733 1183 sui,
1757 1142 1803 1175 ut
1818 1139 1933 1176 etiam

194 1196 236 1233 in
258 1196 329 1233 hoc
349 1196 532 1245 praeiret,
558 1201 754 1245 quatenus
778 1197 847 1245 qui
867 1197 1018 1245 primus
1041 1199 1124 1233 erat
1146 1197 1188 1233 in
1202 1197 1445 1245 apostolatus
1460 1197 1641 1239 culmine,
1665 1202 1768 1235 esset
1782 1198 1932 1246 primus

195 1257 235 1292 et
259 1255 301 1292 in
322 1255 587 1294 humilitate«
632 1256 684 1293 Cf.
707 1256 759 1292 lx
782 1269 839 1304 ep.
866 1262 930 1296 39.

313 1339 490 1376 Ceterum
515 1336 560 1378 d.
584 1338 676 1375 haec
697 1338 945 1387 reprehensio
959 1349 1039 1375 non
1053 1339 1211 1376 videtur
1226 1339 1349 1376 fuisse
1364 1339 1457 1375 adeo
1474 1339 1694 1385 vehemens,
1718 1341 1764 1376 ut
1777 1339 1932 1388 fingunt

195 1397 424 1435 adversarii:
460 1410 551 1434 nam
572 1397 673 1434 illud
694 1398 735 1434 in
758 1399 890 1446 faciem
915 1397 1017 1434 idem
1039 1400 1100 1435 est
1121 1410 1164 1434 ac
1186 1398 1395 1446 praesenti,
1427 1398 1518 1434 hinc
1540 1410 1627 1435 mox
1654 1399 1797 1435 Paulus
1819 1411 1853 1435 v.
1884 1406 1932 1437 14

194 1457 338 1494 factum
361 1459 540 1504 repetens
562 1456 693 1493 utitur
713 1458 870 1493 tantum
892 1456 1043 1494 verbis:
1068 1457 1162 1494 Disce·
1184 1456 1329 1505 Ceplzae
1351 1469 1480 1494 coram
1502 1457 1696 1494 omnibus:
1722 1457 1765 1494 Sa·
1787 1463 1826 1494 in
1849 1460 1932 1494 etc..

193 1515 357 1564 ideoque
390 1515 492 1553 forte
525 1528 609 1552 eam
643 1516 764 1552 Lucas
803 1518 942 1564 utpote
972 1516 1132 1553 levioris
1162 1516 1352 1553 momenti
1382 1516 1593 1564 profectam
1628 1528 1671 1552 ex
1705 1519 1936 1553 transeunte

193 1574 313 1612 animi
335 1574 592 1612 commotione
613 1575 654 1611 in
676 1575 828 1612 actibus
851 1588 923 1623 ap.,
947 1575 988 1611 in
1011 1575 1153 1623 quibus
1189 1575 1365 1623 alioquin
1388 1575 1486 1612 hanc
1509 1575 1811 1613 controversiam
1844 1580 1931 1612 tan-

193 1633 265 1683 git,
287 1633 478 1682 praeterit
499 1633 667 1671 silentio.

312 1728 409 1770 365.
444 1726 506 1767 De
540 1725 788 1781 aequalitate
825 1726 1115 1780 apostolorum.
1149 1751 1206 1756 —
1243 1726 1284 1769 3.
1323 1723 1553 1778 Opponunt
1585 1726 1789 1766 aversarii
1821 1726 1935 1766 haud

195 1807 334 1848 pauca
355 1795 492 1846 effata,
509 1796 660 1849 quibus
674 1800 817 1848 patres
832 1795 1045 1837 affirmant
1070 1796 1287 1848 apostolos
1311 1795 1440 1837 fuisse
1463 1808 1523 1836 ae
1537 1796 1661 1848 qual
1675 1808 1753 1845 es;
1775 1797 1810 1837 si
1831 1808 1932 1837 vero

196 1866 362 1907 fuerunt
383 1867 594 1920 aequales,
616 1867 755 1908 nullus
778 1871 842 1908 est
863 1867 1063 1919 primatui
1084 1867 1215 1910 locus.
1257 1866 1353 1907 Non
1375 1878 1580 1918 negamus

314 1964 355 1993 a.
378 1955 522 2002 patres
545 1950 758 1991 affirmare
782 1951 999 2003 apostolos
1022 1950 1149 1991 fuisse
1173 1950 1393 2003 aequales:
1415 1962 1563 1991 verum
1587 1950 1728 2002 plures

310 2033 359 2076 b.
382 2032 424 2072 id
454 2037 623 2085 negant,
655 2032 887 2085 etquidem
918 2033 984 2073 vel
1018 2032 1347 2086 aequivalenter,
1379 2032 1544 2085 quoties
1576 2032 1747 2074 Petrum
1778 2037 1937 2073 vocant

194 2103 486 2155 apostolorum
507 2104 746 2156 primum,
769 2103 1091 2156 principem,
1114 2108 1277 2155 caput
1299 2108 1388 2145 etc..
1413 2103 1479 2144 vel
1502 2104 1631 2144 etiam
1654 2103 1860 2151 diserte&¹

340 2288 363 2331 ¹)
378 2285 527 2320 Petrum
541 2288 664 2319 autem
683 2298 705 2330 p
717 2286 757 2319 ri
769 2298 805 2318 m
816 2298 839 2319 u
852 2297 888 2318 m
905 2285 1033 2329 utique
1052 2286 1235 2330 dignitate
1250 2286 1287 2319 et
1302 2286 1524 2319 auctoritate
1540 2285 1655 2330 elegit
1666 2284 1841 2324 Christus,
1858 2294 1934 2317 nou

192 2341 379 2383 tempore:
397 2350 482 2373 nam
504 2339 632 2373 Petrus
652 2339 832 2374 electione
851 2351 925 2374 non
943 2339 1090 2373 videtur
1107 2340 1250 2384 primus
1268 2338 1469 2372 secundum
1488 2350 1513 2372 s.
1533 2338 1639 2371 Joan.
1661 2341 1691 2378 ],
1710 2339 1753 2372 37
1773 2348 1819 2370 ss.
1856 2337 1931 2370 Hoc

192 2402 301 2426 sensu
328 2404 350 2426 a
376 2391 619 2437 Cypriano
648 2392 769 2426 vocari
791 2393 937 2426 Petrum
955 2393 1126 2436 primum,
1156 2393 1262 2437 patet
1289 2403 1332 2426 ex
1359 2391 1504 2436 adjecta
1531 2390 1646 2424 veluti
1675 2389 1933 2435 explicatione.

194 2456 328 2490 ,super
345 2457 454 2490 quem
482 2445 694 2480 aedificavit
719 2445 919 2479 Ecclesiam
946 2457 1060 2480 suam.
1072 2453 1084 2467 ‘
1119 2445 1160 2479 In
1188 2445 1343 2480 eundem
1371 2456 1517 2478 sensum
1545 2445 1712 2478 scribunt
1742 2444 1767 2477 Β
1779 2455 1797 2478 e
1809 2442 1864 2477 da
1891 2443 1931 2476 in

193 2501 225 2532 2.
244 2498 340 2532 Petr.
359 2502 392 2542 3,
416 2503 474 2537 153
504 2498 813 2543 Augustinus
831 2498 869 2532 in
887 2498 922 2533 h.
942 2499 965 2532 l.
984 2499 1022 2532 et
1039 2509 1094 2543 ep.
1113 2502 1158 2533 82
1177 2510 1213 2532 n.
1233 2502 1296 2535 22:
1326 2497 1522 2531 Rabanu
1537 2509 1552 2531 s
1571 2497 1768 2531 Maurus
1786 2497 1799 2530 1
1834 2502 1873 2532 15
1891 2496 1930 2530 in

192 2551 340 2591 Ezech.;
371 2552 397 2586 F
409 2563 431 2586 a
443 2563 530 2586 cun
543 2553 564 2585 d
577 2564 601 2586 u
613 2563 629 2585 s
647 2552 913 2586 hermianensis
930 2552 954 2586 1.
981 2556 1018 2586 10
1035 2563 1103 2597 pro
1121 2551 1260 2586 defens.
1279 2550 1393 2585 trium
1412 2552 1522 2596 capit.
1542 2562 1571 2585 c,
1592 2555 1630 2587 2:
1660 2551 1691 2584 H
1704 2561 1750 2584 er
1762 2563 1782 2583 v
1794 2561 1848 2584 eu
1860 2563 1875 2584 s
1894 2550 1929 2586 h.

190 2605 265 2638 inl.
284 2604 336 2639 Cf.
352 2605 397 2638 de
412 2606 482 2639 hac
496 2605 747 2639 controversia
764 2605 791 2638 P
804 2615 822 2639 e
835 2616 850 2638 s
862 2617 880 2639 c
891 2605 916 2638 h
934 2605 1106 2639 Zeitschr.
1125 2605 1185 2638 fiir
1202 2604 1237 2639 k.
1249 2604 1373 2639 Theol.
1386 2604 1589 2638 Innsbruck
1604 2606 1692 2638 1883
1707 2616 1741 2648 p.
1753 2605 1930 2639 456—90.

336 2660 365 2702 ‘—')
384 2659 437 2692 Cf.
455 2658 478 2692 S
490 2669 508 2692 c
521 2659 544 2692 h
555 2670 572 2691 r
583 2670 605 2692 a
616 2658 638 2692 d
651 2668 669 2692 e
681 2670 698 2691 r
717 2659 743 2700 1,
761 2660 837 2696 166,
856 2664 892 2691 et
910 2661 1057 2702 patrum
1070 2658 1296 2699 testimonia,
1309 2659 1444 2701 quibus
1457 2657 1593 2702 passim
1609 2658 1649 2691 in
1664 2657 1732 2691 hoc
1742 2659 1846 2690 tract.
1859 2656 1928 2690 uti-

192 2723 283 2745 mur.
318 2711 362 2744 In
380 2722 458 2745 can.
476 2716 522 2746 44
540 2712 688 2745 arabico
707 2721 806 2745 conc.
826 2712 903 2745 nic
915 2712 1022 2745 aeni
1051 2713 1097 2745 ab
1115 2711 1326 2745 Abrahamo
1345 2710 1373 2744 E
1385 2711 1439 2745 ch
1451 2721 1469 2744 e
1483 2710 1492 2744 l
1505 2710 1516 2744 l
1529 2712 1633 2744 ensi
1650 2710 1767 2744 latine
1786 2709 1930 2744 reddito

192 2763 348 2804 (Hard.
369 2768 398 2805 1,
415 2766 498 2807 485)
516 2763 692 2808 legimus:
729 2762 1067 2805 ,Quemadmodum
1095 2763 1308 2807 patriarcha
1333 2763 1553 2807 potestatem
1581 2763 1693 2797 habet
1724 2772 1832 2807 super
1849 2762 1928 2796 sub-

192 2816 290 2851 ditos
308 2827 402 2852 suos.
420 2817 475 2851 ita
492 2828 637 2861 quoque
654 2818 879 2861 potestatem
898 2817 1012 2851 habet
1029 2828 1204 2851 romanus
1231 2817 1399 2862 pontifex
1428 2827 1536 2861 super
1565 2817 1754 2850 universos
1771 2815 1929 2860 patriar-

194 2869 294 2911 chas,
312 2869 624 2913 quemadmodum
645 2870 804 2904 habebat
822 2870 951 2904 Petrus
969 2880 1078 2914 super
1095 2871 1283 2904 universos
1297 2869 1582 2904 christianitatis
1595 2870 1779 2914 principes
1795 2871 1830 2902 et
1845 2879 1927 2903 con-

193 2922 280 2956 cilia
305 2922 488 2967 ipsorum:
507 2923 682 2966 quoniam
700 2922 838 2958 Christi
857 2923 1013 2956 vicarius
1031 2924 1086 2957 est
1104 2934 1212 2968 super
1226 2922 1528 2967 redemptionem,
1544 2923 1716 2956 ecclesias
1730 2927 1763 2955 et
1780 2922 1926 2955 curatos

192 2975 351 3020 populos
368 2975 478 3020 ejus,C
499 2976 583 3010 Ix'on
602 2980 657 3010 est
675 2976 823 3020 quidem
841 2986 957 3010 canon
974 2977 1043 3009 iste
1062 2976 1233 3010 nicaenus
1251 2977 1308 3017 (cf.
1328 2977 1359 3010 H
1371 2987 1389 3011 e
1401 2978 1444 3010 fe
1458 2977 1465 3010 l
1479 2986 1499 3010 e
1527 2974 1924 3020 Concihengeschichte

190 3030 218 3064 t.
239 3033 254 3063 1
275 3033 292 3070 ἓ
308 3029 380 3074 41),
397 3032 522 3063 tamen
540 3029 579 3063 hi
597 3040 754 3063 canones
772 3028 910 3063 arabici
930 3029 1017 3063 satis
1036 3029 1177 3074 vulgati
1205 3031 1311 3064 erant
1337 3030 1374 3064 in
1403 3031 1544 3064 oriente
1563 3037 1794 3074 magnaeque
1812 3028 1925 3061 etiam

191 3081 289 3126 apud
309 3082 426 3115 varias
446 3084 562 3115 sectas
581 3082 826 3116 auctoritatis.
