2175 3382
253 137 339 176 35)ss
533 131 651 166 'li-act.
670 131 731 165 Ill.
750 132 794 166 de
814 132 988 177 primatu.
1007 132 1135 167 'rhesis
1154 132 1328 168 LXXVII.
1348 132 1503 168 Romani
1522 135 1712 179 pontifices

255 252 302 293 21
334 250 387 291 ad
411 250 616 291 Acacium
640 252 789 303 ipsum.
805 277 862 282 —
878 252 1022 303 Magni
1048 253 1207 304 pariter
1228 253 1432 293 momenti
1455 257 1552 294 sunt
1574 254 1778 306 epistolae
1793 257 1849 299 22
1863 260 1905 296 et
1918 258 1995 304 23;

252 333 317 373 ep.
341 320 666 363 Hormisdae
701 323 753 363 ad
786 322 908 366 Joan.
941 335 1004 375 ep.
1037 322 1249 375 nicopolit.
1282 326 1338 377 (7.
1362 325 1427 379 8);
1462 329 1504 364 et
1538 323 1807 366 Bonifatii
1841 337 1905 379 ep.
1941 328 1994 371 15

254 405 290 431 n.
316 395 342 436 6
365 404 508 445 opusc.
531 391 671 439 XVllI,
698 395 780 437 174
803 407 856 434 ss.

371 478 629 516 Dumnaivernt
660 479 871 517 Flavianus
907 480 1107 528 Eutychen
1140 478 1190 528 (a.
1221 477 1345 532 448);
1379 480 1575 530 Eutyches
1609 481 1768 518 Rumam
1799 482 1993 531 appellat;

251 543 491 586 quapropter
513 538 587 576 Leo
611 539 638 577 Ι.
662 539 719 575 illi
752 539 925 575 scribens
959 551 1017 587 cp.
1044 545 1094 579 ‘23
1128 538 1175 576 de
1207 540 1292 588 ejus
1324 540 1482 577 silentio
1508 540 1762 588 conqueritur
1786 540 1994 590 additque:

255 597 386 639 „Facti
418 597 479 634 tui
502 599 684 634 volumus
717 610 830 634 nosse
860 598 1051 634 rationein
1087 604 1124 634 et
1147 611 1275 647 usque
1296 598 1343 636 ad
1366 604 1539 636 nostrum
1564 600 1743 637 notitiam
1765 604 1908 637 cuncta
1929 601 1994 638 de-

252 657 395 694 ferri2‘
429 659 547 704 atque
581 658 722 693 iterum
757 657 932 705 postulat
963 657 1011 693 ab
1043 669 1098 695 eo.
1132 661 1178 694 ut
1210 657 1285 694 sibi
1314 658 1568 705 ,plenissime
1589 663 1629 696 et
1651 658 1778 696 lucide
1800 658 1995 705 universa,

250 715 356 763 quo·l
389 723 478 752 ante
505 718 625 752 lacere
648 715 797 759 debuit,
831 716 994 753 indicari
1029 715 1226 756 seminet«
1272 716 1413 754 Eadem
1437 717 1574 754 scribit
1597 730 1655 766 ep.
1682 724 1733 757 24
1756 717 1805 755 ad
1828 719 1995 767 impera-

252 777 376 811 torem
409 786 650 822 conqucnens
681 775 827 811 iterum
850 775 897 811 de
920 775 1093 812 Flaviani
1118 775 1287 820 silentio,
1322 776 1452 824 „quod
1476 788 1531 815 ea.
1565 789 1665 825 quae
1688 777 1728 814 in
1751 778 1862 814 tanta
1882 789 1997 815 causa

251 837 362 883 gata
395 838 559 873 luerunt,
593 834 709 870 etiam
744 845 850 870 nunc
882 835 1040 872 silentio
1071 834 1277 879 devineret,
1309 847 1396 872 cum
1430 835 1587 872 studere
1609 836 1791 873 debuerit
1814 836 1996 884 primitus

252 892 365 929 nobis
388 900 528 929 cuncta
551 898 759 929 reserare«
785 892 935 936 Quibus
959 895 1086 931 motus
1109 894 1318 931 Flavianus
1335 894 1477 942 judicii
1494 898 1580 931 acta
1600 895 1646 931 ad
1672 895 1839 933 Leonem
1864 900 1994 932 trans-
2035 888 2042 900 ¹

252 951 378 988 mittit
399 952 604 1000 epistolam
629 964 737 988 suum
757 952 877 1002 (inter
898 965 956 1001 ep.
971 964 999 990 s.
1016 952 1156 989 Leonis
1174 950 1244 1003 ¹2ss)
1269 953 1325 990 ita
1345 953 1573 991 absolvens:
1590 954 1844 999 ,Commotus
1860 954 1996 1004 igitur,

253 1011 495 1047 sanctissime
520 1013 640 1059 pater.
663 1010 711 1048 ob
734 1011 875 1050 omnia.
899 1024 998 1059 quae
1021 1024 1140 1049 ausus
1163 1018 1234 1056 est,
1258 1015 1298 1049 et
1321 1018 1483 1061 propter
1504 1025 1558 1058 ea,
1595 1025 1696 1061 quae
1717 1013 1906 1051 adversus
1926 1025 1997 1051 nos

252 1070 617 1111 sanctissimamque
639 1069 850 1107 Ecclesiam
883 1069 986 1108 facta
1016 1076 1110 1108 sunt
1140 1078 1258 1119 atque
1292 1071 1402 1115 fiunt,
1435 1071 1550 1109 solita
1575 1071 1718 1110 fiducia
1739 1078 1863 1118 utere,
1894 1072 1998 1110 sicut

253 1129 467 1165 sacerdotio
499 1129 692 1174 convenit,
728 1133 767 1166 et
790 1129 992 1167 vindicans
1023 1142 1268 1167 communem
1300 1143 1380 1167 rem
1414 1133 1716 1180 sanctarumque
1746 1132 1997 1169 ecclesiarum

252 1188 574 1235 compositionem
605 1188 768 1236 dignare
799 1201 868 1237 per
897 1189 1075 1238 proprias
1109 1189 1269 1238 quidem
1293 1190 1425 1227 literas
1447 1190 1651 1236 suffragari
1673 1190 1912 1239 depositioni
1934 1202 1996 1228 ca—

252 1247 388 1284 nonice
410 1246 595 1284 adversus
624 1259 712 1284 euni
739 1250 879 1285 tactae:
913 1248 1141 1285 confirmare
1167 1261 1255 1285 vero
1279 1250 1319 1285 et
1340 1248 1509 1297 piissimi
1532 1249 1809 1298 Christumque
1830 1249 1997 1287 amantis

253 1306 376 1343 nostri
408 1306 654 1354 imperatoris
685 1306 811 1344 fidem.
854 1307 928 1344 Res
959 1320 1130 1356 namque
1161 1308 1242 1345 solo
1274 1308 1426 1357 indiget
1457 1320 1501 1345 ex
1530 1308 1642 1345 vobis
1672 1308 1846 1357 impulsu
1877 1314 1997 1357 atque

252 1364 357 1402 subsi
375 1364 434 1407 lio,
475 1365 579 1413 quod
611 1378 680 1414 per
710 1372 877 1403 vestram
910 1366 1159 1415 prudentiam
1192 1369 1232 1403 et
1261 1367 1591 1415 tranquillitatem
1624 1369 1665 1405 et
1694 1380 1828 1417 pacem
1858 1372 1999 1406 cuncta

254 1424 385 1461 statim
418 1424 702 1461 translaturum
737 1428 805 1463 est.
850 1425 912 1463 Sic
942 1428 1045 1463 enim
1078 1430 1117 1463 et
1144 1438 1243 1474 quae
1266 1426 1480 1463 insui-rexit
1503 1427 1672 1464 haeresis
1694 1433 1733 1465 et
1755 1427 1804 1465 ob
1826 1439 1909 1465 eam
1932 1438 1997 1464 ex-

251 1483 394 1520 citatus
425 1485 626 1520 tumultus
658 1483 771 1521 facile
802 1485 969 1522 cessabit
991 1485 1068 1522 Deo
1100 1489 1332 1534 cooperante
1363 1498 1432 1533 per
1462 1487 1612 1522 vestras
1645 1498 1694 1523 ss.
1721 1486 1876 1524 literas:
1906 1497 1997 1536 pro·

252 1542 453 1579 hibebitur
468 1555 556 1579 vero
580 1545 619 1580 et
642 1555 741 1591 quae
763 1545 974 1594 evulgatur
994 1545 1128 1581 sutura
1148 1556 1231 1581 esse
1253 1544 1438 1593 synodus,
1462 1549 1508 1581 ut
1530 1557 1578 1581 ne
1592 1545 1859 1583 sanctis-imae
1874 1545 1997 1583 totius

253 1601 357 1639 orbis
378 1602 561 1638 ecclesiae
583 1602 877 1650 perturbentur.
891 1608 908 1626 «
931 1625 987 1630 —
1011 1603 1105 1641 Cum
1128 1604 1262 1652 plures
1285 1603 1469 1652 episcopi,
1493 1603 1563 1652 quj
1589 1605 1790 1642 latrocinio
1812 1604 1998 1652 ephesino

252 1660 526 1699 interfuerant.
561 1661 844 1709 poenitentiam
877 1663 1052 1712 egissent
1083 1667 1201 1711 atque
1225 1662 1364 1700 Leonis
1394 1663 1708 1700 communionem
1741 1663 1996 1713 flagitassent,

253 1721 308 1757 ita
338 1732 409 1768 pro
441 1720 676 1757 auctoritate
707 1721 849 1758 statuit
879 1734 937 1770 ep.
965 1728 1015 1762 79
1041 1734 1068 1762 s.
1097 1721 1294 1770 pontifex:
1329 1721 1534 1766 „Quorum
1565 1721 1770 1760 desideriis
1802 1722 1857 1760 sic
1889 1734 1998 1772 prae·

251 1779 391 1816 bemus
423 1779 617 1825 effectum,
650 1782 697 1816 ut
719 1781 900 1818 correctis
931 1784 969 1818 et
1001 1793 1101 1829 quae
1131 1781 1233 1818 male
1264 1784 1359 1818 sunt
1389 1781 1491 1818 facta
1520 1781 1679 1830 propria
1710 1781 1998 1830 subscriptione

252 1838 531 1875 damnantibus
563 1838 798 1888 partiiipata
828 1843 1053 1877 nostrorum
1086 1852 1185 1888 quos
1219 1840 1397 1877 misimus
1428 1853 1520 1877 cura
1550 1852 1639 1877 cum
1669 1841 1894 1890 supradicto
1915 1840 1998 1890 epi-

252 1909 364 1945 scopo
388 1898 603 1947 (Anatolio)
627 1898 733 1946 pacis
755 1899 884 1947 gratia
904 1899 1147 1936 t1‘ibuatur.«
1181 1899 1232 1937 Cf.
1254 1913 1313 1949 ep.
1338 1906 1522 1940 81-95,
1546 1899 1589 1936 in
1611 1913 1779 1948 quarum
1801 1900 1930 1949 prima
1949 1899 1999 1937 ad

252 1956 479 1993 Anatolium
512 1969 572 2004 ep.
595 1958 886 2007 constantinop.
908 1959 1055 1996 iterum
1086 1958 1332 1996 conditiones
1361 1958 1603 2007 praeseribit,
1636 1959 1710 1996 sub
1741 1959 1887 2008 quibus
1916 1959 1998 2008 epi-

252 2015 355 2064 svopi
386 2014 449 2052 illi
480 2015 579 2064 lapsi
613 2017 661 2053 ab
692 2017 777 2065 ipso
809 2020 849 2055 et
880 2018 1114 2066 apostolicae
1146 2017 1250 2055 sedis
1282 2018 1422 2068 legatis
1453 2017 1576 2066 recipi
1605 2017 1775 2067 possint,
1810 2030 1898 2056 cum
1930 2018 2000 2056 hac

251 2077 382 2112 tamen
416 2073 463 2126 (c.
490 2071 531 2127 2)
563 2076 845 2114 reservatione:
884 2103 900 2120 »
915 2077 967 2113 De
1000 2077 1059 2114 his
1093 2079 1236 2123 autem,
1269 2077 1339 2125 qui
1370 2077 1412 2114 in
1443 2077 1512 2114 hac
1544 2088 1663 2115 causa
1682 2078 1843 2127 gravius
1865 2089 1998 2126 pecca-

251 2146 340 2171 vere
363 2165 371 2171 .
396 2162 403 2169 .
428 2163 434 2169 .
468 2134 609 2171 horum
640 2134 672 2172 si
694 2135 908 2173 satisfactio
930 2135 1025 2173 talis
1048 2135 1210 2182 accedit,
1243 2149 1342 2184 quae
1364 2147 1444 2173 non
1465 2136 1673 2174 refutanda
1694 2136 1894 2183 videatur,
1915 2148 1998 2174 ma-

250 2192 470 2230 turioribus
502 2194 738 2241 apostolieae
770 2195 873 2232 sedis
895 2194 1068 2232 consiliis
1089 2203 1324 2239 reservetur,
1356 2201 1403 2232 ut
1424 2194 1653 2233 examinatis
1674 2195 1858 2233 omnibus
1879 2198 1998 2243 atque

251 2252 451 2300 perpensis
482 2252 528 2289 de
560 2252 657 2301 ipsis
689 2265 824 2290 eorum
857 2253 1090 2298 actionibus,
1123 2254 1218 2302 quid
1242 2254 1431 2292 constitui
1454 2254 1606 2300 debeat,
1636 2255 1906 2294 aestimetur.‘
1948 2254 1999 2292 Et

250 2322 281 2347 c.
307 2317 351 2349 3:
384 2310 454 2355 ‚Si
485 2311 532 2348 de
565 2311 764 2360 aliquibus
797 2313 966 2361 amplius
995 2312 1116 2350 fuerit
1147 2313 1456 2354 deliberandum.
1488 2314 1668 2351 celeriter
1696 2313 1742 2351 ad
1766 2326 1837 2351 nos
1859 2313 1998 2351 relatio

252 2369 459 2418 dirigatur,
482 2375 528 2407 ut
550 2374 785 2418 pertractata
806 2372 999 2420 qualitate
1021 2384 1239 2417 causarum,
1263 2376 1396 2410 nostra
1417 2372 1512 2421 quid
1527 2372 1730 2410 observari
1743 2372 1896 2419 debeat,
1919 2372 1998 2411 sol-

252 2428 418 2466 licitudo
439 2429 692 2469 constituat.<K
736 2431 839 2468 Hinc
861 2436 932 2473 est,
961 2431 1065 2480 quod
1089 2431 1230 2469 Leonis
1251 2431 1372 2481 legati
1394 2431 1442 2469 ad
1464 2432 1674 2470 concilium
1695 2432 1998 2470 chalcedonense

253 2486 294 2523 in
317 2487 515 2524 sententia
545 2488 807 2527 damnationis
838 2492 974 2527 contra
997 2490 1225 2528 Dioscorum
1256 2491 1408 2540 prolata
1438 2490 1644 2529 dixerunt:
1689 2491 1802 2535 ,Illis
1824 2491 1998 2539 quidem,

251 2545 321 2594 qui
344 2545 424 2583 scil.
448 2547 483 2583 ei
509 2551 785 2586 consenserant
805 2549 847 2586 in
869 2549 1130 2587 conciliabulo
1152 2549 1352 2597 ephesino,
1385 2549 1494 2587 sedes
1516 2549 1728 2599 apostolica
1749 2551 1901 2587 veniam
1923 2549 1998 2587 tri-

252 2604 354 2650 buit,
377 2605 471 2652 quia
491 2612 627 2643 contra
640 2611 779 2644 votum
800 2608 980 2658 gessisse,
1005 2621 1105 2657 quae
1126 2611 1283 2657 peracta
1305 2611 1409 2655 sunt,
1434 2609 1704 2658 approbantur
1725 2605 1794 2660 1).<ζ
1809 2608 1996 2646 —Prae-

398 2732 422 2774 ¹)
440 2730 776 2766 Praetermittimus
794 2731 902 2777 plura
920 2732 1004 2774 alia,
1023 2744 1119 2776 quae
1138 2733 1267 2768 adduci
1283 2735 1441 2778 possunt
1454 2745 1496 2768 ex
1515 2734 1537 2768 S
1549 2744 1570 2768 o
1583 2744 1659 2768 cra
1673 2736 1720 2769 te
1740 2733 1799 2769 IV.
1815 2736 1859 2767 12
1873 2736 1911 2767 et
1927 2733 1997 2767 So-

249 2792 442 2817 zomeno
469 2782 524 2824 xl,
551 2786 588 2817 10
608 2784 651 2818 de
670 2785 849 2830 episcopis
868 2785 1160 2825 macedomanis;
1189 2797 1243 2820 ex.
1272 2798 1330 2830 ep.
1358 2791 1402 2821 22
1429 2789 1467 2821 et
1493 2790 1538 2821 213
1566 2786 1854 2821 Innocentii
1885 2785 1921 2825 I:
1952 2796 1997 2820 ex

257 2836 284 2870 B
298 2847 318 2870 o
331 2836 433 2870 nisa
446 2836 509 2870 t1i
528 2836 555 2870 Ι.
575 2847 630 2881 ep.
655 2842 694 2872 15
714 2850 737 2871 n
767 2841 787 2872 6
801 2851 808 2875 ;
827 2849 922 2881 quae
942 2840 968 2873 (J
980 2849 1001 2872 o
1013 2839 1113 2873 eles
1125 2841 1197 2873 tin
1210 2851 1234 2873 u
1246 2851 1262 2873 s
1280 2840 1416 2884 (γι-1110
1435 2840 1527 2874 alex.
1542 2839 1757 2884 praescribit
1773 2845 1842 2884 (ep.
1860 2840 1947 2876 1711.
1959 2838 1995 2884 4)

252 2891 297 2924 de
313 2890 371 2932 iis,
391 2901 484 2934 quos
501 2890 564 2924 ille
582 2891 679 2924 circa
697 2892 917 2926 catholicam
936 2892 1045 2927 fi-lem
1065 2896 1252 2937 suspevtos
1271 2893 1450 2932 habebat:
1470 2905 1526 2938 ep.
1547 2896 1591 2928 18
1612 2893 1788 2927 Hadriani
1808 2892 1852 2926 ΙΙ.
1870 2892 1917 2926 ad
1938 2892 1993 2937 Ig-

251 2944 394 2977 natium
424 2955 481 2988 ep.
510 2942 577 2977 ΟΡ.
605 2943 655 2985 (Μ
671 2944 784 2988 igne
817 2947 892 2984 122,
914 2948 1036 2986 1284„
1066 2957 1124 2990 ep.
1145 2947 1188 2980 19
1207 2945 1253 2979 ad
1274 2945 1450 2980 Basilium
1468 2946 1557 2991 imp.
1585 2947 1648 2986 (ib.
1670 2948 1792 2984 128712
1820 2945 1996 2990 epistolas

255 2995 441 3042 Ignatii
462 2998 501 3032 et
522 2998 576 3030 Ba
592 2996 629 3030 si
643 2996 701 3030 lii
730 2998 817 3041 imp.
837 2998 882 3031 ad
901 2998 1130 3033 Hadrianum
1152 2998 1192 3032 ΙΙ.
1211 2999 1248 3033 in
1268 3010 1378 3033 causa
1395 3010 1532 3040 eorum,
1560 3001 1624 3043 qui
1643 3011 1666 3034 a.
1686 3000 1815 3034 l'hotio
1831 2997 1996 3032 ordinati

251 3050 398 3085 fuerant
416 3051 537 3096 (Min.
561 3052 636 3089 129,
658 3051 722 3084 191
744 3057 823 3092 ss.):
850 3061 904 3095 ep.
934 3051 1157 3095 Styliani
1187 3052 1234 3086 ad
1251 3052 1480 3097 Stephanum
1501 3053 1541 3087 V.
1571 3064 1655 3087 cum
1682 3052 1793 3098 hujus
1819 3061 1994 3096 responso

253 3106 298 3148 (a.
317 3106 387 3139 888
404 3105 454 3139 ib.
474 3106 556 3146 787)
575 3106 644 3138 etc.
