2175 3382
872 93 1127 138 inspirationis
1146 94 1327 128 notiones.
1495 138 1546 192 λ
1879 97 1962 140 183

228 225 345 254 mam
361 212 606 260 Veritatem,
630 211 783 252 nullius
798 211 971 252 omnino
989 211 1144 252 erroris
1159 215 1377 251 auctorem
1402 217 1529 255 esse.“
1560 211 1756 253 Ceterum
1779 215 1962 260 notetur,

228 283 305 324 etsi
329 283 474 323 omnia
504 282 546 322 in
577 282 710 323 sacris
732 282 862 323 literis
885 293 936 322 ex
959 281 1101 322 divina
1124 281 1401 333 inspiratione
1424 286 1521 322 sunt
1547 282 1716 334 scripta,
1747 294 1834 323 non
1866 282 1963 323 ideo

228 354 373 395 omnia
397 352 594 393 divinitus
627 364 719 394 esse
752 352 883 393 dicta:
916 352 1046 392 voluit
1069 352 1180 392 enim
1203 351 1326 400 Deus,
1357 356 1403 392 ut
1434 352 1661 404 scriptores
1683 353 1874 405 inspirati
1896 364 1964 393 re-

228 424 387 465 ferrent
410 423 538 464 etiam
560 423 738 464 subinde
760 422 892 464 verba
914 423 1154 475 impiorum,
1176 422 1400 463 stultorum
1424 427 1499 463 etc.
1534 421 1900 464 Cf.Franze1in
1921 424 1964 463 in

229 493 364 547 symb.
387 493 554 546 adjecta
576 497 694 536 tract.
717 493 769 534 de
792 493 871 534 div.
895 491 1043 544 Script.
1068 492 1130 533 ed.
1155 496 1191 536 3.

352 587 444 621 161.
466 575 789 620 corollarium
812 577 878 619 II.
923 579 1135 627 Inspiratio
1159 591 1234 616 non
1255 580 1420 616 consistit
1458 580 1493 615 in
1520 591 1624 615 mera
1657 580 1883 615 assistentia.
1909 601 1965 605 —

229 640 343 677 Falsa
363 650 519 688 quoque
541 640 600 676 est
621 638 764 687 opiniO,
803 651 902 687 quae
924 638 1221 687 inspirationem
1242 640 1398 675 revocat
1429 638 1475 674 ad
1507 650 1651 674 meram
1687 637 1963 682 assistentiam,

231 711 308 747 qua
340 699 445 735 Deus
478 699 699 746 praeservet
733 697 946 745 scriptores
983 697 1031 734 ab
1066 709 1194 734 errore
1229 709 1372 745 eosque
1407 696 1549 733 idcirco
1594 695 1731 733 reddat
1766 695 1967 732 infalli-

229 758 377 795 biles.
420 757 474 793 Ea
495 756 728 805 proponitur
750 770 771 794 a
792 756 920 794 Jahn
944 756 1088 793 introd.
1121 756 1162 793 in
1185 756 1228 794 V.
1252 756 1290 792 T.
1315 753 1334 797 ἓ
1364 763 1425 801 19,
1460 755 1658 792 Holden
1680 756 1751 792 etc.
1794 754 1854 791 Ad
1885 767 1967 791 eam

234 816 383 854 accedit
406 816 602 853 sententia
623 815 900 861 Bonfrerii,
937 815 1005 863 qui
1027 815 1069 852 in
1090 815 1330 863 praeloquiis
1352 827 1381 852 c.
1407 822 1428 855 8
1454 828 1480 851 s.
1507 821 1529 853 4
1562 814 1779 862 impulsum
1810 813 1969 861 quidem

230 874 436 924 praevium
461 874 648 919 admittit,
672 877 712 912 et
733 874 1009 919 assistentiam,
1043 887 1143 923 quae
1167 874 1396 923 scriptorem
1420 873 1639 917 comitetur,
1674 872 1892 910 accuratius
1915 872 1970 909 ita

232 934 430 979 describit,
454 935 500 970 ut
523 933 576 971 sit
598 933 901 978 „determinatio
924 933 1114 982 quaedam
1138 933 1185 970 ab
1208 933 1435 977 extrinseco,
1459 934 1505 969 ut
1527 932 1681 969 diversa
1701 932 1764 968 vel
1779 931 1971 968 contraria

232 994 295 1038 iis,
319 993 389 1041 qui
411 992 600 1037 scribunt,
625 993 792 1030 scribere
815 1005 891 1030 non
913 993 1076 1041 possint,
1101 1004 1187 1029 cum
1212 992 1426 1029 scribentes
1449 991 1620 1040 Spiritus
1644 1003 1672 1028 s.
1696 1001 1775 1027 non
1797 990 1971 1038 patiatur

233 1064 373 1097 errare,
397 1064 549 1101 semper
571 1052 699 1089 adstet
721 1051 982 1090 scribentibus
1005 1053 1164 1100 paratus
1196 1052 1237 1088 in
1260 1053 1351 1088 actu
1372 1051 1497 1100 primo
1520 1050 1612 1095 illis,
1647 1061 1746 1097 quae
1769 1048 1971 1086 scribenda

233 1113 337 1156 sunt,
360 1110 563 1159 inspirare,
589 1110 714 1148 sicubi
736 1111 809 1148 sibi
830 1111 959 1148 relicti
982 1113 1109 1148 essent
1131 1110 1351 1148 aberraturi
1369 1123 1377 1146 ·.
1397 1110 1444 1146 ab
1467 1109 1680 1146 intrinseco
1702 1110 1834 1145 tamen
1856 1107 1970 1144 liberi

233 1173 336 1215 sunt,
361 1182 449 1207 cum
471 1182 512 1206 re
534 1169 620 1218 ipsa
641 1170 728 1208 illos
751 1170 921 1219 Spiritus
945 1182 973 1207 s.
998 1182 1076 1207 non
1099 1169 1345 1215 determinet,
1368 1181 1438 1206 nec
1461 1168 1677 1216 quidquam
1699 1166 1972 1204 antecedenter

234 1230 277 1266 in
298 1229 378 1266 illis
399 1230 593 1277 operetur,
629 1229 708 1266 nisi
740 1229 865 1266 sicubi
897 1228 1072 1278 operatio
1104 1229 1238 1266 divina
1269 1228 1347 1265 illis
1378 1230 1438 1265 est
1469 1227 1723 1266 necessaria<<
1767 1225 1971 1274 Ejusmodi

233 1292 365 1325 tamen
387 1288 687 1336 inspirationem
710 1289 903 1325 minutam
919 1300 998 1325 non
1012 1300 1082 1336 pro
1097 1288 1277 1325 omnibus
1293 1287 1467 1324 admittit
1480 1286 1604 1323 libris.
1639 1286 1738 1322 Eum
1754 1287 1973 1333 sequuntur

236 1348 538 1391 Contenson,
561 1346 816 1384 Janssens
841 1350 933 1392 etc.;
967 1359 1095 1395 neque
1118 1360 1139 1384 a
1162 1347 1281 1384 simili
1304 1346 1453 1383 theoria
1487 1346 1658 1382 multum
1682 1343 1891 1381 dissentire
1914 1343 1972 1380 vi-

235 1406 379 1443 dentur
400 1405 506 1443 Rich.
541 1406 721 1452 Simon,
758 1407 927 1455 Dupin
959 1409 997 1443 et
1020 1406 1230 1450 Calmet3
1267 1406 1364 1443 falso
1399 1417 1489 1442 vero
1524 1417 1568 1441 ea
1600 1403 1746 1453 passim
1779 1402 1973 1439 tribuitur

235 1464 555 1502 Bellarmino
578 1467 617 1502 et
640 1465 816 1503 Cornelio
841 1479 862 1502 a
884 1465 1086 1514 Lapide.
1131 1465 1235 1509 Quae
1259 1465 1390 1513 opinio
1404 1463 1609 1509 refellitur,
1633 1465 1721 1500 tum
1736 1462 1829 1510 quia
1853 1472 1894 1501 a.
1911 1473 1970 1498 as—

236 1523 417 1561 sistentia
438 1536 689 1572 praeservans
713 1527 773 1562 est
794 1525 889 1573 quid
911 1524 1151 1574 negativum,
1175 1524 1380 1573 inspiratio
1403 1535 1494 1560 vero
1519 1524 1650 1559 actum
1673 1521 1853 1570 designat
1866 1520 1970 1569 posi-

235 1583 376 1628 tivum,
400 1594 477 1631 quo
500 1583 586 1632 quis
609 1586 786 1621 auctor
809 1586 869 1621 est
890 1583 994 1628 libri,
1025 1585 1112 1620 tum
1135 1584 1228 1631 quia
1249 1581 1293 1623 l).
1326 1596 1352 1620 s.
1387 1582 1586 1630 Scriptura
1617 1593 1659 1618 ea
1691 1580 1733 1617 in
1764 1578 1973 1628 hypothesi

237 1655 314 1680 non
337 1644 438 1679 esset
460 1654 482 1679 v
495 1642 580 1679 erb
592 1655 619 1679 u
632 1656 671 1679 m
693 1643 761 1679 Dei
778 1657 785 1687 ;
808 1645 893 1680 tum
918 1643 1011 1691 quia
1027 1652 1068 1682 (3.
1087 1642 1301 1679 secundum
1316 1654 1399 1679 eam
1416 1641 1571 1678 decreta
1586 1640 1702 1677 etiam
1719 1638 1972 1676 conciliorum

238 1701 575 1739 oecumenicorum
597 1701 725 1738 forent
757 1701 952 1750 inspirata
983 1704 1028 1738 ut
1060 1701 1261 1750 Scriptura
1293 1713 1411 1745 sacra,
1448 1699 1552 1748 quod
1584 1711 1697 1736 nemo
1732 1698 1855 1741 dicet,
1886 1699 1974 1734 tum

238 1760 330 1808 quia
352 1758 394 1801 d.
416 1772 577 1809 prorsus
601 1760 733 1797 deficit
755 1761 802 1797 ab
825 1760 1096 1809 inspirationis
1130 1760 1289 1798 notione
1322 1772 1440 1808 supra
1471 1759 1524 1811 (n.
1554 1764 1631 1798 158
1657 1754 1703 1808 S.)
1727 1756 1903 1805 exposita
1937 1761 1977 1792 et

238 1819 453 1856 vindicata.

372 1901 462 1942 162.
499 1898 828 1942 corollarium
861 1899 954 1942 ΙΙΙ.
1012 1898 1107 1939 Sola
1146 1897 1393 1952 approbatio
1428 1898 1567 1937 divina
1604 1910 1681 1937 non
1718 1896 1881 1951 sufficit.
1922 1921 1972 1926 —

237 1967 480 2009 Secundum
512 1968 640 2009 aliam
663 1969 907 2021 opinionem
939 1968 1044 2009 liber
1076 1968 1226 2021 aliquis
1259 1968 1351 2009 sola
1384 1967 1694 2020 approbatione
1729 1967 1870 2007 divina
1902 1978 1977 2008 seu

216 2031 466 2080 ¹insertione
489 2040 532 2079 in
555 2051 764 2080 canonem
788 2039 929 2081 evadit
951 2039 1116 2080 divinus
1139 2043 1180 2080 et
1201 2039 1378 2080 verbum
1401 2038 1488 2087 Dei,
1522 2050 1572 2079 eo
1596 2037 1738 2086 modo,
1771 2050 1854 2090 quo
1878 2049 1976 2078 sen-

236 2110 369 2151 tentia
391 2110 532 2162 aliqua
564 2122 589 2151 a
612 2109 818 2151 Cicerone
849 2110 1007 2162 scripta
1039 2108 1083 2149 fit
1113 2108 1291 2150 verbum
1323 2121 1478 2158 meum,
1509 2109 1544 2149 si
1576 2120 1627 2149 ea
1658 2113 1754 2149 utar
1787 2108 1840 2149 ad
1875 2120 1976 2148 con-

237 2187 406 2233 ceptum
439 2192 582 2221 meum
614 2181 948 2234 exprimendum.
993 2180 1112 2221 Hanc
1143 2184 1189 2221 ut
1219 2180 1488 2233 hypothesim
1521 2179 1766 2231 possibilem
1799 2180 1977 2220 innuunt

236 2252 584 2302 Bonfrerius,
614 2252 887 2293 Platelius
919 2250 1124 2305 Synopsis
1152 2264 1259 2292 curs.
1283 2251 1408 2292 theol.
1431 2250 1481 2291 ΙΙΙ
1503 2264 1540 2303 p.
1566 2254 1619 2295 73
1642 2264 1680 2291 n.
1704 2254 1758 2294 91
1784 2255 1825 2291 et
1847 2250 1977 2290 Les-

238 2323 373 2371 sius,
406 2323 475 2375 qui
509 2323 702 2364 concedit
740 2324 797 2374 „si
824 2322 995 2376 aliquod
1019 2335 1125 2374 opus
1147 2322 1263 2374 pium
1286 2326 1327 2362 et
1350 2322 1536 2362 salutare
1559 2322 1749 2363 humana
1771 2321 1976 2361 industria

237 2405 289 2434 ex
321 2393 462 2434 divino
494 2394 694 2435 instinctu
718 2394 1002 2446 compositum
1024 2392 1192 2445 publico
1216 2392 1460 2433 testimonio
1485 2391 1666 2444 Spiritus
1699 2405 1729 2432 s.
1764 2391 1978 2444 approba-

236 2468 353 2505 retur
373 2468 594 2517 tamquam
625 2465 668 2505 in
699 2463 896 2505 omnibus
929 2463 1015 2504 suis
1043 2462 1234 2515 partibus
1257 2462 1536 2509 verissimum,
1569 2462 1653 2503 tale
1676 2474 1783 2514 opus
1806 2460 1975 2501 habitu-

237 2548 333 2576 rum
356 2535 654 2576 auctoritatem
678 2546 814 2587 aeque
836 2533 1097 2575 infallibilem
1119 2538 1246 2586 atque
1270 2531 1533 2585 Scripturam
1556 2538 1610 2576 S.“
1661 2531 1744 2573 Sed
1779 2542 1976 2584 expresse

238 2606 470 2655 adnotavit,
492 2617 538 2647 se
560 2606 694 2647 hocce
717 2604 986 2646 solummodo
1011 2604 1176 2653 dixisse,
1201 2608 1246 2644 ut
1267 2617 1293 2656 p
1307 2603 1563 2653 ossibile,
1587 2615 1674 2644 non
1697 2607 1840 2643 autem
1864 2601 1976 2654 quod

240 2687 390 2729 reapse
412 2677 456 2717 in
477 2688 643 2717 canone
666 2674 910 2728 Scripturae
934 2689 964 2715 s.
987 2675 1082 2716 talis
1104 2674 1211 2715 liber
1232 2675 1469 2727 reperiatur
1490 2675 1532 2730 1).
1577 2673 1627 2715 Ut
1650 2674 1803 2714 thesim
1826 2672 1976 2712 saltem

241 2747 354 2787 circa
376 2747 542 2800 aliquos
564 2747 695 2788 libros
719 2758 814 2788 eam
837 2748 1035 2798 proponit
1061 2745 1108 2786 cl.
1132 2745 1419 2796 Haneberg
1443 2743 1695 2786 Geschichte
1719 2744 1793 2785 der
1816 2741 1973 2783 Offenb.

384 2897 408 2935 ι)
426 2894 479 2928 De
506 2894 690 2928 sententia
709 2894 823 2927 Lessii
841 2894 884 2927 cf.
903 2893 1150 2936 Kleutgen
1178 2891 1218 2925 in
1237 2891 1320 2925 diss.
1351 2891 1392 2924 R.
1411 2891 1448 2925 P.
1467 2891 1505 2924 L.
1534 2890 1648 2924 Lessii
1668 2889 1701 2924 S.
1721 2888 1752 2921 J.
1781 2887 1824 2920 de
1853 2885 1974 2918 divina

241 2945 484 2989 inspiratione
503 2947 673 2981 doctrina
697 2957 715 2980 e
743 2945 975 2980 documentis
994 2956 1166 2989 magnam
1186 2945 1327 2988 partem
1347 2943 1498 2978 ineditis
1517 2942 1703 2976 illustrata
1723 2940 1757 2973 et
1775 2938 1977 2983 ponderata

240 2999 411 3045 (append.
431 3011 489 3044 op.
508 3000 530 3035 S
543 3001 633 3034 chn
645 3010 663 3034 e
675 3010 693 3034 e
705 3012 740 3034 m
753 3011 845 3034 ann
863 2999 900 3033 S.
919 2999 950 3033 J.
971 2998 1311 3033 Controversiarum
1336 2997 1379 3031 de
1404 2997 1549 3031 divinae
1568 2995 1709 3040 gratiae
1727 2991 1905 3035 liberique
1925 3002 1977 3024 ar-

240 3052 342 3087 bitrii
363 3053 559 3087 concordia
576 3053 685 3088 initia
704 3055 739 3087 et
757 3063 983 3098 progressus,
1002 3050 1176 3096 Friburgi
1198 3053 1312 3091 1881).
