2175 3382
208 158 293 199 453
603 153 724 188 Tract.
744 153 805 187 111.
826 153 869 188 de
888 155 1066 199 primatu.
1086 154 1313 189 Concionum
1333 155 1566 199 argumenta.

207 279 290 313 stus
321 277 457 311 auctor
479 276 540 311 est
561 273 827 319 dissensionis,
862 275 1143 314 discordiarum
1170 275 1393 321 seminator,
1426 273 1558 312 mutui
1580 273 1658 311 odii
1680 286 1830 324 parens.
1872 275 1946 314 At-

208 334 276 382 qui
299 333 345 370 ad
368 333 465 370 hanc
487 333 682 381 triplicem
713 333 954 372 efficiendam
977 334 1360 383 conservandamque
1382 333 1588 378 unitatem,
1618 332 1658 370 vi
1682 334 1794 382 cujus
1814 333 1946 372 Eccle-

207 393 263 430 sia
294 392 362 429 fiat
393 404 533 440 corpus
565 394 605 429 et
626 393 727 430 ovile
758 406 894 439 unum,
927 394 1056 431 anima
1081 396 1121 431 et
1147 406 1211 431 cor
1231 406 1368 437 unum,
1397 392 1645 441 aptissimum
1668 392 1842 430 medium
1863 405 1948 431 esse

206 452 419 500 primatum
441 451 570 497 unius,
594 452 769 489 ostendit

325 520 365 550 a.
387 509 444 547 rei
465 513 670 556 natura,
694 514 740 548 ut
761 512 930 560 probant
951 523 1050 559 quae
1071 510 1303 548 adduximus
1324 523 1361 548 n.
1387 516 1490 556 335;

325 567 372 609 b.
396 568 415 605 f
423 571 590 606 actum
622 571 772 618 ipsum:
804 583 894 607 nam
925 569 1029 607 unde
1061 572 1173 607 tanta
1202 569 1244 606 in
1266 569 1438 607 Ecclesia
1468 581 1628 607 romana
1649 569 1795 616 unitas,
1828 581 1948 618 quam

207 641 252 665 ex
275 628 429 666 unitate
451 631 584 676 petrae
606 641 642 666 n.
669 635 749 669 322
771 629 798 666 2.
824 636 905 669 394
930 631 968 666 et
991 629 1134 666 summi
1155 628 1349 678 pastoris?

325 696 365 728 c.
387 689 427 724 et
457 687 659 725 evidenter
689 688 879 737 probatur
900 701 921 725 a
942 688 1228 725 contrario:
1260 700 1351 725 nam
1373 687 1476 725 unde
1499 688 1611 725 tanta
1633 687 1824 725 discordia
1845 689 1885 725 et
1905 687 1947 725 in

207 746 426 796 fragmenta
455 746 662 784 innumera
693 747 831 785 divisio
863 747 966 795 apud
998 749 1123 784 sectas
1156 759 1274 795 quam
1304 759 1350 784 ex
1380 746 1536 784 defectu
1568 746 1742 795 supremi
1776 746 1946 796 pastoris

206 805 424 843 authentici
446 818 483 842 n.
509 811 604 845 335.
630 812 710 846 :357
725 808 742 842 ⁸?

325 863 367 905 ⁸2.
390 864 460 901 Est
483 864 665 902 salutaris
686 865 859 902 tutela
879 865 1071 902 revelatae
1094 864 1352 902 veritatis.
1385 864 1479 902 Cum
1502 864 1610 902 enim
1632 864 1812 902 Christus
1834 877 1957 914 prae-.

206 923 347 961 dixerit
377 923 533 960 futuras
565 924 742 961 haereses
774 927 813 962 et
844 923 1033 969 scandala,
1065 936 1152 961 cum
1186 923 1235 961 ob
1256 923 1408 973 ingenii
1430 923 1592 961 humani
1614 923 1887 962 infirmitatem
1908 925 1949 962 et

206 982 253 1019 ad
285 994 452 1020 errorem
484 983 723 1031 pronitatem
760 983 979 1021 certissimo
1003 995 1156 1032 semper
1177 983 1354 1020 oriturae
1375 985 1415 1021 et
1435 995 1571 1020 revera
1604 985 1711 1020 ortae
1745 983 1826 1020 sint
1847 983 1951 1021 circa

206 1041 455 1079 revelationis
487 1041 724 1090 depositum,
757 1043 834 1080 imo
867 1042 968 1080 circa
993 1042 1138 1091 primas
1160 1041 1310 1079 ordinis
1332 1042 1492 1079 moralis
1514 1042 1701 1080 veritates
1723 1043 1948 1080 controver—

207 1101 305 1138 siae:
339 1100 440 1137 nihil
471 1101 624 1150 gratius
655 1102 858 1151 magisque
890 1103 1158 1150 opportunum
1185 1102 1354 1138 humano
1377 1101 1512 1151 generi
1534 1101 1709 1139 accidere
1730 1101 1864 1150 potuit
1884 1101 1947 1139 in-

208 1160 416 1197 stitutione
438 1159 578 1206 judicis
600 1161 953 1198 controversiarum
975 1173 1012 1197 n.
1034 1166 1127 1206 257,
1154 1160 1384 1209 praesertim
1406 1160 1438 1198 si
1459 1160 1493 1197 is
1517 1160 1814 1198 infallibilitatis
1834 1172 1948 1211 prae·

207 1219 381 1268 rogativa
412 1221 471 1256 est
502 1221 642 1256 auctus
665 1216 718 1272 (n.
744 1218 857 1271 340).
899 1220 986 1257 Erit
1006 1220 1039 1257 is
1060 1220 1173 1268 phari
1193 1220 1320 1256 instar
1342 1219 1447 1256 inter
1468 1221 1530 1257 tot
1551 1219 1731 1268 scopulos
1754 1232 1944 1265 errorum,

207 1290 304 1326 quos
326 1278 576 1315 tenebrarum
607 1278 787 1328 princeps
812 1279 916 1316 inter
937 1279 1113 1316 homines
1135 1279 1300 1316 seminat
1322 1278 1464 1318 Matth.
1492 1284 1554 1324 13,
1582 1284 1647 1325 25,
1670 1279 1775 1316 inter
1795 1279 1858 1317 tot
1877 1290 1946 1316 ne-

204 1337 318 1374 bulas
350 1336 571 1380 dubiorum‚
605 1350 703 1385 quae
735 1338 888 1384 excitat,
921 1338 1026 1375 inter
1056 1340 1116 1375 tot
1147 1338 1499 1376 controversiarum
1521 1338 1715 1384 turbines,
1749 1351 1865 1387 quem
1888 1350 1948 1376 se-

206 1398 370 1444 quentes
392 1395 526 1433 fideles
547 1396 801 1446 naufragium
822 1399 910 1434 tuto
932 1397 1123 1447 effugient
1145 1395 1198 1448 (n.
1223 1403 1318 1437 412.
1343 1395 1458 1449 421).
1952 1431 1955 1435 .

324 1452 365 1494 3.
390 1455 461 1492 Est
491 1468 678 1505 magnum
710 1455 1005 1493 subsidium
1039 1469 1110 1504 pro
1141 1456 1332 1493 firmanda
1363 1455 1686 1493 auctoritate
1716 1456 1780 1493 vel
1811 1455 1948 1494 sociali

205 1516 324 1562 atque
347 1512 481 1551 efficax
502 1515 782 1552 remedium
805 1516 940 1552 contra
961 1515 1365 1553 liberalismum:
1389 1527 1480 1552 nam
1494 1524 1537 1555 a.
1555 1516 1616 1552 est
1633 1515 1742 1564 jugis
1764 1527 1948 1564 praeco

205 1572 353 1610 ordinis
377 1574 699 1621 supernaturalis,
734 1574 802 1622 qui
824 1574 964 1612 evertit
993 1574 1297 1612 naturalismum
1319 1576 1360 1611 et
1379 1574 1694 1612 rationalismum
1715 1573 1950 1612 liberalismi

203 1635 389 1681 parentes
413 1635 451 1669 et
472 1632 656 1673 fautores.

326 1689 374 1731 b.
398 1703 467 1728 sua
496 1691 659 1729 immota
681 1692 902 1729 constantia
934 1688 989 1745 (n.
1014 1698 1093 1733 337
1128 1694 1168 1730 et
1197 1705 1235 1729 n.
1258 1689 1450 1745 praeced.)
1478 1694 1836 1742 argumentum
1861 1692 1946 1741 pal-

208 1750 335 1798 pabile
357 1750 528 1787 influxus
552 1750 675 1788 divini
697 1750 739 1788 in
760 1763 822 1789 res
846 1752 1074 1798 mundanas,
1101 1751 1371 1800 providentiae
1393 1751 1718 1800 supernaturalis,
1742 1764 1821 1800 qua
1840 1751 1947 1789 Deus

208 1810 337 1846 omnia
359 1822 428 1858 pro
451 1812 554 1847 nutu
577 1822 648 1848 suo
671 1810 867 1859 disponit3

326 1877 367 1908 (3.
390 1869 614 1906 monitor
645 1871 703 1906 est
730 1869 920 1907 divinitus
946 1869 1169 1917 institutus,
1199 1870 1269 1918 qui
1291 1869 1554 1918 potestatibus
1575 1870 1695 1918 hujus
1718 1869 1840 1907 seculi
1862 1869 1945 1907 suis

201 1927 360 1975 juribus
391 1928 646 1977 potentiaque
685 1928 942 1966 abutentibus
983 1929 1170 1967 inclamet
1203 1941 1292 1966 cum
1322 1928 1474 1966 Joanne
1504 1929 1702 1978 Baptista:
1744 1929 1833 1966 Non
1862 1929 1947 1966 licet

207 1987 343 2024 Matth.
364 1993 426 2033 14,
452 1994 498 2034 4;
521 1989 560 2024 et
582 1999 672 2024 cum
693 1988 730 2026 b.
743 1988 861 2026 Petro
879 1987 1037 2026 obedire
1057 1993 1200 2037 oportet
1214 1988 1292 2026 Deo
1306 1989 1430 2038 mayis
1443 2000 1560 2038 quam
1573 1987 1791 2026 hominibus
1804 1989 1889 2026 Act.
1906 1994 1942 2034 5,

209 2051 283 2091 293
309 2045 476 2094 ideoque
1362 2063 1368 2067 ·

324 2102 370 2145 d.
394 2105 580 2143 vindex
610 2107 669 2143 est
699 2105 894 2143 libertatis
925 2106 1195 2153 conscientiae,
1222 2106 1375 2156 jurium
1402 2105 1664 2153 subditorum,
1696 2106 1944 2144 infirmorum

206 2163 391 2202 adversus
412 2166 612 2213 tyrannos,
636 2167 683 2202 ut
704 2165 867 2203 historia
888 2165 1149 2204 ecclesiastica
1169 2167 1350 2204 testatur.
1390 2165 1518 2203 Verbo
1540 2167 1600 2203 est

323 2233 363 2264 θ.
396 2223 578 2272 perennis
609 2224 926 2273 protestatio
956 2226 1091 2262 contra
1120 2225 1423 2262 liberalismum:
1465 2225 1556 2262 hinc
1586 2225 1676 2263 illae
1708 2224 1790 2263 irae
1820 2224 1942 2274 hujus

206 2281 391 2320 adversus
412 2282 637 2331 primatum.
679 2283 892 2321 Absolvere
913 2283 1005 2321 licet
1024 2284 1155 2322 verbis
1176 2297 1213 2321 n.
1239 2290 1334 2325 447.
