2175 3382
270 167 354 207 464
792 163 912 197 Tract.
933 163 990 199 111.
1011 163 1054 198 de
1073 163 1244 208 primatu.
1266 164 1490 198 concionum

270 281 410 322 multis
443 282 602 333 positos
635 281 968 334 comprehendit.
1020 281 1126 331 Non,
1159 282 1343 335 inquam,
1374 281 1521 323 recidit
1554 281 1619 322 vel
1651 283 1761 323 eruit
1792 295 1818 324 a
1849 295 1894 325 se
1928 284 2008 325 nisi

270 351 520 400 membrum,
543 352 656 405 quod
679 353 794 393 sanis
818 352 1020 394 membris
1044 353 1085 393 in
1108 353 1387 394 offensionem
1411 357 1452 394 et
1475 352 1706 405 perniciem
1721 354 1910 395 noscitur
1931 366 2006 396 ex-

269 423 459 465 stitisse.“
501 421 642 474 Quare
672 423 807 473 „absit
829 423 941 473 mihi,
966 424 1100 476 inquit
1122 421 1157 464 G
1172 423 1412 464 erhohus
1435 435 1577 476 praep.
1601 424 2007 478 reicherspergensis

270 494 312 549 (†
334 495 462 549 1169)
478 494 520 534 in
536 493 601 534 Ps.
617 498 684 543 25,
700 499 739 543 4,
763 499 913 535 contra
936 508 967 535 s.
982 506 1208 535 romanam
1225 493 1457 535 Ecclesiam
1480 494 1654 536 credere
1677 494 1814 543 alicui,
1838 495 2004 537 etiamsi

271 565 423 618 linguis
465 565 685 606 hominum
729 565 927 618 loquatur
970 570 1012 606 et
1054 565 1324 618 angelorum,
1376 566 1542 606 etiamsi
1585 565 1740 618 fulgeat
1780 565 2004 608 virtutibus

270 636 593 678 miraculorum:
627 638 828 689 quoniam
861 637 1166 690 qualiscunque
1198 637 1336 678 meriti
1369 638 1423 678 sit
1453 637 1524 689 qui
1555 642 1706 678 contra
1738 636 1861 678 fidem
1894 636 2008 679 Petri

268 707 407 755 sentit,
444 708 598 760 quique
628 707 949 749 successoribus
981 708 1111 760 ipsius
1142 708 1337 761 legitimis
1370 709 1411 749 in
1444 709 1609 750 ratione
1642 707 1737 750 fidei
1769 709 2009 751 catholicae

270 790 356 818 non
379 780 600 827 consentit,
632 778 818 831 portabit
835 779 1040 831 judicium
1064 780 1303 833 quicunque
1326 785 1389 821 est
1412 777 1491 827 ille,
1524 781 1691 821 etiamsi
1714 779 1837 821 fuerit
1857 779 1909 821 de
1931 792 2010 821 nu-

268 860 386 890 mero
412 848 677 890 electorum.“

392 943 442 975 44
452 943 486 976 8.
512 932 741 976 Scholion
765 935 1052 988 praeticum.
1089 937 1260 974 Cuilibet
1292 936 1606 984 disputationem
1629 937 1675 975 de
1697 937 1866 975 Ecclesia
1887 939 1927 974 et
1947 948 2010 974 ro-

270 1007 384 1032 mano
408 995 591 1043 pontifice
612 996 831 1045 perlegenti
846 996 1010 1044 patebit,
1034 995 1195 1033 uberem
1210 1009 1293 1033 eam
1308 996 1507 1033 continere
1522 998 1846 1046 argumentorum
1859 995 2010 1045 copiam

267 1066 337 1102 pro
369 1054 558 1091 habendis
590 1055 840 1092 concionibus
881 1055 1111 1104 praesertim
1151 1055 1197 1092 ad
1230 1054 1510 1093 confirmandos
1540 1055 1673 1093 fideles
1705 1056 1747 1093 in
1777 1055 2009 1101 reverentia,

268 1126 408 1158 amore,
441 1113 629 1160 obsequio
661 1126 753 1163 erga
774 1114 1000 1159 Ecclesiam,
1033 1114 1075 1151 in
1106 1114 1240 1151 studio
1274 1116 1312 1151 et
1334 1114 1414 1152 zelo
1437 1114 1484 1151 ad
1506 1114 1674 1153 tuendas
1695 1114 1869 1163 ejusdem
1890 1114 2008 1152 liber—

267 1174 401 1216 tatem,
426 1172 781 1221 independentiam,
806 1176 953 1210 ceteras
967 1173 1256 1223 praerogativas
1270 1176 1309 1210 et
1325 1174 1431 1222 jura,
1454 1174 1500 1211 ad
1516 1174 1818 1222 promovendam
1832 1173 2009 1223 ejusdem

268 1243 422 1268 causam
446 1234 564 1280 atque
586 1231 838 1270 diffusionem
860 1245 929 1281 per
950 1233 1095 1278 orbem,
1120 1245 1188 1281 per
1209 1234 1345 1282 gentes
1367 1233 1408 1269 in
1429 1233 1567 1281 primis
1585 1233 1777 1270 barbaras.
1800 1233 1896 1271 Cum
1917 1233 2006 1282 plu-

267 1290 366 1327 rima
398 1303 495 1338 quae
527 1290 568 1327 in
590 1291 784 1328 Ecclesiae
807 1292 1181 1329 commendationem
1211 1291 1287 1329 dici
1308 1292 1470 1340 possint,
1505 1304 1639 1341 sparsa
1659 1305 1730 1341 per
1751 1292 1844 1330 libri
1865 1300 2007 1341 corpus

267 1349 448 1397 reperias,
476 1349 646 1387 sufficiat
668 1350 730 1388 hic
751 1350 883 1398 aliqua
904 1353 1062 1388 tantum
1084 1363 1154 1399 per
1177 1363 1329 1388 summa
1350 1351 1475 1388 veluti
1497 1351 1622 1400 capita
1645 1351 1849 1389 indicasse.

386 1405 426 1448 Ι.
449 1407 584 1458 Ipsum
617 1409 893 1458 disputationis
926 1410 1131 1447 exordium
1161 1423 1198 1447 n.
1237 1416 1313 1450 186
1348 1422 1396 1447 ss.
1428 1410 1593 1448 uberius
1625 1411 1846 1459 expositum
1875 1410 2009 1448 fideles

267 1467 390 1504 nobili
414 1468 567 1505 imbuet
589 1469 782 1506 Ecclesiae
804 1469 975 1513 notione,
1011 1471 1058 1506 ut
1080 1470 1293 1518 agnoscant
1315 1481 1400 1506 eam
1421 1481 1502 1506 esse
1525 1470 1751 1507 societatem
1772 1483 1850 1508 non
1872 1469 1919 1507 de
1940 1481 2008 1519 ge-

267 1539 358 1564 nere
381 1529 607 1572 ceterarum,
641 1540 718 1565 non
746 1541 828 1565 esse
850 1528 1082 1566 institutum
1105 1529 1332 1575 humanum,
1366 1529 1431 1566 sed
1454 1541 1613 1578 reynum
1634 1529 1710 1566 Dei
1730 1530 1771 1566 in
1793 1531 1919 1578 terris,
1944 1528 2008 1566 cui

267 1598 379 1623 nemo
412 1598 452 1623 se
484 1586 711 1625 subtrahere
743 1587 876 1636 possit,
909 1588 977 1635 qui
1010 1588 1121 1637 regni
1142 1587 1211 1625 Dei
1241 1587 1282 1624 in
1316 1588 1432 1625 coelis
1454 1588 1553 1625 velit
1574 1600 1657 1625 esse
1678 1589 1892 1637 particeps;
1925 1599 2008 1626 esse

267 1645 385 1694 hujus
408 1646 532 1682 veluti
563 1646 894 1695 anticipationem,
926 1647 1004 1684 imo
1036 1647 1335 1692 inchoationem,
1369 1646 1534 1695 ideoque
1566 1660 1642 1696 quo
1672 1648 1836 1696 pronius
1859 1647 1946 1696 quis
1967 1659 2007 1684 se

267 1703 419 1741 dederit
440 1704 647 1751 Ecclesiae,
680 1718 724 1743 eo
757 1705 903 1743 certius
935 1706 1199 1743 adventurum
1229 1706 1270 1743 in
1301 1707 1430 1755 ipsum
1460 1718 1626 1755 regnum
1648 1706 1717 1744 Dei
1742 1708 1860 1755 atque
1881 1705 2006 1744 adim-

267 1763 366 1811 pleri
388 1763 501 1800 Pauli
533 1764 862 1802 exhortationem:
895 1763 1042 1803 Nostra
1074 1771 1200 1802 autem
1221 1766 1451 1803 conservatio
1471 1763 1514 1802 in
1535 1766 1646 1803 coelis
1667 1770 1742 1803 est:
1774 1767 1873 1803 unde
1893 1767 2007 1803 etiam

269 1823 496 1872 saluatorem
517 1829 777 1872 exspectamus
799 1825 846 1862 D.
869 1824 917 1861 N.
941 1825 978 1862 J.
1006 1824 1094 1864 Chr.
1116 1824 1216 1861 Phil.
1242 1832 1277 1870 3,
1304 1831 1368 1865 20.

387 1882 524 1919 Merito
555 1885 687 1920 autem
718 1883 928 1921 exhibetur
949 1883 1121 1921 Ecclesia
1155 1884 1226 1921 sub
1248 1883 1336 1922 idea
1357 1883 1468 1932 regni
1490 1883 1560 1920 Dei
1592 1883 1635 1920 in
1665 1883 1791 1920 terris.
1832 1882 1885 1920 Et
1914 1895 2006 1920 sane

269 1938 310 1980 l.
334 1953 498 1990 regnum
521 1941 593 1978 Dei
624 1942 666 1979 in
697 1943 813 1980 terris
845 1945 905 1980 est
935 1943 1085 1980 ratione
1117 1943 1372 1988 auctoris,
1405 1942 1473 1991 qui
1505 1954 1583 1979 non
1606 1944 1666 1979 est
1686 1942 1788 1980 alius
1810 1955 1832 1979 a
1853 1941 2006 1979 Christo

265 1999 372 2044 Jesu‚
396 2000 523 2038 Verbo
557 2013 643 2039 caro
674 2001 786 2047 facto,
821 2002 883 2038 cui
915 2013 956 2042 a.
981 2002 1095 2039 Pater
1127 2002 1242 2039 dixit:
1278 2002 1435 2039 Postula
1467 2015 1490 2038 a
1523 2014 1592 2050 me7
1624 2006 1656 2038 et
1679 2001 1775 2039 dabo
1797 2001 1864 2038 tibi
1881 2006 2009 2051 yentes

265 2059 508 2096 hereditatem
530 2065 636 2097 tuam
659 2066 691 2098 et
706 2062 983 2109 possessionem
1005 2066 1111 2098 tuam
1133 2063 1314 2099 terminos
1335 2066 1462 2099 terrae
1476 2061 1537 2100 Ps.
1555 2066 1590 2106 2,
1619 2066 1641 2101 8
1666 2061 1736 2098 col.
1758 2060 1848 2101 Luc.
1878 2067 1910 2106 1,
1929 2065 1980 2100 32
1999 2075 2008 2106 ;

266 2117 334 2166 qui
356 2116 403 2159 b.
427 2131 509 2156 eam
533 2132 676 2169 magna
696 2120 861 2157 victoria
882 2133 1102 2170 magnoque
1125 2120 1250 2169 pretio
1283 2121 1307 2158 i.
1330 2133 1361 2157 e.
1385 2119 1575 2169 sanguine
1599 2131 1669 2157 suo
1693 2119 1900 2168 acquisivit
1920 2119 2007 2156 Act.

269 2182 333 2222 20,
369 2184 444 2221 28;
486 2179 554 2226 qui
585 2188 624 2219 (3.
656 2179 853 2228 promisit:
896 2180 1116 2226 Aedifieabo
1148 2180 1357 2217 Ecclesiam
1388 2192 1522 2228 meam,
1557 2183 1590 2216 et
1615 2183 1752 2227 portae
1782 2178 1900 2226 inferi
1929 2190 2006 2216 non

259 2237 530 2284 praevalebunt
561 2238 745 2276 adversus
766 2251 849 2276 eam
871 2239 1009 2277 Matth.
1037 2246 1100 2284 16,
1132 2245 1201 2283 18;
1230 2239 1299 2287 qui
1322 2236 1369 2278 d.
1393 2238 1574 2287 regnavit
1595 2251 1616 2275 a
1638 2238 1746 2288 ligno
1768 2237 1892 2275 Deus:
1914 2250 2005 2274 nam

265 2307 399 2333 revera
430 2309 498 2344 per
528 2297 659 2345 ipsum
681 2297 891 2335 suscitavit
911 2297 1026 2336 Deus
1055 2299 1145 2335 coeli
1176 2310 1346 2348 reynum,
1379 2298 1478 2347 quod
1514 2299 1553 2335 in
1576 2302 1771 2334 aeternum
1792 2309 1867 2334 non
1889 2297 2004 2334 dissi-

260 2354 422 2402 pabitur
453 2360 485 2392 et
507 2369 662 2406 reynum
685 2357 762 2404 ejus
791 2355 904 2395 alteri
917 2355 1064 2405 populo
1087 2369 1160 2394 non
1182 2357 1386 2395 tradetur:
1419 2358 1644 2394 comminuet
1668 2361 1794 2394 autem
1816 2360 1848 2392 et
1869 2368 2004 2393 consu-

268 2418 338 2450 met
360 2415 537 2451 universa
561 2428 677 2465 reyna
698 2417 786 2453 haec
808 2421 840 2453 et
862 2417 986 2464 ipsum
1008 2416 1122 2453 stabit
1143 2417 1181 2453 in
1206 2421 1401 2453 aeternum
1422 2416 1518 2453 Dan.
1545 2421 1580 2461 2,
1617 2422 1671 2455 44
1696 2412 1749 2467 (n.
1775 2422 1840 2455 71.
1867 2420 1918 2455 79
1942 2410 2004 2467 s.)-

383 2471 425 2512 2.
450 2473 517 2510 Est
549 2487 714 2524 regnum
739 2475 809 2512 Dei
839 2475 990 2512 ratione
1021 2475 1212 2524 legum:
1244 2488 1333 2512 nam
1367 2474 1408 2512 in
1429 2474 1600 2512 Ecclesia
1632 2474 1756 2511 menti
1777 2473 2005 2511 dominatur

266 2531 408 2568 veritas
433 2532 480 2568 ab
503 2532 589 2581 ipsa
609 2533 786 2571 Veritate
816 2534 987 2571 revelata
1008 2536 1047 2571 et
1068 2535 1342 2583 promulgata:
1371 2534 1461 2571 hinc
1482 2545 1648 2583 regnum
1671 2535 1732 2570 est
1753 2532 2004 2570 veritatis

267 2587 321 2641 (n.
347 2595 425 2630 275
447 2588 501 2643 3);
533 2592 730 2630 voluntati
761 2593 886 2642 ipsius
908 2593 1104 2638 voluntas,
1136 2606 1225 2630 nam
1260 2593 1424 2642 apostoli
1446 2592 1580 2630 docere
1603 2592 1747 2629 debent
1767 2591 1901 2628 fideles
1923 2603 2002 2629 ser-

265 2660 355 2685 vare
386 2651 514 2687 omnia
546 2663 800 2700 quaecunque
831 2652 913 2701 ipse
942 2652 1144 2689 mandavit
1165 2652 1302 2691 Matth.
1328 2658 1393 2696 20,
1424 2658 1488 2696 28,
1522 2651 1612 2688 hinc
1643 2663 1811 2700 regnum
1841 2652 1900 2687 est
1925 2651 2001 2698 ju-

266 2707 451 2745 stitiae
474 2709 569 2746 Dan.
596 2717 630 2751 9,
657 2717 730 2755 243
763 2711 869 2748 cordi
900 2711 1125 2748 dominatur
1153 2712 1237 2760 ejus
1259 2711 1418 2748 caritas:
1449 2723 1540 2747 nam
1562 2710 1693 2759 ignem
1714 2709 1823 2747 venit
1844 2709 2001 2746 mittere

267 2768 306 2803 et
328 2766 420 2814 quid
444 2768 532 2804 vult
553 2769 631 2805 nisi
653 2772 699 2806 ut
721 2770 954 2808 accendatur
975 2770 1065 2807 Luc.
1093 2776 1156 2815 12,
1183 2776 1249 2816 49,
1272 2769 1365 2807 hinc
1386 2782 1552 2819 regnum
1577 2771 1638 2806 est
1659 2768 1815 2817 pacis.

385 2822 428 2866 3.
452 2826 522 2863 Est
543 2840 707 2876 regnum
723 2829 795 2865 Dei
817 2829 968 2866 ratione
989 2829 1214 2866 virtutis
1237 2831 1276 2866 et
1298 2828 1498 2873 efficaciae,
1521 2841 1611 2865 nam
1625 2826 1799 2865 Ecclesia
1811 2826 2001 2877 irrigatur

266 2885 415 2922 virtute
446 2888 484 2922 et
516 2886 653 2935 gratia,
687 2900 785 2935 quae
818 2900 862 2925 ex
885 2887 1038 2926 Christo
1071 2888 1195 2936 capite
1226 2887 1422 2925 uberrime
1453 2887 1494 2923 in
1526 2887 1660 2935 ipsam,
1693 2887 1778 2935 ejus
1800 2897 1940 2935 corpus
1962 2887 2002 2923 et

266 2944 450 2989 membra,
482 2944 676 2982 redundat
698 2947 749 2993 (n.
776 2944 888 2999 208),
921 2959 1012 2984 nam
1043 2948 1087 2984 cle
1114 2947 1351 2995 plenitudine
1379 2946 1458 2994 ejus
1488 2958 1557 2983 nos
1585 2958 1711 2983 omnes
1737 2946 1947 2993 accepimus
1968 2949 2001 2981 et

265 3003 438 3050 qratiam
457 3015 529 3051 pro
549 3005 679 3052 qratia
701 3005 760 3042 Jo.
790 3014 821 3050 1,
850 3012 912 3045 16.

384 3058 428 3102 4.
452 3062 523 3099 Est
544 3075 708 3112 regnum
731 3063 801 3100 Dei
822 3064 972 3101 ratione
994 3063 1425 3109 inhabitationis,
1449 3076 1538 3100 nam
1559 3063 1662 3100 Deus
1677 3062 1870 3100 Ecclesiae
1892 3061 2000 3099 adest

266 3132 343 3156 non
375 3121 503 3158 solum
533 3122 671 3167 tutela,
705 3135 782 3170 qua
812 3122 936 3171 ipsam
969 3123 1156 3160 invictam
1178 3122 1308 3160 reddit
1329 3122 1467 3159 Matth.
1495 3128 1557 3167 16,
1588 3127 1635 3161 18
1661 3123 1731 3162 etc.
1764 3118 1818 3174 (n.
1844 3127 1924 3161 263
1943 3118 1997 3173 ²);
