2175 3382
0 1628 182 1768 Ᾰ
221 1748 311 1797 gata
333 1750 411 1791 est;
434 1759 553 1796 prope
571 1747 652 1795 jam
675 1747 847 1784 desolata
868 1746 1015 1794 templa
1038 1745 1195 1782 deorum
1221 1748 1259 1782 et
1282 1744 1473 1782 solemnia
1499 1744 1568 1780 diu
1593 1742 1853 1780 intermissa«
1878 1741 1906 1777 T
1919 1755 1958 1778 a·
2037 1787 2039 1791 Α
2087 1790 2093 1792 g

179 1814 193 1842 'x
223 1807 360 1844 citus
382 1806 523 1843 Annal.
558 1805 636 1851 XV,
675 1813 727 1845 44
763 1805 943 1853 loquitur
974 1805 1019 1841 de
1052 1804 1205 1853 ingenti
1235 1803 1512 1845 multitudine,
1547 1815 1645 1850 quae
1667 1801 1787 1838 fuerit
1809 1801 2032 1856 Romae&
2067 1810 2143 1842 Q

0 1769 24 1793 γ

187 1336 200 1380 i

749 113 939 157 religionis
959 113 1181 147 christianae
1201 115 1431 157 propagatio.
1899 120 1953 162 89

224 245 330 283 res,
354 233 505 286 quibus
529 232 807 274 consideratis
822 231 1130 273 ostendendum
1155 236 1229 279 est,
1252 232 1409 273 factum
1432 233 1529 274 illud
1552 234 1801 275 naturaliter
1823 233 1954 286 expli-

224 305 311 345 cari
341 316 428 345 non
458 315 598 356 posse,
633 303 707 344 sed
742 302 1045 344 recurrendum
1080 314 1173 343 esse
1204 303 1259 342 ad
1291 303 1516 354 specialem
1544 304 1618 345 Dei
1650 305 1954 351 interventum3

206 379 325 416 ‘tunc
347 374 518 416 demum
541 373 695 414 inferre
717 373 825 421 licet,
847 375 1087 413 interventu
1110 372 1183 413 Dei
1206 372 1477 424 comprobari
1500 373 1735 414 doctrinam
1760 386 1835 415 seu
1859 374 1955 415 reli-

224 445 392 497 gionem
414 444 542 494 illam,
565 444 616 485 de
639 456 722 497 qua
745 444 892 494 agitur.

339 531 406 572 80.
429 527 793 570 Demonstratio
821 527 865 571 1.
910 525 1212 566 Consideretur
1237 526 1438 566 factum
1472 526 1582 566 latae
1606 526 1836 579 celerisque
1859 528 1955 568 reli-

223 598 357 651 gionis
380 597 638 638 christianae
661 597 995 649 propagationis.
1039 596 1182 637 Altero
1206 601 1301 648 post
1324 595 1535 637 Christum
1559 596 1712 645 seculo,
1736 597 1820 637 imo
1844 598 1957 638 haud

223 669 364 710 multis
387 667 441 709 ab
464 668 654 720 ejusdem
678 671 816 708 morte
840 667 963 708 annis
985 667 1095 707 ultra
1117 667 1282 719 imperii
1305 667 1471 707 romani
1494 667 1708 715 terminos,
1740 679 1872 720 usque
1904 668 1957 708 ad

221 739 325 780 fines
348 738 464 780 orbis
487 743 587 779 tunc
610 738 700 779 noti
722 737 874 778 diffusa
898 736 984 785 fuit,
1015 737 1171 790 ubique
1198 738 1388 778 locorum
1412 738 1614 790 plurimos
1637 750 1866 778 numerans
1889 751 1957 779 as-

223 810 371 860 560135,
392 822 479 851 non
502 810 642 850 solum
672 821 723 850 ex
756 808 890 861 plebe,
927 808 1001 849 sed
1034 809 1163 849 etiam
1197 820 1248 849 ex
1280 808 1592 849 conditionibus
1615 807 1882 855 cultioribus;
1917 813 1958 849 et

223 893 306 934 quo
338 892 617 921 romanorum
641 891 761 920 arma
784 883 1008 931 penetrare
1041 891 1128 920 non
1160 883 1368 931 poterant,
1400 880 1492 931 ipsa
1524 879 1743 919 hominum
1777 880 1960 920 maxime

221 952 503 993 barbarorum
527 951 695 992 animos
718 950 797 991 sihi
819 950 1006 1002 subjecit.

338 1039 468 1087 Hujus
491 1040 570 1075 tam
593 1038 751 1086 rapidae
774 1037 1071 1086 propagationis
1094 1038 1206 1074 testis
1229 1039 1288 1074 est
1301 1037 1447 1073 Paulus
1463 1036 1570 1074 Rom.
1592 1044 1624 1081 l,
1643 1043 1686 1076 8:
1712 1036 1823 1072 Fides·
1840 1041 1960 1072 vestra

222 1099 483 1135 annunciatur
503 1097 818 1148 καταγγέλλεται
840 1097 880 1133 in
903 1098 1078 1133 vuniverso
1101 1097 1264 1144 mzmdoy·
1293 1103 1354 1141 15,
1385 1102 1432 1136 18
1458 1108 1505 1134 s.:
1531 1095 1671 1132 Coloss.
1704 1103 1732 1139 l,
1754 1102 1824 1134 15:
1854 1095 1959 1140 Quod

223 1153 402 1209 (verbum
426 1156 602 1194 veritatis
623 1151 847 1208 Evangelii)
869 1157 1037 1204 pervenit
1060 1157 1112 1192 (td
1134 1168 1205 1204 ros,
1229 1157 1326 1192 sicut
1349 1159 1381 1191 et
1403 1155 1442 1191 in
1469 1156 1644 1191 universo
1670 1155 1809 1190 ›nzcndo
1831 1158 1894 1197 est,
1928 1158 1959 1189 et

220 1217 430 1264 fructificat
451 1220 484 1252 et
505 1217 648 1253 crescit.
670 1237 728 1242 —
750 1215 881 1252 Testes
906 1216 1000 1251 sunt
1021 1218 1180 1264 p-atisse‘
1180 1227 1216 1251 s:
1248 1214 1529 1262 triumphantis
1552 1213 1590 1249 in
1613 1213 1772 1249 modum
1795 1212 1959 1249 scribere

203 1275 353 1331 *potuit
375 1274 742 1312 Tertullianus
774 1274 822 1310 acl
852 1274 1004 1310 romani
1035 1274 1191 1322 imperii
1222 1273 1418 1321 praesides
1449 1273 1611 1321 Apolog.
1644 1284 1673 1308 c.
1709 1278 1757 1311 37
1793 1284 1830 1307 n.
1860 1276 1958 1310 124:

2152 1304 2174 1326 b

223 1334 605 1393 ,Herumus‚
629 1336 668 1370 et
690 1336 819 1370 vestra
841 1333 971 1370 omnia
994 1332 1256 1381 implevimus,
1281 1332 1408 1383 urhes,
1431 1331 1591 1379 insulas,
1625 1331 1794 1369 castella.
1828 1330 2034 1375 muni-<m

223 1393 336 1442 eipia⁷
358 1393 627 1436 conciliabula,
644 1392 880 1440 castraipsa‚
903 1391 1043 1435 trihus,
1068 1391 1257 1433 decurias,
1271 1391 1473 1440 palatium,
1499 1393 1686 1434 senatum,
1711 1381 1857 1432 forum3
1881 1379 2030 1427 solati·
2059 1380 2062 1385 ¹

220 1511 352 1560 junior
374 1511 422 1548 ad
436 1511 645 1559 Trajanum
671 1511 843 1549 scribens
867 1523 924 1558 ep.
941 1510 984 1555 X,
1003 1516 1077 1548 97:
1103 1509 1224 1553 „Visa
1246 1511 1305 1546 est
1328 1508 1426 1545 mihi
1449 1495 1651 1557 res-digna
1674 1507 1979 1558 consultationei

220 1452 333 1489 vobis
355 1452 503 1500 templa
523 1451 758 1499 reliquimus
779 1449 850 1504 1).ss
880 1473 926 1478 —
954 1451 1086 1487 Testes
1109 1454 1201 1487 sunt
1223 1451 1286 1487 vel
1306 1450 1382 1498 ipsi
1405 1449 1656 1500 gen-tiles.
1690 1450 1735 1484 ut
1758 1447 1978 1488 Pliniusf
2000 1443 2175 1513 ψ’»,ᾝνέ

2156 1534 2175 1554 6

178 1602 181 1619 Β
220 1572 380 1619 propter
400 1569 714 1619 periclitantium
741 1582 970 1606 numerum:
1006 1569 1123 1605 multi
1155 1568 1259 1605 enim
1291 1568 1417 1605 omnis
1447 1567 1607 1611 aetatis,
1641 1566 1766 1603 omnis
1799 1565 1988 1627 ordinm(
2124 1589 2170 1611 ὦ

1994 1558 2024 1582 r*
2032 1541 2075 1562 -ss

2104 1597 2114 1605 r

221 1630 432 1678 utriusque
464 1641 579 1666 sexus
612 1629 730 1666 etiam
763 1630 952 1665 vocantur
983 1628 1022 1664 in
1055 1628 1273 1676 periculum
1306 1629 1345 1663 et
1368 1626 1632 1669 vocabuntur;
1667 1637 1746 1662 non
1780 1624 1958 1660 civitates
1977 1626 2088 1679 dp<
2116 1644 2168 1661 „

221 1690 380 1726 tantum
403 1689 466 1725 sed
491 1688 595 1725 vicos
618 1688 737 1725 etiam
760 1689 878 1736 atque
900 1699 1014 1735 agros
1038 1687 1272 1723 christianae
1296 1685 1588 1733 superstitionis
1621 1683 1799 1732 contagio
1821 1695 1958 1731 perva—
1976 1704 2034 1727 μ·
2052 1672 2155 1732 ful-

200 1865 444 1918 vSetzungilueni
469 1865 702 1918 SBQIQQD]
735 1864 839 1912 apud
860 1864 1132 1913 Augustinum
1165 1864 1210 1900 de
1243 1864 1312 1900 civ.
1336 1862 1407 1899 Dei
1429 1862 1492 1906 VI,
1523 1868 1584 1901 11,
1619 1850 1773 1908 &usque
1807 1872 1849 1896 eo
1872 1871 1960 1895 con-

201 1912 392 1962 tsffetudo
415 1916 616 1962 eduva'luit
639 1923 962 1960 sceleratissimae
984 1923 1112 1972 gentis
1137 1919 1409 1973 (christianae,
1445 1933 1564 1969 quam
1587 1932 1675 1957 cum
1692 1918 1848 1967 judaica
1871 1930 1960 1954 con-

222 1980 444 2035 fundebat),
467 1984 514 2020 ut
534 1995 604 2032 per
626 1994 760 2020 omnes
776 1982 859 2030 jam
872 1984 996 2019 terras
1010 1982 1165 2029 recepta
1180 1981 1249 2017 sit:
1273 1980 1367 2017 victi
1381 1979 1597 2017 victoribus
1612 1979 1716 2028 leges
1731 1972 1960 2027 dederunm«

223 2043 430 2091 ——Neque
454 2042 584 2079 solum
606 2042 710 2078 inter
730 2041 848 2078 rudes
871 2043 910 2078 et
931 2041 1100 2078 incultos
1115 2040 1292 2077 homines
1316 2039 1456 2076 diffusa
1478 2040 1559 2075 erat
1580 2037 1718 2086 religio
1742 2036 1960 2080 christiana,

228 2101 295 2139 sed
319 2101 424 2151 apud
447 2101 584 2146 cultos,
608 2103 655 2138 ut
678 2102 849 2137 testatur
871 2101 904 2136 A
915 2099 1133 2152 rnQus
1157 2099 1241 2136 adv.
1265 2100 1401 2148 gentes
1424 2098 1448 2135 l.
1475 2104 1495 2136 ⁵.)
1520 2110 1557 2133 n.
1584 2104 1618 2139 5,
1644 2096 1712 2144 qui
1732 2096 1837 2132 inter
1859 2094 1964 2131 varia

223 2161 370 2198 motiva
393 2159 670 2198 credibilitatis
692 2160 764 2197 hoe
786 2171 943 2207 quoque
965 2159 1114 2196 utitur:
1148 2158 1315 2214 >&Nonne
1347 2157 1410 2194 vel
1440 2157 1533 2193 haec
1561 2156 1699 2193 saltem
1720 2154 1832 2191 fidem
1853 2153 1963 2190 vobis

224 2220 376 2257 faciunt
397 2222 630 2269 argumenta
652 2218 835 2256 credendi
859 2248 866 2255 .
890 2247 897 2253 .
922 2248 929 2254 .
952 2218 1056 2266 quod
1078 2220 1160 2254 tam
1183 2217 1314 2266 magni
1338 2215 1487 2265 ingenii
1502 2217 1686 2253 oratores,
1711 2212 1963 2262 grammatici,

224 2279 410 2324 rhetores,
443 2278 614 2316 consulti
640 2278 744 2327 juris
776 2289 819 2314 ae
840 2277 1003 2322 medici,
1038 2276 1307 2325 philosophiae
1331 2275 1443 2312 etiam
1467 2276 1613 2312 secreta
1634 2273 1822 2309 rimantes
1844 2271 1964 2319 magi-

226 2337 344 2376 steria
364 2338 458 2375 haee
479 2339 678 2385 expetunt,
705 2336 858 2385 spretis·
873 2336 1019 2384 quibus
1042 2335 1160 2384 paulo
1183 2337 1272 2372 ante
1295 2334 1466 2371 fidebant
1477 2332 1521 2397 Pf
1554 2333 1603 2369 Et
1624 2344 1762 2369 revera
1782 2330 1965 2379 religioni

225 2397 459 2434 christianae
481 2408 624 2434 nomen
645 2396 840 2433 dederunt
861 2395 1076 2432 sacerdotes
1093 2393 1243 2442 judaici
1265 2394 1350 2430 Act.
1376 2399 1411 2437 6,
1440 2400 1482 2436 Τ;
1515 2391 1770 2440 magistratus
1801 2392 1847 2426 ut
1879 2389 1965 2425 Ser-

225 2456 314 2506 gius
337 2456 484 2493 Paulus
506 2455 717 2504 proconsul
738 2455 823 2491 Act.
854 2461 914 2499 13,
953 2459 1026 2499 123
1066 2460 1127 2499 17,
1155 2459 1229 2497 343
1262 2452 1336 2489 viri
1369 2450 1605 2488 nobilissimi
1637 2452 1683 2486 ut
1703 2449 1860 2486 Flavius
1883 2447 1964 2484 Cle·

224 2527 335 2552 mens
358 2526 448 2552 cum
468 2526 587 2552 uxore
609 2513 831 2559 Domitilla,
865 2512 1012 2561 aliique
1035 2512 1103 2560 qui
1126 2513 1238 2548 erant
1259 2511 1306 2548 cle
1329 2510 1442 2548 domo
1465 2509 1639 2547 Caesaris
1660 2507 1804 2556 Philip.
1829 2513 1864 2556 4,
1892 2511 1965 2549 223

224 2573 449 2623 thhi
470 2575 517 2610 ut
539 2573 746 2619 sustinus,
784 2572 1052 2621 Athenagoras
1074 2573 1145 2608 etc.
1188 2570 1367 2607 Cet-erum
1389 2569 1451 2606 vel
1474 2569 1535 2605 hic
1558 2568 1639 2616 ipse
1663 2569 1822 2604 conatus
1843 2566 1965 2602 intre-

225 2632 344 2682 pidus
365 2632 608 2681 propagandi
629 2631 862 2681 religionem
883 2643 953 2679 per
976 2630 1110 2668 orbem
1131 2642 1175 2666 ex
1197 2629 1372 2678 impulsu
1394 2628 1525 2665 divino
1551 2628 1707 2664 tantum
1731 2623 1966 2674 repetendus

225 2691 395 2737 videtur,
418 2703 506 2728 cum
527 2693 625 2728 tunc
647 2690 774 2728 omnis
805 2690 944 2739 religio
976 2691 1079 2727 esset
1109 2687 1410 2725 nationalis.
1452 2687 1624 2724 Notetur
1653 2696 1767 2733 porro
1799 2695 1876 2720 non
1906 2684 1965 2718 tot

226 2752 379 2799 praesto
400 2752 497 2787 tunc
518 2750 642 2787 fuisse
664 2749 792 2787 media
813 2748 1048 2793 diffusionis,
1081 2747 1143 2784 uti
1173 2746 1288 2784 modo
1310 2748 1470 2795 propter
1492 2746 1614 2782 artem
1636 2741 1964 2792 typographicam,

226 2821 298 2847 nee
317 2811 400 2846 tam
420 2808 533 2846 facile
555 2808 860 2857 expeditumque
882 2806 1156 2844 commercium
1178 2806 1414 2854 populorum
1436 2805 1539 2841 inter
1561 2815 1612 2847 se,
1647 2802 1761 2849 quale
1783 2811 1885 2837 nunc
1907 2800 1965 2835 est

227 2870 316 2916 post
336 2870 398 2905 tot
417 2868 590 2905 inventa.
614 2866 741 2911 Quare
755 2867 831 2904 etsi
845 2865 1073 2915 propagatio
1088 2863 1294 2914 religionis
1312 2863 1546 2901 christianae
1569 2875 1590 2898 a
1601 2862 1624 2898 h
1639 2873 1654 2897 s
1668 2873 1688 2897 o
1701 2861 1714 2896 l
1725 2873 1752 2896 u
1764 2861 1780 2895 t
1792 2871 1811 2895 e
1833 2857 1965 2904 rapida

375 2983 397 3020 ¹)
416 2980 468 3014 Cf.
487 2993 524 3013 n.
546 2983 632 3017 125:
653 2979 735 3014 adv.
750 2979 827 3024 jud.
849 2990 877 3013 c.
896 2981 936 3017 7:
957 2978 1222 3012 Lactantiu
1236 2990 1250 3010 s
1270 2977 1313 3010 cle
1334 2978 1438 3010 mort.
1459 2984 1592 3020 pei-sec.
1613 2984 1640 3008 c,
1659 2977 1682 3006 4
1701 2978 1832 3015 (opusc.
1854 2968 1964 3007 XXII)

228 3033 389 3068 institut.
407 3033 478 3067 cliv.
497 3032 522 3068 l.
542 3038 561 3066 5
581 3044 609 3068 c.
630 3037 671 3072 2:
701 3034 721 3067 J
735 3044 757 3067 u
771 3033 834 3067 sti
848 3043 933 3066 nus
961 3030 1046 3065 dial.
1066 3042 1147 3065 cum
1166 3029 1301 3074 Tryph.
1320 3041 1355 3064 n.
1376 3031 1462 3065 117:
1492 3027 1601 3060 lren
1616 3035 1666 3059 ae
1680 3037 1701 3057 u
1716 3035 1730 3057 s
1759 3023 1837 3056 adv,
1866 3022 1963 3055 haer.

231 3085 255 3121 l.
277 3089 293 3119 1
314 3097 342 3121 e.
364 3090 407 3121 10
425 3098 459 3119 n.
479 3089 499 3120 2
519 3086 586 3120 etc.

1977 1748 2082 1767 „we

1989 1792 2029 1814 j..
2129 1789 2175 1801 „u-
