2175 3382
214 160 303 201 452
437 155 559 188 Tract.
581 154 638 188 lll.
659 154 702 188 (le
722 154 894 198 primatu.
913 153 965 188 Dc
986 153 1221 188 immunitate
1240 154 1421 198 personali
1441 165 1529 188 rom.
1551 154 1744 198 pontificis.

218 280 358 315 letus
384 278 422 314 in
448 283 483 316 2.
509 283 530 316 2
556 290 590 325 q.
621 284 633 316 1
663 290 694 314 η.
724 284 771 317 10
796 279 970 314 controv.
996 283 1015 316 7
1042 277 1161 314 concl.
1187 283 1221 316 5.
1241 276 1347 313 Card.
1371 276 1646 313 Franzelin
1668 277 1724 314 ita
1745 277 1956 326 respondet

217 338 258 374 in
282 342 328 375 tr.
354 336 400 373 de
423 336 498 373 div.
522 335 620 373 trad.
644 338 733 384 post
753 336 808 373 th.
840 342 886 375 12
912 335 996 373 Sch.
1029 343 1039 374 1
1069 335 1182 373 corol.
1212 343 1224 375 1
1255 333 1330 387 (ed.
1355 332 1419 387 3):
1454 334 1711 383 „Subjectum
1735 335 1954 374 infallibili-

219 397 314 433 tatis
337 409 355 432 a
379 395 532 433 Christo
555 395 767 443 promissae
791 423 798 430 .
823 425 830 431 .
854 423 861 430 .
884 407 961 432 non
984 397 1045 432 est
1067 394 1210 443 duplex
1233 394 1517 442 adaequate
1541 394 1782 438 distinctum,
1807 395 1874 433 sed
1897 396 1956 433 est

218 460 303 492 tum
329 454 485 491 visibile
518 455 634 503 caput
656 454 850 491 Ecclesiae
881 466 949 502 per
980 466 1018 491 se
1047 455 1276 501 spectatum,
1309 455 1392 490 tum
1417 453 1487 490 hoc
1510 453 1641 501 ipsum
1665 453 1817 491 visibile
1838 456 1957 503 caput

220 515 330 551 velut
351 525 583 562 componens
606 515 645 550 et
666 512 880 550 informans
902 525 1041 561 corpus
1054 512 1246 549 Ecclesiae
1269 511 1457 558 docentis,
1481 524 1581 561 quae
1604 512 1769 561 ipsamet
1791 513 1844 550 sic
1864 525 1955 551 con-

217 574 361 610 stituta
385 570 542 625 (corpus
563 584 648 609 cum
674 569 816 624 capite)
846 575 906 609 est
928 571 1148 608 infallibilis
1169 583 1239 620 per
1260 571 1520 608 assistentiam
1543 570 1716 619 Spiritus
1738 571 1955 614 veritatis«

219 632 329 677 Nam,
353 635 399 668 ut
420 634 534 669 antea
556 634 762 669 monuerat
782 645 819 680 p.
845 637 864 670 7
875 638 910 677 3,
942 642 1109 678 ²„corpus
1132 629 1325 668 Ecclesiae
1348 629 1522 668 docentis
1544 642 1624 667 non
1645 633 1706 667 est
1727 630 1957 680 simpliciter

218 691 390 729 Ecclesia
422 690 573 735 docens,
607 690 668 727 cui
700 690 889 738 promissa
920 691 980 727 est
1000 689 1225 726 assistentia
1246 689 1425 727 veritatis
1448 691 1489 726 et
1508 690 1636 726 tutela
1658 689 1802 727 Christi
1824 689 1866 727 in
1888 690 1956 728 do-

216 750 352 795 cendo,
374 749 453 786 nisi
476 752 669 798 quatenus
691 761 760 786 suo
775 748 923 786 visibili
946 748 1071 797 capite
1092 748 1203 786 velut
1224 748 1472 794 informatur,
1494 750 1541 786 ut
1563 748 1617 786 sit
1639 748 1872 798 simpliciter
1884 749 1956 787 Ee-

218 810 335 847 clesia
358 809 547 853 docens;“
565 811 604 845 et
618 821 653 856 p.
675 815 750 848 115
768 821 775 845 :
793 807 1002 851 ,Conditio
1025 807 1106 844 sine
1128 820 1206 856 qua
1227 819 1469 845 successores
1491 808 1758 856 apostolorum
1771 820 1851 846 non
1864 810 1958 846 sunt

220 868 393 906 Ecclesia
415 867 567 913 docens,
599 870 638 904 et
660 879 775 904 causa
797 867 970 904 formalis
993 878 1062 915 per
1083 879 1201 914 quam
1223 866 1525 904 constituuntur
1545 866 1586 903 in
1609 866 1759 904 ratione
1782 866 1957 905 docentis

220 928 426 972 Ecclesiae,
459 927 522 963 cui
555 927 744 974 promissa
773 929 834 963 est
864 926 991 963 tutela
1011 925 1155 963 Christi
1186 927 1225 962 et
1255 926 1477 963 assistentia
1503 925 1675 974 Spiritus
1705 926 1884 964 veritatis
1915 925 1958 964 in

221 986 405 1030 docendo,
439 989 497 1023 est
519 985 673 1022 visibile
703 987 821 1034 caput
841 984 1034 1022 Ecclesiae
1065 998 1086 1021 a
1107 984 1261 1022 Christo
1292 985 1526 1022 institutum
1548 986 1587 1022 et
1608 984 1703 1022 unio
1725 987 1845 1034 atque
1866 997 1956 1024 con·

219 1046 349 1083 sensio
381 1044 644 1082 membrorum
676 1056 763 1081 cum
795 1045 866 1082 hoc
898 1044 1034 1093 capite,
1069 1043 1172 1081 sicut
1202 1043 1419 1081 universim
1449 1043 1573 1082 forma
1603 1044 1769 1082 unitatis
1790 1044 1957 1082 visibilis

219 1106 281 1142 est
311 1105 441 1154 ipsum
462 1103 618 1141 visibile
650 1105 768 1152 caput
788 1103 1022 1141 Ecclesiae«
1067 1102 1288 1140 Secundum
1311 1103 1407 1140 alios
1429 1114 1520 1140 vero
1544 1102 1671 1140 omnis
1694 1103 1959 1142 infallibilitas

220 1176 266 1200 ex
288 1176 384 1202 rom.
406 1162 605 1212 pontificis
628 1162 853 1212 magisterio
875 1163 916 1199 in
936 1162 1147 1200 Ecclesiam
1168 1162 1374 1200 redundat.

340 1244 438 1285 445.
469 1240 585 1282 Haec
615 1254 691 1294 pro
724 1241 965 1294 compendii
997 1241 1200 1294 angustiis
1233 1240 1444 1282 sufficiant
1475 1241 1527 1282 de
1558 1242 1727 1283 romani
1748 1240 1959 1295 pontificis

222 1312 529 1353 infallibilitate.
575 1312 633 1353 Ex
657 1312 854 1354 omnibus
876 1317 1019 1354 autem
1050 1313 1192 1366 liquet,
1223 1325 1318 1354 eam
1351 1313 1496 1354 intime
1520 1313 1752 1355 cohaerere
1775 1324 1871 1353 cum
1892 1313 1958 1354 in-

224 1383 471 1424 fallibilitate
495 1383 718 1433 Ecclesiae,
752 1383 859 1424 adeo
893 1388 939 1424 ut
969 1384 1040 1425 illa
1070 1384 1317 1437 impugnata
1348 1388 1390 1425 et
1420 1384 1527 1425 haec
1558 1385 1600 1425 in
1635 1384 1862 1425 discrimen
1882 1395 1959 1425 vo-

221 1459 352 1495 cetur.
376 1453 522 1507 Neque
538 1455 711 1503 mirum;
734 1454 891 1495 idcirco
915 1455 1028 1496 enim
1051 1455 1203 1501 domus
1225 1455 1429 1508 sapientis
1452 1455 1671 1496 architecti
1692 1466 1779 1495 non
1801 1454 1960 1496 corruit

223 1529 319 1566 orta
341 1529 604 1577 tempestate,
637 1524 736 1577 quia
766 1525 948 1579 fundata
984 1529 1074 1566 erat
1095 1538 1220 1580 super
1233 1529 1401 1579 petram
1425 1525 1586 1581 (Matth.
1612 1529 1648 1576 7,
1671 1527 1756 1582 25).
1798 1525 1958 1567 Idcirco

223 1608 324 1648 ergo
356 1608 443 1637 non
475 1594 783 1648 praevalebunt
813 1600 963 1648 portae
994 1595 1115 1637 inferi
1146 1596 1351 1637 adversus
1381 1595 1627 1645 Ecclesiam,
1661 1597 1961 1649 sapientissimi

227 1667 448 1708 architecti
471 1666 657 1716 domum,
689 1667 786 1719 quia
810 1666 1033 1708 aedificata
1054 1671 1119 1708 est
1140 1680 1264 1722 super
1294 1667 1400 1708 lzcmc
1416 1672 1581 1721 petram
1605 1667 1675 1724 (ib.
1701 1671 1766 1716 16,
1793 1668 1875 1724 18).
1916 1665 1961 1709 Si

223 1743 368 1778 autem
393 1738 574 1790 quaeris,
597 1749 808 1789 quaenam
833 1738 887 1778 sit
907 1738 1006 1779 haec
1021 1742 1159 1792 petra,
1186 1750 1424 1790 pronomen
1447 1738 1960 1792 demonstrativumhaec,

227 1821 314 1850 non
336 1808 463 1849 aliam
485 1812 650 1861 petram
666 1808 869 1861 designat,
891 1821 1020 1862 quam
1047 1821 1154 1858 eam,
1187 1820 1295 1861 quae
1317 1821 1522 1861 praesens
1545 1809 1704 1850 sistitur
1725 1809 1858 1850 inciso
1881 1809 1960 1850 im-

224 1881 410 1921 mediate
435 1879 722 1921 antecedenti:
762 1879 824 1920 Tu
855 1895 895 1921 es
920 1880 1080 1924 Petrus,
1122 1880 1230 1933 Ergo
1262 1880 1533 1922 manifestum
1557 1885 1622 1922 est
1650 1893 1704 1932 „s.
1725 1879 1960 1921 Ecclesiam

225 1952 267 1991 in
291 1951 579 2003 apostolorum
603 1951 802 2004 principis
824 1951 1036 1992 soliditate
1059 1950 1268 1992 firmatam
1294 1958 1425 2001 esse“,
1457 1955 1503 1992 ut
1533 1951 1678 1992 scribit
1699 1964 1731 1992 s.
1754 1949 1959 2004 Grego-

224 2023 338 2063 rius
360 2021 411 2062 M.
433 2021 487 2062 VI
509 2033 571 2074 ep.
595 2026 661 2066 37.

346 2115 440 2148 446.
464 2109 640 2156 Denique
662 2120 706 2145 ex
729 2109 790 2146 tot
811 2108 1091 2157 praerogativis
1123 2108 1315 2156 primatus
1336 2108 1507 2146 infertur
1528 2108 1636 2146 aliud
1658 2108 1808 2145 romani
1830 2107 1959 2157 ponti-

222 2167 306 2204 ficis
337 2168 600 2217 privilegium,
632 2168 931 2204 immunitas
963 2168 1043 2205 scil.
1066 2168 1181 2216 plena
1211 2167 1427 2216 personalis
1463 2168 1498 2204 h.
1521 2181 1552 2205 e.
1570 2168 1637 2216 jus
1659 2166 1917 2216 exemptionis
1939 2180 1961 2204 a

224 2226 365 2274 quavis
388 2226 516 2263 civilis
538 2226 742 2275 potestatis
761 2226 1046 2275 jurisdictione.
1089 2226 1201 2271 Quod
1223 2238 1311 2264 cum
1333 2227 1579 2264 Palmieri
1599 2227 1655 2265 th.
1680 2232 1733 2266 24

347 2284 385 2325 1.
407 2286 463 2322 ita
493 2286 701 2334 probatur:
737 2312 752 2330 „
766 2285 812 2323 Vi
843 2285 941 2323 iuris
974 2285 1146 2323 canonici
1169 2286 1294 2323 omnis
1317 2286 1479 2323 clericus
1502 2286 1649 2335 gaudet
1669 2285 1866 2334 personali
1885 2285 1958 2322 im-

226 2344 419 2381 munitate
443 2373 450 2380 .
475 2373 482 2380 .
506 2375 512 2381 .
545 2344 778 2382 immunitas
808 2345 1022 2393 personalis
1049 2345 1139 2393 jure
1172 2345 1353 2382 canonico
1376 2345 1528 2382 sancita
1550 2344 1843 2393 comprehendit
1863 2356 1960 2392 quo-

228 2416 303 2449 que
326 2406 364 2440 et
385 2404 592 2452 praecipue
621 2416 824 2441 romanum
850 2404 1073 2453 pontificem
1096 2433 1103 2439 .
1127 2435 1134 2443 .
1158 2432 1166 2441 .
1198 2404 1270 2441 hoc
1290 2406 1422 2441 autem
1438 2405 1505 2453 jus
1527 2404 1754 2441 canonicum
1775 2414 1960 2442 romanus

227 2462 310 2510 ipse
333 2458 507 2510 pontifex
529 2463 667 2500 statuit
688 2470 727 2500 et
747 2463 789 2500 in
811 2474 854 2500 eo
877 2463 1084 2500 statuendo
1106 2475 1186 2500 non
1207 2464 1362 2503 erravit.
1386 2464 1509 2511 Atqui
1531 2464 1705 2500 statuere
1728 2475 1807 2500 non
1827 2462 1960 2511 potuit-

227 2521 304 2557 nisi
332 2523 413 2569 jam
440 2522 529 2570 jure
562 2522 692 2559 divino
724 2524 824 2559 esset
853 2535 922 2570 per
944 2535 982 2559 se
1004 2522 1190 2559 immunis
1202 2528 1241 2559 «ε
1273 2535 1401 2570 neque
1423 2522 1528 2559 enim
1550 2522 1783 2559 auctoritate
1803 2521 1961 2571 propria

226 2582 359 2628 potest
381 2592 419 2616 se
442 2580 670 2618 subtrahere
692 2594 713 2617 a
735 2581 976 2630 subjectione
997 2581 1110 2618 alteri
1133 2581 1276 2618 debita.
1318 2581 1419 2630 Ergo
1442 2584 1513 2618 etc.

346 2636 388 2679 2.
415 2641 586 2687 potestas
615 2640 794 2686 coactiva,
827 2653 927 2688 quae
957 2640 1116 2689 propria
1137 2643 1196 2677 est
1217 2640 1518 2689 jurisdictionis,
1551 2639 1720 2687 requirit
1739 2639 1858 2676 talem
1879 2638 1960 2676 vim

227 2697 268 2734 in
291 2697 424 2742 alium,
456 2699 503 2734 ut
523 2699 570 2735 ab
593 2698 663 2736 hoc
684 2699 752 2735 illa
782 2702 951 2748 nequeat
973 2699 1153 2748 impediri
1174 2701 1244 2736 aut
1264 2699 1392 2748 ligari.
1435 2699 1557 2747 Atqui
1579 2710 1764 2736 romanus
1784 2697 1959 2747 pontifex

227 2758 358 2805 potest
389 2756 576 2805 impedire
607 2761 675 2794 aut
706 2758 826 2806 ligare
857 2758 1074 2806 quamlibet
1104 2760 1338 2806 potestatem
1369 2758 1591 2803 coactivam,
1624 2770 1724 2806 quae
1755 2769 1848 2807 erga
1872 2757 1958 2805 ejus

227 2827 431 2864 personam
453 2819 696 2861 exerceatur3
719 2817 844 2865 igitur
857 2829 1023 2866 persona
1043 2818 1157 2854 aucta
1177 2817 1363 2865 primam,
1386 2829 1430 2854 eo
1453 2817 1557 2865 quod
1573 2816 1676 2864 talis,
1700 2818 1759 2853 est
1772 2815 1959 2853 immunis

224 2888 249 2911 a
266 2874 540 2923 jurisdictione
571 2875 760 2923 cujusque
782 2876 944 2913 alterius
972 2876 1151 2915 hominis.
1186 2876 1309 2925 Major
1329 2878 1458 2924 patet:
1482 2876 1671 2924 probatur
1692 2875 1830 2912 minor.
1865 2875 1959 2911 Pro-

228 2938 317 2981 pter
346 2933 566 2982 positivam,
598 2933 690 2970 licet
719 2933 961 2980 indirectam,
986 2935 1269 2983 subjectionem
1290 2935 1502 2983 potestatis
1525 2934 1652 2971 civilis
1673 2933 1858 2982 potestati
1877 2933 1958 2982 pri-

229 2995 370 3038 matus,
389 2993 455 3041 jus
477 2993 594 3030 habet
614 3005 796 3030 romanus
818 2994 991 3041 pontifex
1013 2997 1101 3030 tum
1123 2994 1355 3043 prohibendi
1375 2993 1617 3042 principibus
1640 2992 1880 3030 secularibus
1902 3004 1958 3038 ea,

228 3064 328 3098 quae
358 3051 473 3088 noxia
498 3051 624 3089 forent
645 3051 848 3097 Ecclesiae,
879 3054 965 3089 tum
987 3053 1246 3102 praecipiendi
1270 3065 1324 3098 ea,
1356 3065 1455 3101 quae
1475 3052 1690 3089 necessaria
1710 3052 1775 3089 vel
1794 3051 1959 3088 maxime

229 3110 345 3147 utilia
367 3110 446 3147 sint
467 3110 680 3148 Ecclesiae:
712 3112 844 3158 potest
866 3111 969 3147 enim
1001 3112 1151 3149 solvere
1172 3113 1210 3148 et
1232 3112 1354 3161 ligare
1375 3111 1567 3160 quidquid
1590 3111 1638 3148 ad
1659 3111 1808 3148 bonum
1828 3110 1959 3147 Eccle-
