2175 3382
687 120 877 164 episcopos
895 120 1014 153 citant
1032 119 1078 152 ad
1096 130 1203 152 suum
1221 119 1398 153 tribunal.
1824 125 1908 167 397

173 243 367 281 termissis
388 254 480 280 vero
511 243 572 287 iis,
605 255 704 290 quae
736 240 1040 289 Simplicius
1073 240 1249 289 pontifex
1281 241 1542 279 laetabundus
1566 243 1702 280 Acacio
1734 243 1804 280 GP.
1827 244 1908 292 epi-

173 314 286 351 scopo
308 304 426 339 refert
447 303 494 351 (a.
513 298 614 351 478)
637 301 685 338 de
707 300 931 348 adimpletis
953 299 1191 337 aTimotheo
1213 299 1464 336 alexandrino
1488 301 1777 339 conditionibus
1799 314 1910 350 prae·

173 361 328 410 scriptis
359 373 429 410 pro
460 359 708 408 impetranda
729 359 843 397 venia
874 361 914 396 et
945 358 1049 396 sedis
1071 358 1303 406 apostolicae
1325 359 1596 397 communione
1620 362 1695 407 (ep.
1729 371 1734 394 ι
1757 358 1805 412 1),
1828 360 1908 398 suf-

172 419 278 458 ficiat
307 431 536 469 provocasse
566 419 612 456 ad
645 421 704 456 tot
726 417 920 456 Gelasii
943 413 1212 470 (493-496)
1244 417 1436 465 epistolas.
1471 418 1614 465 quihus
1637 418 1808 456 Orientis
1829 419 1909 467 epi—

173 479 301 528 scopis
332 478 574 516 conditiones
607 477 839 526 praescribit
868 476 1138 523 adimplendas
1171 487 1238 524 pro
1273 476 1516 524 impetranda
1540 479 1652 514 venia
1674 478 1722 514 ob
1745 478 1910 515 schisma

172 537 396 575 acacianum
417 540 458 574 et
477 536 726 574 restituenda
746 536 1038 573 communione:
1062 547 1158 582 quas
1179 547 1269 571 cum
1291 536 1446 571 demum
1472 535 1545 572 sub
1563 536 1767 573 Hormisda
1788 550 1810 573 a
1827 537 1909 573 lim-

171 597 360 646 plessent‚
382 596 540 633 nonnisi
563 595 611 632 ab
634 596 704 632 hoc
725 594 908 643 pontifice
931 594 1084 631 veniam
1106 594 1371 642 impetrarunt
1392 596 1433 630 et
1455 607 1598 642 pacem.
1641 595 1684 631 ln
1709 607 1766 643 ep,
1798 602 1810 634 1
1841 608 1910 632 seu

171 657 283 693 tract.
314 663 451 693 contra
471 654 600 692 Aeacii
630 657 952 703 propugnatores,
987 665 1102 700 quem
1134 652 1202 689 alii
1225 652 1344 689 Felici
1368 652 1433 689 ΙΙΙ.
1458 653 1542 701 ejus
1575 654 1806 701 praecessori
1836 654 1908 691 tri—

171 714 313 757 buunt,
347 714 439 751 haec
461 726 559 762 qnae
581 714 796 750 multorum
829 713 952 749 instar
973 715 1079 757 sunt,
1111 712 1249 748 scribit
1270 724 1306 747 n.
1332 718 1377 750 9:
1413 711 1515 755 »Qui
1538 716 1666 748 tamen
1692 713 1908 749 alexandri-

170 785 246 810 nus
278 772 442 810 antistes
473 772 629 821 (Petrus
653 768 845 821 Mongus),
869 771 1022 808 etiamsi
1047 770 1240 818 pravitate
1262 769 1445 807 damnata
1478 783 1568 807 eum
1601 770 1819 821 (Acacium)
1851 784 1910 808 re-

172 831 392 880 cipiendum
424 844 504 868 esse
530 831 737 880 judicaret,
768 843 847 867 non
876 830 985 878 prius
1010 830 1079 868 hoc
1105 829 1261 871 faceret.
1295 842 1412 877 quam
1435 829 1482 866 ad
1505 830 1634 866 sedem
1658 831 1910 877 apostolicam

171 891 385 928 retulisset.
428 891 575 928 Docent
615 890 685 927 hoc
717 889 896 926 catholici
930 891 1042 938 gesta
1072 888 1268 926 Timothei
1301 885 1491 941 (episcopi
1521 889 1632 937 alex.)
1664 889 1910 937 aliorumque

171 950 346 998 exempla
376 950 604 991 multorum,
636 948 704 997 qui
737 948 904 996 acceptis
936 948 1081 985 libellis
1113 947 1407 992 haereticorum,
1441 947 1484 984 in
1505 947 1652 995 quibus
1676 956 1845 985 veterem
1871 961 1912 985 se

171 1009 354 1046 damnare
375 1008 611 1057 profitentur
632 1020 814 1050 errorem,
844 1020 922 1045 non
944 1008 1054 1056 prius
1076 1008 1336 1055 receptionem
1359 1019 1494 1043 eorum
1517 1007 1910 1054 communionemque

171 1067 412 1114 confirmant,
444 1081 560 1116 quum
591 1067 638 1104 ad
669 1067 767 1104 hanc
788 1066 916 1103 sedem
940 1065 1265 1103 satisfacientium
1287 1068 1398 1115 gesta
1419 1065 1646 1115 dirigerent,
1679 1073 1798 1114 atque
1820 1066 1910 1102 hinc

170 1129 384 1175 poscerent,
408 1126 512 1164 sicut
533 1126 682 1164 factum
703 1128 775 1170 est,
800 1125 939 1162 debere
962 1124 1148 1164 firmari«

293 1215 387 1250 378.
411 1209 511 1246 Hinc
542 1210 680 1257 sponte
712 1220 782 1245 sua
809 1207 1064 1256 consequitur
1097 1218 1277 1244 romanos
1297 1206 1502 1256 pontifices
1525 1207 1572 1244 de
1594 1207 1783 1255 episcopis
1799 1207 1908 1255 judi—

170 1280 275 1306 casse
303 1280 470 1316 reosque
492 1268 707 1304 damnasse.
749 1267 874 1304 Factis
903 1268 1015 1304 nio-lo
1038 1266 1168 1303 allatis
1192 1266 1240 1303 ad
1257 1266 1288 1303 le
1313 1266 1498 1303 Zosimi
1525 1266 1720 1314 judicium
1743 1267 1789 1302 ‹le
1813 1265 1909 1302 Urso

170 1329 211 1365 et
240 1327 407 1365 Tuentio
440 1327 577 1364 illicite
600 1326 800 1371 ordinatis,
833 1326 874 1362 in
904 1338 962 1374 ep.
987 1332 1011 1365 4
1045 1325 1240 1362 universis
1272 1325 1464 1374 episcopis
1497 1325 1659 1368 Africae,
1694 1325 1840 1361 Galliae
1871 1329 1909 1361 et.

169 1386 381 1435 Hispaniae
402 1386 589 1434 inscripta
611 1385 658 1436 (a.
675 1392 698 1425 4
737 1383 790 1435 7),
815 1385 940 1433 deque
964 1385 1107 1422 Herote
1129 1389 1164 1421 et
1181 1384 1323 1421 Lazaro
1345 1397 1404 1433 ep.
1423 1390 1444 1423 2
1469 1397 1505 1420 n.
1523 1392 1558 1423 4.
1575 1406 1627 1411 -
1645 1384 1847 1421 Judicium
1863 1384 1911 1420 de

170 1445 337 1482 Maximo
368 1445 588 1482 valentinae
627 1444 796 1482 civitatis
836 1443 1013 1492 episcopo
1054 1443 1216 1480 diversis
1248 1443 1478 1481 criminibus
1510 1446 1687 1481 accusato
1719 1443 1910 1490 relinquit

169 1500 220 1557 (a.
244 1504 346 1553 419)
368 1504 527 1552 qui-lem
551 1503 847 1541 Bonifatius
869 1503 1016 1540 Galliae
1039 1503 1200 1552 synodo,
1225 1503 1293 1540 hac
1319 1506 1450 1540 tamen
1472 1503 1649 1539 clausula
1671 1515 1729 1550 ep.
1752 1508 1774 1541 3
1799 1514 1835 1538 n.
1862 1507 1907 1540 4:

169 1562 395 1611 ‚Quidquid
428 1571 560 1600 autem
584 1565 713 1600 vestra
743 1562 884 1599 caritas
916 1562 963 1599 de
996 1562 1064 1599 hac
1098 1574 1215 1599 causa
1237 1562 1395 1599 ‹luxerit
1417 1561 1716 1599 decernendum.
1749 1573 1837 1597 cum
1860 1560 1908 1597 ad

167 1634 238 1660 nos
247 1625 416 1660 relatum
432 1622 562 1666 fuerit,
577 1625 722 1660 nostra.
738 1624 785 1658 ut
799 1621 993 1664 condecet,
1010 1633 1167 1658 necesse
1182 1627 1241 1658 est
1254 1621 1491 1658 auctoritate
1504 1621 1690 1657 firmetur.
1701 1625 1718 1643 «
1729 1642 1786 1646 —
1796 1620 1823 1656 L
1835 1632 1854 1656 e
1867 1631 1908 1656 0-

167 1681 246 1719 nis
277 1681 324 1718 de
347 1682 529 1718 Dioscoro
560 1680 814 1718 alexandrino
836 1677 866 1731 1)
893 1680 1087 1728 judicium
1122 1680 1290 1717 habetur
1321 1680 1363 1716 in
1394 1680 1490 1717 actis
1523 1679 1673 1716 concilii
1705 1678 1908 1715 chalcedo-

167 1740 301 1777 nensis
325 1737 372 1791 (a.
398 1747 449 1779 45
467 1737 512 1793 ι),
535 1740 577 1776 in
598 1752 675 1788 quo
698 1751 785 1776 cum
808 1739 956 1787 primae
979 1739 1187 1776 interesset
1208 1739 1367 1776 sessioni
1382 1739 1602 1781 Dioscorus,
1626 1738 1798 1774 declarat
1813 1737 1909 1774 Leo-

168 1800 231 1836 nis
262 1799 419 1849 legatus
451 1798 734 1836 Paschasinus:
769 1799 874 1842 „BR
897 1802 1017 1846 atque
1051 1798 1258 1846 apostolici
1280 1798 1354 1834 viri
1378 1810 1499 1846 papae
1523 1797 1636 1834 Urbis
1659 1796 1811 1841 Romae,
1844 1796 1912 1845 qui

169 1860 230 1895 est
260 1860 379 1906 caput
408 1858 584 1895 omnium
617 1857 877 1901 ecclesiarum,
910 1865 1117 1905 praecepta
1149 1857 1336 1894 habemus
1359 1869 1451 1905 piae
1472 1856 1669 1899 manibus,
1702 1855 1742 1892 in
1765 1856 1911 1903 quibus

167 1917 389 1966 praecipere
422 1917 446 1954 d
466 1922 610 1966 gnatus
637 1918 698 1953 est
719 1917 804 1964 ejus
827 1917 1081 1964 apostolatus.
1113 1920 1160 1953 ut
1185 1917 1391 1953 Dioscorus
1414 1929 1492 1953 non
1514 1915 1647 1952 sedeat
1669 1914 1711 1951 in
1732 1926 1811 1951 con·
1828 1913 1909 1964 ilio,

169 1975 236 2013 sed
259 1976 477 2013 audiendus
500 1976 801 2014 intromittatur.
825 1975 905 2012 Hoc
926 1988 1017 2024 ergo
1041 1988 1110 2013 nos
1133 1975 1338 2012 observare
1360 1987 1517 2012 nece-se
1539 1977 1607 2011 est.
1633 1973 1669 2010 Si
1695 1986 1786 2021 ergo
1800 1985 1911 2021 prae-

168 2034 292 2083 cipiat
307 2041 434 2072 vestra
457 2035 756 2084 magnificentia,
780 2039 849 2071 aut
869 2033 937 2071 ille
959 2034 1187 2083 egrediatur
1209 2036 1278 2071 aut
1292 2046 1363 2071 nos
1379 2034 1572 2070 eximus«
1600 2033 1756 2069 Prolata
1770 2031 1913 2069 deinde

169 2094 365 2131 sementia
395 2091 448 2146 (n.
475 2100 554 2134 34⁴5
574 2091 607 2146 3)
631 2093 848 2141 subjiciunt
881 2092 1059 2140 quidem:
1094 2120 1111 2137 »
1123 2093 1309 2140 Superest
1342 2096 1388 2129 ut
1421 2098 1656 2141 congregata
1677 2091 1912 2128 venerabilis

169 2153 344 2202 synodus
374 2153 596 2190 canonicam
629 2156 765 2190 contra
794 2152 1038 2200 praedictum
1074 2152 1302 2189 Dioscorum
1332 2151 1506 2200 proferat
1532 2151 1691 2198 justitia
1722 2152 1912 2187 suadente

166 2212 445 2257 sententiam«
477 2224 522 2248 ex
545 2211 689 2260 quibus
712 2215 843 2248 tamen
867 2223 944 2248 non
967 2211 1157 2259 sequitur,
1191 2211 1361 2248 Leonem
1383 2223 1460 2247 non
1484 2209 1693 2259 protulisse
1709 2208 1912 2257 judicium

169 2271 463 2317 authenticum3
499 2271 545 2308 de
566 2271 637 2307 tali
661 2270 767 2307 enim
783 2270 935 2317 judicio
957 2272 1112 2307 constat
1135 2283 1179 2307 ex
1202 2270 1386 2307 omnihus
1409 2270 1532 2318 gestis
1554 2268 1594 2305 in
1618 2269 1685 2305 hac
1708 2280 1836 2311 causa,
1865 2279 1909 2304 ex

170 2329 347 2379 ejusdem
377 2343 436 2378 ep.
467 2336 544 2370 103
578 2329 624 2366 ad
648 2329 851 2378 episcopos
873 2329 1019 2366 Galliae
1050 2334 1089 2365 et
1110 2342 1154 2365 ex
1178 2328 1328 2376 judicio
1350 2329 1465 2376 plane
1488 2327 1678 2365 consimili
1704 2326 1911 2365 coelestini

171 2387 218 2426 de
241 2388 421 2427 Nestorio
453 2385 507 2441 (n.
533 2389 640 2437 382).
664 2410 718 2415 -
742 2387 885 2425 Felix
908 2387 957 2427 ΙΙ.
980 2401 1037 2436 ep.
1064 2394 1086 2427 3
1110 2400 1178 2425 seu
1207 2387 1247 2424 in
1270 2387 1404 2424 libello
1427 2386 1623 2424 citationis
1654 2385 1702 2423 ud
1725 2386 1910 2422 Acacium

171 2447 308 2485 scribit
330 2445 379 2500 (a.
405 2447 506 2496 493)
529 2460 565 2484 n.
591 2454 635 2487 2:
671 2446 826 2491 ,Lectis
850 2447 1017 2484 subditis
1040 2447 1194 2495 (literis,
1226 2446 1370 2494 quibus
1392 2445 1647 2483 accusationis
1670 2444 1798 2493 capita
1819 2457 1910 2481 con-

168 2505 426 2556 tinebantur),
461 2508 580 2544 frater
600 2506 805 2549 carissime,
838 2505 885 2542 ad
909 2505 1011 2544 haec.
1045 2517 1144 2553 quae
1175 2508 1375 2553 proposita
1397 2517 1482 2541 esse
1503 2504 1714 2554 cogno-cis,
1748 2505 1849 2552 apud
1874 2503 1909 2539 b.

171 2565 329 2603 Petrum
354 2568 437 2614 Ap„
469 2565 533 2603 cui
564 2577 697 2614 preces
729 2565 770 2601 in
801 2564 912 2601 nobis
942 2564 1090 2601 oblutas
1122 2564 1300 2612 pervides
1323 2569 1363 2601 et
1383 2576 1500 2612 quem
1524 2562 1671 2613 ligandi
1695 2566 1813 2611 atque
1834 2562 1910 2599 sol-

171 2624 288 2661 vendi
310 2638 332 2662 a
355 2624 516 2662 Domino
538 2626 770 2673 po·estatem
793 2626 1004 2671 sumpsisse
1027 2636 1103 2659 non
1126 2625 1235 2671 potes
1257 2623 1432 2663 diffiteri,
1464 2622 1505 2659 in
1527 2625 1724 2659 conventu
1746 2626 1910 2658 tratrum

172 2684 212 2720 et
233 2683 503 2732 episcoporum
525 2691 761 2728 nostrorum,
786 2681 1016 2730 respondere
1039 2682 1222 2719 semna}
1267 2682 1361 2718 Cum
1384 2694 1474 2718 vero
1496 2681 1673 2719 citationi
1694 2693 1771 2717 non
1794 2693 1909 2728 paru-

170 2741 277 2788 isset,
308 2742 349 2779 in
381 2755 470 2780 eum
500 2742 737 2780 sententiam
766 2741 844 2777 fert
874 2738 949 2792 (ep.
975 2738 1036 2792 ‹3):
1073 2741 1315 2785 ¹>Multarum
1346 2740 1705 2790 transgressionum
1728 2738 1908 2787 reperiris

321 2870 345 2910 ¹)
365 2867 481 2912 Hujus
500 2868 656 2901 crimina
672 2867 908 2901 recensentur
925 2865 962 2899 in
983 2875 1039 2909 ep.
1058 2875 1157 2899 conc.
1172 2864 1339 2900 chalced.
1355 2865 1399 2899 ad
1419 2865 1587 2906 Leonem,
1604 2866 1640 2898 in
1657 2874 1731 2908 qna
1745 2864 1908 2907 legimus:

176 2921 246 2960 ,Et
261 2922 346 2965 post
365 2922 453 2955 haec
471 2923 596 2955 omnia
614 2922 652 2955 et
669 2922 797 2954 contra
814 2919 947 2963 ipsum,
966 2918 1023 2952 cui
1045 2920 1169 2952 vineae
1187 2919 1356 2952 custodia
1374 2929 1396 2952 a
1418 2917 1609 2952 salvat-ore
1633 2917 1822 2950 commissa
1842 2916 1908 2954 est,

174 2974 343 3008 extendit
360 2973 542 3007 insaniam
561 2973 584 3007 i.
603 2984 634 3007 e.
661 2974 784 3006 cont-ra
814 2974 916 3005 tuam
943 2980 1089 3014 qnoque
1117 2970 1271 3004 dicimus
1290 2970 1547 3012 sanctitatem,
1566 2976 1598 3004 et
1620 2968 1908 3004 ex·o=1·mnnira-

173 3027 313 3060 tionem
333 3026 531 3060 meditatus
546 3030 599 3060 est
614 3028 741 3059 contra
755 3030 802 3065 te,
816 3025 877 3068 qni
895 3035 1026 3064 corpus
1043 3023 1225 3058 Ecclesiae
1238 3023 1343 3057 unire
1357 3024 1546 3058 festinas«
1568 3022 1622 3057 Cf.
1637 3025 1908 3066 suggestionem

174 3090 271 3115 conc.
291 3090 429 3115 cecum.
449 3079 543 3114 Vffl.
561 3081 608 3114 ad
626 3079 852 3114 Hadrianum
872 3078 915 3115 ll.
935 3078 1005 3119 (Mi
1020 3090 1044 3123 g
1059 3089 1113 3112 ne
1134 3081 1210 3120 129,
1236 3082 1325 3119 1115.
