2175 3382
697 127 824 161 Prima
844 127 945 162 sedes
965 139 984 161 a
1004 128 1151 161 nemine
1164 128 1364 172 judicatur.
1815 134 1900 175 457

167 250 312 288 morari
347 250 501 298 poterat
532 249 578 286 ab
605 249 875 298 amplectenda
907 247 1022 301 fide):
1058 249 1112 286 ita
1134 249 1331 287 Honorius
1362 251 1678 299 reprehensibilis
1710 254 1793 290 erat
1823 264 1903 289 non

166 311 326 358 propter
348 321 524 346 errore
538 322 574 345 m
598 308 640 344 in
662 308 747 354 fide,
784 308 850 345 sed
871 310 1031 357 propter
1053 308 1262 345 consilium
1294 309 1449 347 silentio
1482 311 1682 358 premendi
1714 311 1904 348 vocabula

166 368 285 405 unius
307 367 370 405 vel
391 367 560 415 duplicis
582 367 819 416 operationis
842 367 884 404 in
907 366 1070 411 Christo,
1093 367 1241 416 optima
1264 368 1420 415 quidem
1444 382 1488 404 ex
1512 370 1729 408 intentione
1752 371 1900 417 datum,

168 426 234 464 sed
255 426 495 475 imprudens,
519 426 626 474 quod
648 426 860 463 admodum
880 425 1029 462 foveret
1050 426 1405 463 monotheletarum
1427 440 1598 465 errorem
1619 431 1714 466 tunc
1736 429 1902 478 gliscen-

167 487 260 523 tem.
282 486 447 523 Attenta
481 487 611 522 autem
643 485 727 533 ejus
760 484 911 522 virtute
946 486 985 521 et
1016 484 1241 529 sanctitate,
1274 497 1391 533 quam
1422 487 1555 534 plures
1591 488 1797 536 scriptores
1831 487 1903 524 fide

166 544 277 594 digni
298 546 500 581 testantur
528 541 590 596 (cf.
612 543 766 593 insigne
788 543 1033 592 epitaphium
1055 544 1222 593 Migne
1247 550 1312 589 80,
1334 543 1473 596 1000),
1498 547 1669 583 excusari
1683 547 1828 595 poterit
1841 546 1903 583 vel

165 617 187 640 a
207 603 395 653 gravioris
408 602 674 652 negligentiae
697 603 824 650 culpa.
847 602 900 639 Cf.
924 601 1280 648 Schneemann‚
1305 602 1470 640 Studien
1492 604 1589 641 iiber
1610 604 1670 642 die
1686 605 1902 642 Honorius-

167 661 294 711 frage3
319 661 590 708 Scheeben,
616 662 681 699 das
704 661 764 698 ok.
788 660 921 698 Concil
944 661 992 706 II,
1019 668 1163 706 91ss.;
1194 661 1373 699 Grisar
1396 662 1470 703 ΚΕ,
1497 663 1555 708 (3²,
1583 669 1793 704 230—57.

285 750 381 785 439.
423 744 605 782 Affirmat
628 741 718 796 (ll)
741 744 1026 793 Dollinger,
1048 746 1230 782 nostrum
1253 744 1393 794 dogma
1408 745 1690 782 consectarium
1704 758 1784 783 esse
1799 746 1902 783 axio—

166 802 282 840 matis
304 803 432 841 illius:
461 804 596 840 Prima
618 805 720 841 sedes
742 816 766 840 a
788 805 933 840 nemine
953 804 1174 849 judicatur:
1197 803 1268 841 hoc
1291 806 1423 841 autem
1438 804 1619 853 ignotum
1633 804 1752 842 fuisse
1767 805 1903 853 primis

163 861 340 911 quinque
362 862 552 900 Ecclesiae
575 863 715 900 seculis
738 866 778 899 et
800 862 944 911 spuriis
966 864 1119 899 tantum
1141 862 1258 899 inniti
1282 862 1539 901 documentis.
1583 864 1729 901 Verum

284 931 326 961 a.
349 933 550 971 negamus,
574 921 899 958 infallibilitatem
922 921 1000 958 niti
1021 921 1080 958 illi
1105 921 1299 966 axiomati,
1335 934 1412 969 quo
1434 934 1560 970 neque
1582 923 1643 959 usi
1665 935 1821 959 sumus:
1846 923 1903 959 in-

171 980 317 1017 nititur
337 980 443 1017 enim
464 981 595 1018 verbis
620 980 762 1018 Christi
785 980 952 1028 aliisque
975 980 1231 1029 argumentis,
1254 983 1300 1018 ut
1322 980 1511 1024 vidimus3
1534 982 1610 1019 imo

286 1036 334 1079 b.
358 1040 511 1077 axioma
532 1040 633 1077 illud
657 1039 910 1088 consequitur
933 1042 1071 1088 sponte
1095 1039 1514 1085 suainfallibilitatem,
1537 1053 1615 1077 non
1637 1053 1727 1077 vero
1750 1041 1905 1085 (saltem

168 1109 247 1135 non
269 1097 364 1135 adeo
388 1099 488 1136 clare
511 1103 550 1136 et
572 1096 808 1150 necessario)
832 1099 926 1135 haec
948 1111 992 1135 ex
1015 1098 1096 1138 illo.
1131 1099 1233 1135 Nam
1256 1098 1288 1136 si
1310 1098 1437 1147 prima
1459 1099 1567 1136 sedes
1591 1101 1651 1136 est
1673 1099 1903 1144 infallibilis,

168 1156 421 1194 manifestum
444 1160 514 1201 est,
550 1170 633 1194 eam
655 1157 846 1206 superiori
868 1169 948 1194 non
971 1170 1053 1194 esse
1075 1157 1279 1194 obnoxiam
1311 1158 1521 1202 tribunali;
1554 1170 1599 1194 ex
1622 1171 1665 1196 eo
1688 1171 1778 1195 vero
1801 1158 1904 1206 quod

170 1215 330 1264 aliquod
351 1216 528 1254 tribunal
550 1229 630 1254 non
652 1216 699 1253 ab
722 1216 797 1253 alio
815 1216 1016 1265 judicetur
1044 1216 1068 1255 i.
1091 1229 1122 1253 e.
1155 1216 1348 1265 superiori
1378 1229 1458 1254 non
1489 1217 1541 1254 sit
1572 1217 1794 1261 obnoxium,
1827 1228 1905 1254 non

167 1275 346 1322 sequitur
375 1276 476 1313 illud
507 1288 589 1313 esse
624 1275 845 1320 infallibile‚
878 1278 925 1312 ut
956 1288 1012 1313 ex.
1045 1289 1102 1325 gr.
1134 1275 1313 1313 tribunal
1345 1275 1619 1324 inappellabile
1652 1276 1693 1313 in
1725 1276 1904 1313 societate

167 1333 285 1371 civili.

287 1403 326 1434 c.
349 1393 463 1431 Falso
485 1405 623 1430 verum
646 1396 715 1438 est,
739 1393 888 1431 axioma
910 1393 1011 1430 illud
1033 1405 1116 1430 esse
1130 1393 1354 1430 inauditum
1367 1393 1504 1442 primis
1521 1394 1695 1442 quinque
1710 1394 1903 1431 Ecclesiae

167 1452 326 1490 seculis:
350 1465 438 1489 nam
461 1454 600 1489 notum
616 1453 698 1501 jam
721 1455 805 1489 erat
825 1452 1063 1497 Ennodio,
1096 1453 1165 1500 qui
1187 1452 1228 1489 in
1250 1452 1382 1490 libello
1404 1453 1643 1502 apologetico
1666 1465 1735 1501 pro
1757 1453 1904 1502 synodo

166 1512 331 1560 palmari
352 1524 384 1550 a.
409 1518 486 1551 501
517 1508 652 1563 (quem
668 1512 835 1560 jubente
859 1512 1007 1561 synodo
1030 1524 1189 1548 romana
1211 1525 1242 1548 a.
1268 1517 1349 1552 503
1375 1512 1558 1555 exaravit,
1583 1524 1791 1549 numerosa
1813 1524 1904 1549 vero

167 1570 341 1620 synodus
362 1570 593 1619 approbavit
614 1572 731 1618 atque
754 1570 859 1607 inter
892 1574 1146 1608 monumenta
1166 1570 1361 1608 Ecclesiae
1383 1571 1540 1619 publica
1570 1571 1735 1608 solemni
1764 1571 1905 1608 retulit

161 1626 329 1680 judicio)
351 1629 407 1666 ita
429 1629 585 1666 scribit:
612 1656 629 1673 »
639 1630 820 1666 Aliorum
842 1631 942 1666 ibrte
963 1629 1167 1667 hominum
1190 1642 1323 1667 causas
1342 1630 1442 1667 Deus
1464 1629 1633 1667 voluerit
1646 1642 1716 1678 per
1730 1630 1905 1667 homines

166 1688 399 1726 terminare:
422 1688 524 1725 sedis
545 1688 662 1725 istius
684 1689 904 1737 praesulem
927 1701 995 1726 suo
1019 1688 1103 1725 sine
1125 1688 1355 1737 quaestione
1378 1689 1594 1726 reservavit
1616 1688 1786 1725 arbitrio.
1828 1688 1902 1726 Vo-

167 1747 249 1785 luit
268 1747 305 1785 b.
328 1747 435 1784 Petri
457 1747 623 1796 apostoli
645 1760 885 1785 successores
909 1748 1014 1785 coelo
1035 1749 1194 1785 tantum
1215 1748 1355 1785 debere
1377 1748 1638 1785 innocentiam
1666 1750 1706 1784 et
1727 1747 1902 1784 subtilis-

169 1806 259 1844 simi
281 1806 512 1843 discussoris
534 1806 713 1856 indagini
735 1807 967 1844 inviolatam
989 1807 1169 1844 exhibere
1193 1807 1469 1844 conscientiam
1492 1809 1561 1844 etc.
1573 1812 1590 1829 «
1615 1807 1784 1843 Noverat
1806 1806 1906 1843 illud

170 1866 343 1915 synodus
373 1877 577 1902 romana
607 1879 639 1902 a.
666 1872 742 1905 501
786 1862 906 1917 (apud
930 1865 1078 1902 Thiel
1111 1879 1169 1914 ep.
1194 1866 1267 1902 RR.
1290 1866 1362 1903 PP.
1385 1879 1421 1914 p.
1447 1872 1541 1906 658.
1567 1872 1660 1906 663.
1686 1862 1809 1917 676);
1841 1877 1906 1902 ex-

167 1924 312 1973 pressit
342 1923 441 1961 illud
480 1924 668 1962 Avitus
698 1925 924 1962 viennensis
955 1925 1111 1962 nomine
1142 1924 1409 1973 episcoporum
1442 1925 1587 1961 Galliae
1619 1936 1676 1972 ep.
1710 1930 1775 1968 31,
1809 1936 1907 1972 quae

167 1986 253 2021 tota
274 1985 334 2020 est
356 1983 402 2020 de
424 1983 496 2020 hoc
517 1987 760 2032 argumento,
795 1983 836 2020 in
858 1996 935 2032 qua
968 1984 1072 2021 inter
1094 1983 1170 2021 alia
1191 1984 1377 2033 legimus:
1412 1984 1527 2026 „Non
1558 1983 1670 2020 facile
1702 1983 1817 2020 datur
1848 1983 1907 2019 in-

169 2042 310 2091 telligi,
333 2055 411 2090 qua
431 2042 494 2079 vel
516 2042 667 2079 ratione
689 2043 751 2079 vel
773 2043 859 2092 lege
881 2043 928 2080 ab
950 2042 1201 2080 inferioribus
1217 2042 1672 2090 eminentiorjudicetui·.
1706 2042 1805 2078 Nam
1820 2054 1909 2079 cum

170 2101 314 2139 celebri
334 2105 539 2150 praecepto
561 2101 763 2149 apostolus
786 2102 928 2139 clamet
950 2099 1007 2154 (1.
1030 2102 1125 2138 Tim.
1152 2109 1187 2146 5,
1219 2098 1284 2153 19)
1317 2101 1603 2138 accusationem
1634 2101 1696 2137 vel
1727 2101 1770 2137 in
1800 2113 1907 2149 pres-

170 2161 355 2209 byterum
375 2159 499 2208 recipi
522 2172 601 2197 non
623 2160 773 2204 debere,
798 2160 895 2209 quid
916 2161 958 2197 in
980 2160 1235 2209 praecipuum
1257 2159 1450 2209 generalis
1465 2159 1655 2197 Ecclesiae
1670 2159 1908 2197 criminatio-

171 2219 288 2257 nibus
310 2219 426 2256 licere
449 2219 686 2256 censendum
709 2221 795 2257 est?
829 2218 939 2263 Quod
976 2219 1148 2268 synodus
1171 2219 1255 2268 ipsa
1277 2218 1512 2256 venerabilis
1544 2218 1733 2255 laudabili
1765 2218 1908 2255 consti-

172 2278 326 2316 tutione
348 2278 590 2326 prospiciens
614 2290 780 2327 causam,
804 2291 932 2327 quam,
957 2279 1061 2327 quod
1084 2279 1190 2316 salva
1212 2278 1296 2326 ejus
1319 2278 1539 2314 reverentia
1555 2277 1704 2314 dictum
1726 2277 1788 2322 sit,
1812 2289 1910 2325 pene

172 2339 320 2374 temere
344 2339 571 2384 susceperat
594 2337 880 2385 inquirendam,
915 2337 1050 2375 divino
1080 2338 1213 2386 potius
1236 2337 1407 2373 servavit
1429 2336 1595 2373 examini
1618 2368 1625 2375 .
1649 2365 1656 2372 .
1680 2365 1688 2373 .
1712 2336 1785 2373 Sed
1808 2338 1848 2373 et
1868 2336 1911 2372 in

175 2395 440 2434 sacerdotibus
464 2396 604 2432 ceteris
626 2398 768 2444 potest,
793 2396 826 2433 si
848 2396 945 2444 quid
967 2396 1067 2433 forte
1089 2395 1290 2433 nutaverit
1311 2395 1536 2439 reformari;
1560 2397 1601 2432 at
1622 2395 1654 2432 si
1675 2408 1773 2444 papa
1795 2395 1910 2432 Urbis

177 2457 339 2493 vocatur
359 2455 401 2491 in
426 2454 602 2499 dubium,
625 2455 872 2503 episcopatus
889 2456 972 2503 jam
994 2455 1203 2498 videbitur,
1226 2466 1305 2491 non
1327 2454 1533 2502 episcopus
1547 2454 1730 2491 vacillare
1753 2484 1760 2491 .
1783 2484 1790 2491 .
1814 2484 1822 2492 .
1845 2454 1911 2491 Ce-

178 2517 310 2551 terum
331 2526 409 2551 non
431 2516 490 2550 est
510 2513 642 2563 gregis
665 2516 863 2561 pastorem
886 2514 1091 2562 proprium
1123 2515 1282 2558 terrere,
1318 2512 1383 2550 sed
1410 2513 1596 2561 judicia«
1641 2512 1749 2557 Quod
1781 2517 1911 2550 autem

176 2573 339 2610 ineunte
362 2584 434 2610 sec.
457 2572 519 2609 VI.
542 2572 735 2621 episcopis
759 2572 905 2609 Galliae
936 2572 1063 2609 visum
1095 2574 1156 2608 est
1186 2571 1344 2608 evidens
1376 2574 1415 2608 et
1445 2574 1582 2620 sponte
1613 2584 1682 2609 sua
1712 2572 1911 2609 notionem

177 2631 351 2680 supremi
373 2631 541 2680 pastoris
563 2643 815 2679 consequens,
847 2631 1020 2679 profecto
1052 2643 1131 2668 non
1153 2630 1230 2667 fuit
1252 2630 1474 2667 inauditum
1504 2631 1697 2679 prioribus
1720 2630 1911 2668 Ecclesiae

178 2690 334 2728 seculis.
375 2689 458 2727 ImO
491 2692 681 2727 noverant
711 2690 962 2738 axiomajam
993 2689 1310 2734 Bonifatius,
1345 2689 1571 2727 Zosimus
1602 2692 1641 2727 et
1674 2689 1911 2726 Gelasius

177 2746 232 2802 (n.
255 2755 351 2789 400.
380 2746 494 2799 416).

295 2805 339 2848 d.
362 2807 539 2855 Denique
560 2820 758 2857 negamus,
791 2807 941 2844 axioma
974 2807 1118 2855 spuriis
1140 2807 1258 2844 inniti
1280 2807 1563 2851 monumentis3
1595 2807 1779 2844 innititur
1809 2806 1909 2842 enim

177 2867 368 2915 primatus
391 2866 671 2915 praerogativa,
696 2866 1023 2914 quemadmodum
1037 2879 1080 2903 ea
1093 2865 1134 2902 in
1149 2865 1291 2903 divinis
1305 2865 1432 2903 literis
1446 2866 1673 2914 praesertim
1688 2865 1826 2902 Matth.
1848 2871 1909 2908 16,

184 2932 233 2965 19
259 2923 312 2977 (n.
338 2922 438 2975 354)
462 2927 501 2962 et
522 2925 563 2962 in
586 2925 797 2962 traditione
819 2925 1051 2962 delineatur.
1094 2924 1146 2962 Cf.
1170 2924 1540 2962 Thomassinus
1563 2924 1650 2961 diss.
1680 2931 1727 2963 15
1752 2924 1790 2959 in
1807 2935 1910 2961 conc.

296 3018 394 3059 440.
417 3014 628 3055 Provocat
648 3014 682 3054 D
696 3016 720 3055 ὀ
733 3014 767 3055 ll
780 3015 832 3055 in
845 3027 869 3066 g
881 3026 903 3055 e
916 3026 937 3054 r
959 3015 1050 3070 (12)
1066 3015 1122 3055 ad
1135 3014 1309 3056 concilia
1324 3015 1620 3055 constantiense
1634 3019 1668 3054 et
1683 3014 1911 3067 basileense,

183 3097 292 3138 quae
315 3085 564 3135 docuerunt,
594 3097 820 3126 romanum
851 3084 1093 3137 pontificem
1125 3086 1168 3126 in
1198 3084 1326 3126 rebus
1357 3085 1453 3125 fidei
1475 3089 1516 3125 et
1538 3097 1703 3125 morum
1726 3083 1913 3124 conciliis
