2175 3382
880 89 1156 123 resurrectionis
1177 91 1323 126 Christi.
1907 105 1961 146 73

231 222 412 266 sun-exit,
436 221 616 267 ascensio,
649 223 731 258 toto
749 221 831 269 jam
854 222 1000 258 mundo
1022 223 1271 271 praedicatur
1303 230 1342 261 et
1364 226 1556 271 creditum
1588 229 1619 265 si
1652 230 1852 270 credibilis
1882 246 1961 271 non

231 283 302 326 est,
324 280 429 318 unde
450 282 534 318 toto
556 282 750 317 terrarum
773 280 866 317 orbe
883 281 966 328 jam
989 280 1136 318 credita
1157 284 1215 319 est
1227 285 1242 318 ἱ)
1267 283 1304 320 Si
1321 285 1436 321 multi
1452 286 1613 332 nobiles,
1639 289 1836 336 sublimes,
1859 291 1961 329 docti

230 352 312 377 eam
335 351 376 376 se
397 339 541 377 vidisse
563 338 757 383 dixerunt,
781 340 821 375 et
842 339 947 387 quod
968 339 1154 377 viderunt
1168 340 1365 379 diffamare
1381 348 1580 388 curarunt,
1605 346 1661 383 eis
1676 349 1867 386 mundum
1881 363 1962 388 cre—

232 398 370 435 didisse
392 411 471 435 000
493 398 636 435 mirum
659 399 718 434 est
741 426 747 432 .
772 427 779 433 .
804 426 810 432 .
835 397 867 434 si
890 403 1033 439 autem.
1068 401 1113 435 ut
1145 411 1280 436 verum
1303 404 1372 445 est,
1396 403 1542 449 paucis,
1568 405 1753 450 obscuris,
1778 408 1960 454 minimis,

231 457 398 494 indoctis
420 469 504 494 eam
527 468 567 494 se
589 456 735 493 vidisse
757 456 980 493 dicentibus
1003 459 1041 493 et
1064 457 1326 495 scribentibus
1351 460 1512 497 credidit
1536 464 1725 501 mundus:
1760 478 1827 503 cur
1848 469 1961 515 pauci

234 515 549 561 obstinatissimi,
583 515 652 563 qui
685 517 973 561 remanserunt,
1009 515 1083 563 ipsi
1106 517 1251 553 mundo
1277 518 1358 565 jam
1382 519 1553 556 credenti
1577 522 1700 558 adhuc
1732 536 1807 560 non
1838 538 1961 574 usque

230 575 422 611 credunt?
460 574 535 619 Qui
556 575 762 622 propterea
783 586 945 611 numero
969 574 1110 623 exiguo
1132 575 1378 624 ignobilium,
1404 577 1659 623 infirmorum,
1693 581 1962 629 imperitorum

229 633 431 671 hominum
453 632 629 678 credidit,
654 632 748 680 quia
770 632 811 669 in
833 635 914 669 tam
936 634 1301 681 contemptibilibus
1324 636 1492 673 testibus
1514 638 1638 674 multo
1661 640 1878 679 mirabilius
1901 643 1960 679 di-

228 692 372 730 vinitas
393 692 476 741 ipsa
498 704 538 729 se
560 691 767 740 persuasit.
810 692 976 739 Eloquia
999 705 1162 740 namque
1184 694 1506 741 persuadentium
1530 709 1628 743 quae
1651 697 1841 742 dicebant,
1866 702 1961 738 mira

228 751 390 788 fuerunt
410 751 523 796 facta,
546 763 625 788 non
647 750 765 787 verba
787 782 793 788 .
819 779 825 786 .
851 780 857 787 .
881 750 1065 788 Homines
1087 752 1242 800 quippe,
1268 765 1366 800 quos
1387 754 1505 791 unius
1527 756 1588 791 vel
1610 759 1657 792 ut
1683 758 1851 794 multum
1867 759 1961 796 dua-

228 823 316 847 rum
338 810 567 859 linguarum
588 809 707 846 fuisse
729 811 932 854 noverant,
968 813 1130 858 repente
1162 810 1310 860 linguis
1341 813 1514 849 omnium
1547 815 1727 862 gentium
1759 816 1962 864 loquentes

231 868 444 906 audiebant
464 870 564 906 610.<<
609 869 799 906 Provocat
822 868 911 905 dein
934 868 981 905 ad
1004 869 1079 906 alia
1101 870 1366 918 apostolorum
1398 871 1596 911 miracula.
1630 886 1727 921 quae
1759 875 1800 911 in
1831 888 1963 913 eorum

229 927 325 965 actis
346 930 568 965 narrantur.

349 1029 413 1062 64.
453 1022 630 1060 Christus
651 1035 732 1059 vere
767 1027 818 1058 est
851 1027 1035 1059 mortuns.
1064 1045 1110 1048 —
1138 1023 1264 1059 Nimis
1298 1036 1388 1060 vero
1422 1026 1677 1063 temerarium
1712 1030 1771 1063 est
1805 1031 1963 1065 conten-

231 1081 331 1127 dere,
355 1081 555 1118 Christum
575 1082 617 1118 in
639 1093 749 1119 cruce
772 1092 849 1118 non
873 1093 955 1118 esse
991 1094 1079 1118 vere
1102 1084 1313 1126 mortuum,
1345 1083 1410 1119 sed
1441 1086 1597 1121 tantum
1629 1085 1844 1133 deliquium
1877 1100 1962 1135 pas-

228 1153 315 1178 sum
337 1152 430 1185 esse,
466 1143 585 1188 atque
609 1140 702 1177 adeo
725 1140 961 1177 naturaliter
982 1140 1213 1177 restauratis
1236 1141 1387 1178 viribus
1418 1143 1578 1180 rediisse
1611 1144 1655 1180 ad
1689 1145 1821 1182 vitam.
1865 1146 1961 1182 Nam

227 1200 273 1236 de
293 1212 385 1237 vera
407 1199 551 1236 Christi
575 1202 699 1237 morte
722 1201 846 1236 certos
870 1210 939 1236 nos
962 1198 1095 1235 reddit
1117 1209 1159 1239 a..
1183 1200 1406 1237 sollicitudo
1430 1201 1557 1245 Pilati,
1581 1203 1649 1250 qui
1672 1203 1836 1240 miratus
1859 1206 1963 1252 quod

223 1259 305 1307 jam
339 1258 508 1304 obiisset,
544 1258 747 1296 accersivit
780 1258 1049 1295 centurionem
1084 1258 1329 1307 interrogans
1364 1272 1463 1304 eum,
1498 1262 1532 1297 si
1544 1262 1631 1308 jam
1667 1267 1838 1299 mortuus
1872 1273 1963 1300 esset

228 1314 359 1370 (Marc.
387 1324 449 1362 15,
475 1315 564 1369 44);
597 1316 642 1358 b.
665 1317 888 1355 sollicitudo
910 1317 1094 1363 militum,
1126 1318 1195 1366 qui
1217 1317 1294 1354 etsi
1316 1318 1429 1356 illum
1453 1320 1631 1356 viderant
1647 1320 1727 1368 jam
1750 1324 1961 1366 mortuum,

226 1377 359 1414 lancea
380 1378 512 1413 tamen
535 1377 640 1413 latus
663 1377 747 1426 ejus
770 1379 1012 1425 aparuerunt
1033 1377 1196 1413 vulnere
1227 1377 1373 1414 inflicto
1396 1378 1506 1415 letali
1528 1377 1578 1431 ¹);
1613 1388 1654 1418 (3.
1679 1380 1900 1418 sollicitudo
1924 1381 1963 1418 in

225 1435 362 1484 primis
376 1435 600 1484 principum
615 1436 859 1473 sacerdotum
873 1438 913 1472 et
927 1435 1230 1483 pharisaeorum,
1256 1436 1325 1484 qui
1340 1437 1424 1485 ejus
1440 1438 1765 1475 resurrectionem
1778 1439 1961 1476 timentes

224 1506 313 1532 sane
349 1494 485 1532 sedulo
519 1495 633 1532 illum
666 1495 934 1543 inspexerunt,
978 1507 1073 1531 num
1110 1507 1247 1531 revera
1280 1497 1381 1532 esset
1414 1499 1606 1541 mortuus,
1642 1509 1690 1533 ne
1724 1498 1959 1535 novissimus

224 1565 329 1590 error
349 1554 459 1602 pejor
481 1556 581 1591 esset
602 1553 730 1602 priore
754 1551 909 1604 (Matth.
935 1559 999 1598 27,
1027 1559 1078 1592 62
1105 1551 1192 1603 ss);
1229 1551 1274 1593 (l.
1300 1554 1525 1592 sollicitudo
1547 1556 1701 1604 piarum
1729 1557 1959 1594 seminarum

223 1614 263 1649 et
282 1613 468 1659 virorum,
493 1613 561 1660 qui
582 1626 672 1650 eum
695 1613 954 1661 sepelierunt;
988 1623 1029 1652 6.
1054 1613 1225 1650 conditio
1247 1613 1370 1662 ipsius
1393 1614 1560 1662 sepulcri
1590 1620 1960 1664 unguentorumque

223 1671 331 1720 copia
355 1669 431 1723 (Jo.
461 1678 523 1717 19,
551 1669 634 1722 39),
659 1672 770 1720 cujus
794 1672 910 1708 odore
931 1672 994 1709 vel
1018 1684 1135 1708 sanus
1158 1672 1376 1709 exstinctus
1391 1672 1549 1717 fuis-seu
1574 1671 1609 1713 f.
1626 1674 1823 1711 silentium
1839 1675 1960 1712 totius

223 1730 469 1779 antiquitatis
491 1732 609 1778 atque
631 1732 803 1779 ipsorum
826 1730 995 1768 nominis
1017 1731 1219 1768 christiani
1241 1731 1416 1769 hostium
1439 1732 1485 1769 de
1508 1732 1598 1769 fatis
1621 1733 1763 1770 Christi
1785 1733 1959 1778 redivivi,

224 1789 269 1826 de
290 1790 402 1838 cujus
426 1790 637 1833 curatione,
661 1802 760 1838 quae
782 1792 886 1827 certo
910 1790 1175 1827 sollicitudine
1197 1792 1237 1827 et
1257 1791 1409 1839 prolixo
1432 1794 1606 1839 tempore
1622 1791 1869 1841 indiguisset,
1893 1792 1959 1829 de-

223 1861 297 1896 que
319 1849 441 1898 gestis
463 1852 581 1897 atque
603 1851 730 1886 morte
752 1848 860 1886 finali
889 1851 979 1896 post
999 1849 1171 1886 reditum
1202 1849 1248 1886 ad
1271 1850 1392 1886 vitam
1424 1851 1627 1887 mortalem
1658 1863 1790 1887 rumor
1821 1851 1959 1888 saltem

225 1907 365 1956 aliquis
387 1908 434 1944 ad
455 1910 634 1956 posteros
657 1910 758 1945 esset
781 1908 994 1956 perlapsus,
1031 1920 1119 1945 cum
1141 1921 1162 1945 a
1184 1909 1264 1945 suis
1286 1908 1491 1957 discipulis
1515 1909 1608 1946 adeo
1631 1910 1835 1954 coleretur,
1869 1910 1959 1946 diii-

222 1969 392 2015 geretur,
416 1967 655 2004 adoraretur.
698 1967 758 2004 Ad
781 1967 874 2004 haec
896 1977 942 2017 g.
968 1967 1112 2004 Christi
1132 1967 1226 2004 adeo
1248 1967 1458 2005 deformati
1481 1970 1520 2005 et
1540 1969 1772 2005 vulneribus
1795 1968 1960 2006 confossi

223 2037 242 2062 e
263 2025 436 2074 deliquio
457 2026 609 2063 reditus
630 2039 700 2074 par
721 2038 801 2063 non
823 2025 961 2063 fuisset
982 2026 1180 2076 replendis
1203 2026 1389 2075 apostolis
1422 2029 1532 2064 tanta
1554 2028 1714 2073 laetitia,
1748 2028 1958 2071 alacritate,

223 2084 451 2129 constantia,
487 2097 564 2132 qua
585 2085 676 2122 illos
698 2098 739 2122 10
760 2085 1021 2133 praedicanda
1053 2085 1196 2122 Christi
1228 2087 1515 2123 resurrectione
1548 2086 1743 2134 praeditos
1774 2086 1959 2124 videmus.

223 2143 603 2181 Commiserationem
627 2144 785 2192 quidem
799 2143 1016 2188 excitasset,
1040 2157 1119 2181 non
1141 2144 1317 2181 animum
1339 2146 1378 2182 et
1400 2145 1590 2182 fiduciam.
1615 2145 1788 2193 Denique
1804 2142 1849 2184 ll.
1865 2157 1959 2192 quo-

221 2202 335 2240 modo
358 2202 535 2240 Christus
556 2203 599 2240 in
619 2205 731 2240 tanta
752 2202 897 2240 virium
919 2203 1191 2240 imbecillitate
1214 2216 1259 2240 ex
1282 2204 1454 2251 deliquio
1477 2200 1667 2252 evigilans
1689 2204 1883 2252 potuisset
1904 2204 1959 2240 la-

220 2259 352 2309 pidem
373 2262 572 2299 revolvere
583 2264 600 2298 ?
623 2263 817 2311 quomodo
832 2262 1014 2299 custodes
1031 2275 1120 2299 eum
1143 2275 1223 2299 non
1237 2262 1426 2299 vidissent
1441 2275 1460 2299 e
1475 2263 1654 2311 sepulcro
1668 2263 1958 2312 egredientem?

222 2320 414 2367 quomodo
436 2320 612 2358 Christus
634 2323 750 2358 tanta
784 2321 1029 2358 accuratione
1060 2321 1278 2369 praedicere
1308 2321 1506 2370 potuisset
1537 2334 1652 2358 suum
1683 2335 1702 2358 e
1734 2333 1868 2370 sopore
1898 2333 1958 2357 re-

223 2378 374 2416 dit-um‘?
397 2378 522 2423 Quare
544 2379 638 2417 adeo
660 2380 915 2417 temerarium
937 2381 997 2417 est
1018 2380 1090 2417 hoc
1112 2380 1277 2417 dubium
1299 2380 1346 2417 de
1368 2392 1458 2417 vera
1472 2380 1618 2417 Christi
1640 2383 1775 2425 morte,
1800 2382 1845 2417 ut
1859 2379 1959 2416 nulli

221 2449 395 2486 unquam
416 2438 645 2476 mortalium
667 2439 821 2476 venerit
843 2439 884 2475 in
906 2440 1091 2483 mentem,
1125 2439 1200 2476 nisi
1222 2441 1379 2476 nostrae
1401 2438 1542 2476 aetatis
1565 2439 1788 2483 incredulis,
1814 2438 1957 2486 quibus

203 2508 290 2544 pro
311 2497 462 2534 ratione
486 2499 546 2535 est
568 2497 762 2547 impietas.

339 2589 406 2631 65·
429 2587 599 2630 ThOSiS
622 2587 750 2631 XIV·
802 2603 1014 2636 Christus
1043 2603 1253 2637 divinam
1292 2612 1429 2637 suam
1457 2604 1724 2636 missionem
1751 2609 1957 2641 compro-

223 2661 347 2695 bavit
371 2663 607 2696 vaticiniis
632 2671 826 2705 quoque,
852 2663 1019 2704 quibus
1045 2665 1231 2696 event-as
1252 2663 1502 2705 praec-lare
1529 2662 1781 2704 respondit.

1267 2703 1555 2799 “wa

366 2824 391 2868 ¹)
409 2822 461 2856 Cf.
484 2824 536 2864 19,
555 2826 610 2859 33.
632 2822 684 2857 Cf.
703 2824 931 2858 medicorum
947 2823 1151 2868 peritorum
1170 2824 1214 2858 de
1233 2824 1393 2857 vulneris
1412 2823 1593 2868 gravitate
1607 2822 1781 2866 judicium
1797 2828 1954 2863 acgene-

220 2875 330 2908 ratim
347 2875 392 2909 de
407 2875 478 2909 hoc
494 2878 710 2921 argumento
738 2876 835 2911 Wis
847 2887 909 2910 em
922 2887 943 2910 a
955 2888 978 2910 n
1006 2877 1326 2922 Zusammenhang
1353 2877 1415 2910 der
1441 2875 1659 2920 Ergebnisse
1686 2871 1954 2906 wissenschaft-

221 2926 336 2961 licher
352 2927 566 2973 Forschung
586 2929 653 2962 mit
670 2929 733 2963 der
760 2929 1039 2974 geoffenbarten
1065 2928 1240 2974 Religion
1258 2929 1343 2963 diss.
1363 2934 1382 2963 5
1402 2931 1421 2973 ξ
1443 2933 1458 2962 1
1480 2940 1524 2969 SS,
1561 2928 1728 2962 Ceterum
1747 2924 1891 2967 egregie
1911 2923 1953 2954 de

224 2979 291 3013 hoc
308 2981 527 3024 argumento
546 2981 713 3026 disputat
733 2981 763 3015 R
775 2982 830 3015 oh
847 2981 888 3015 in
906 2982 991 3015 diss.
1011 2981 1109 3021 ,Was
1128 2982 1176 3015 ist
1193 2981 1357 3015 Christus
1368 2986 1391 3014 5²·
