2175 3382
883 95 1065 139 Vulgatae
1085 96 1276 129 authentia
1859 99 1940 141 201

327 215 369 257 ὅ.
393 212 522 254 Multo
545 214 683 254 minus
706 213 870 254 admitti
900 218 1040 265 potest
1071 213 1293 254 diversitas
1327 226 1385 254 co
1401 227 1428 254 n
1444 220 1526 254 tra
1541 214 1805 255 dictionis
1838 215 1945 255 inter

210 289 370 326 textum
393 283 639 337 originalem
664 288 705 325 et
726 284 952 334 vulgatam,
985 283 1092 324 adeo
1127 288 1173 324 ut
1198 284 1240 324 in
1262 288 1379 324 textu
1402 284 1641 335 dogmatico
1667 285 1857 336 originali
1882 285 1942 325 al'-

210 355 397 397 firmetur
420 355 588 408 aliquid,
611 355 723 408 quod
746 355 789 395 in
811 355 1006 395 versione
1029 359 1206 406 negetur
1228 355 1293 395 vel
1316 355 1512 395 vicissim.
1542 376 1602 393 m.
1627 349 1761 391 Caura
1783 352 1842 390 «A
1870 362 1918 380 ν*
1931 319 2175 383 (ὅν-Μ

326 441 412 479 Huc
434 442 583 490 spectat
610 448 642 480 1.
666 441 748 478 Cor.
778 447 839 486 15,
867 447 930 485 51,
964 440 1033 477 ubi
1056 440 1224 489 legimus
1258 441 1297 476 in
1320 441 1501 489 vulgata:
1539 440 1674 477 Omma
1705 443 1851 490 quidem
1884 454 1943 478 re-

209 512 416 550 suryemus,
441 501 505 537 sed
526 511 601 536 uon
623 511 749 536 omues
773 499 1072 545 immutabimur,
1097 499 1204 547 quod
1225 499 1341 547 plane
1371 499 1612 536 contrarium
1635 500 1792 536 videtur
1818 500 1945 537 textui

209 559 403 609 originali,
437 558 504 607 qui
537 558 673 595 habet:
706 558 790 595 Non
824 570 950 595 omnes
982 559 1233 605 dormiemus,
1266 559 1332 595 sed
1363 570 1488 595 omnes
1519 559 1817 595 immutabimur.
1873 559 1945 596 Sed

208 631 342 668 pugna
363 619 423 655 est
443 619 601 655 tantum
622 616 663 653 in
685 617 825 662 verbis,
849 629 928 654 non
949 617 991 654 in
1014 616 1101 666 ipsa
1123 629 1177 654 re.
1220 617 1319 653 Nam
1355 617 1395 653 in
1419 617 1579 666 vulgata
1609 616 1826 654 affirmatur
1857 618 1945 654 11111-

209 676 415 715 versalitas
448 675 747 713 resurrectionis
783 676 824 712 in
858 688 1021 725 genere,
1059 678 1099 712 et
1133 678 1301 725 negatur
1334 676 1610 713 universalitas
1647 676 1945 713 resurrectionis

211 736 470 786 gloriosae
495 747 565 772 seu
586 734 873 772 immutationis
896 735 937 771 in
960 736 1106 772 statum
1129 734 1354 784 gloriosum.
1396 735 1442 771 In
1464 736 1576 771 textu
1606 736 1736 771 autem
1768 735 1947 784 originali

210 796 376 844 negatur
397 793 675 831 universalitas
696 806 774 831 non
796 794 943 837 mortis,
978 793 1045 831 sed
1070 795 1197 830 status
1220 793 1515 830 habitualis
1538 793 1686 837 mortis,
1720 795 1757 830 et
1781 794 1946 830 affirma-

209 856 276 891 tur
296 852 574 891 universalitas
596 853 892 890 resurrectionis
915 865 984 889 seu
1006 853 1294 889 immutationis
1312 865 1330 889 e
1347 854 1455 889 statu
1469 852 1722 889 mortalitatis
1747 854 1786 889 in
1801 854 1948 889 statum

212 912 529 957 immortalitatis,
554 924 652 959 quae
675 911 835 960 quidem
858 912 989 960 aliqua
1011 912 1160 949 ratione
1183 911 1338 948 diversa
1360 913 1463 956 sunt,
1489 911 1554 948 sed
1576 924 1654 948 non
1678 912 1882 949 contraria.

329 993 372 1035 6.
397 990 440 1031 Si
472 991 696 1031 diversitas
727 992 898 1043 gravior
931 995 1140 1040 occurrat,
1174 990 1372 1031 adhibitis
1404 991 1608 1031 scientiae
1632 990 1852 1042 praesidiis
1875 991 1947 1032 de·
1966 972 2175 1071 w

211 1063 440 1105 monstrari
471 1073 640 1114 semper
671 1063 836 1114 poterit,
877 1062 1102 1114 lectionem
1136 1066 1274 1102 textus
1307 1062 1533 1116 genuinam
1570 1073 1664 1102 eam
1699 1073 1803 1109 esse,
1841 1073 1948 1114 quae
1964 1055 2175 1108 Μ

1959 1100 2175 1150 Μ

212 1146 339 1175 sensu
362 1146 386 1174 a
410 1133 578 1183 vulgata
599 1145 686 1203 noa
710 1133 932 1174 discordet.
969 1132 1091 1184 Quod
1113 1133 1148 1173 si
1171 1145 1252 1185 ope
1276 1133 1448 1173 criticae
1472 1133 1696 1173 diversitas
1720 1141 2153 1186 occurrenswffl

211 1217 298 1246 non
312 1205 446 1257 possit
459 1203 690 1253 conciliari,
713 1204 1002 1256 praesumptio
1026 1208 1181 1315 stifft-{¹⁵
1233 1203 1414 1252 vuloata,
1438 1215 1524 1243 non
1547 1183 1759 1250 solummex
1781 1203 1946 1243 ratione

1122 1288 1131 1314 l

211 1275 450 1327 theologica
471 1275 556 1317 scil.
580 1274 775 1327 specialis
798 1274 872 1315 Dei
894 1275 1118 1327 provident
1165 1287 1199 1323 e,
1245 1287 1267 1315 e
1320 1245 1738 1315 etiaffimes
1762 1274 1949 1314 criticas:
1978 1299 2041 1320 Μ,
2063 1276 2175 1331 ’κούχ

212 1358 312 1387 nam
326 1345 609 1399 Hieronymus
631 1345 830 1386 meliores
852 1346 1190 1398 vetustioresque
1213 1345 1361 1386 habuit
1383 1345 1550 1385 codices
1576 1356 1703 1397 quam
1726 1357 1816 1388 nos,
1844 1325 2124 1399 quom
2150 1352 2175 1377 α

211 1429 303 1458 rum
328 1417 496 1458 codices
518 1416 606 1458 fere
628 1429 715 1457 non
737 1421 835 1458 sunt
858 1417 1118 1470 antiquiores
1150 1428 1232 1459 sec
1255 1416 1342 1463 IX.;
1375 1421 1415 1456 et
1449 1415 1618 1456 codices
1649 1416 1789 1467 lingua
1823 1390 2175 1486 origi⁴ffim

213 1488 297 1529 nali
320 1489 548 1541 conscripti
569 1489 693 1540 longe
716 1488 878 1529 facilius
900 1493 1130 1541 potuerunt
1156 1488 1381 1540 corrumpi,
1415 1500 1542 1540 quam
1576 1487 1806 1534 versiones,
1839 1497 1947 1537 quae

212 1572 292 1600 usu
315 1559 561 1612 quotidiano
584 1560 626 1599 in
650 1559 838 1600 ecclesiis
862 1558 1194 1612 frequentantur.

331 1644 456 1689 Quare
480 1645 654 1682 Sixtus
677 1645 720 1682 V.
744 1645 786 1681 in
808 1645 961 1682 constit.
985 1657 1078 1682 suae
1102 1645 1193 1685 edit,
1217 1645 1429 1693 praemissa
1463 1643 1604 1681 merito
1629 1644 1789 1680 statuit:
1826 1642 1947 1687 „Qui-

213 1716 367 1752 cunque
389 1704 511 1753 igitur
533 1705 637 1741 tanti
659 1704 887 1752 interpretis
911 1705 1172 1749 sanctitatem,
1198 1704 1412 1753 ingenium,
1437 1703 1708 1747 eruditionem,
1738 1702 1946 1740 solertiam.

213 1763 430 1813 magistros,
462 1763 626 1808 labores,
663 1763 766 1800 illud
789 1763 830 1799 in
852 1774 929 1811 quo
962 1763 1059 1800 vixit
1093 1763 1278 1803 seculum.
1316 1775 1404 1800 cum
1438 1762 1665 1811 linguarum
1699 1761 1873 1798 omnium
1908 1773 1949 1798 ac

212 1822 443 1871 praesertim
466 1821 652 1859 hebraeae
674 1822 807 1859 studia
837 1823 1030 1867 florerent,
1063 1822 1275 1871 diligenter
1307 1821 1587 1870 spectaverint3
1619 1820 1731 1857 facile
1755 1819 1950 1868 judicium

214 1881 455 1918 damnabunt
478 1893 624 1926 eorum,
662 1881 730 1929 qui
753 1883 821 1918 aut
842 1884 925 1918 tam
947 1881 1077 1918 eximii
1101 1881 1271 1918 doctoris
1294 1880 1638 1918 lucubrationibus
1660 1890 1739 1915 non
1771 1879 1947 1926 acquies-

213 1943 318 1986 cunt,
342 1942 411 1977 aut
432 1940 551 1977 etiam
572 1940 733 1977 meliora
755 1952 823 1977 seu
844 1940 951 1989 paria
972 1942 1168 1989 praestare
1202 1952 1241 1977 se
1262 1952 1374 1988 posse
1406 1939 1646 1977 confidunt«
1690 1938 1828 1975 Plures
1860 1950 1948 1986 pro-

212 2001 403 2037 testantes
426 2012 581 2048 quoque
603 2012 692 2036 vere
715 1998 860 2036 eruditi
882 1999 1015 2048 magni
1037 1999 1188 2036 faciunt
1209 1999 1422 2048 vulgatam.
1455 1998 1515 2035 Ita
1530 2011 1585 2035 ex.
1600 2011 1656 2046 gr.
1679 1997 1949 2034 Michaelis

215 2057 272 2110 (in
295 2071 365 2096 suo
388 2059 580 2107 supplem.
604 2058 650 2095 ad
671 2059 744 2097 lex.
768 2058 993 2095 hebraicum
1016 2071 1103 2108 pag.
1129 2064 1209 2098 992
1248 2060 1287 2095 et
1308 2058 1403 2094 bibl.
1437 2058 1573 2095 orient.
1605 2061 1631 2094 t.
1656 2056 1743 2093 XXI
1764 2069 1801 2092 n.
1828 2054 1949 2108 :311):

216 2117 470 2162 „Praeiverat
491 2117 666 2167 Vulgata
687 2118 787 2154 male
810 2117 992 2166 deinceps
1015 2117 1062 2154 ab
1088 2117 1174 2154 aliis
1197 2117 1386 2166 neglecta,
1420 2129 1507 2154 cum
1541 2116 1593 2153 sit
1615 2115 1842 2152 versionum
1873 2128 1950 2151 una

213 2177 388 2214 omnium
408 2176 744 2225 praestantissima
767 2206 772 2213 .
797 2211 803 2217 ,
829 2209 835 2216 .
859 2176 939 2225 lpsi
961 2177 1062 2213 enim
1087 2176 1286 2213 auditores
1320 2176 1398 2213 mei
1427 2178 1510 2212 tam
1540 2176 1802 2223 protestantes
1833 2187 1949 2222 quam

214 2235 406 2285 pontificii
429 2236 541 2273 facile
555 2235 821 2281 recordantur,
845 2238 1089 2284 quantopere
1113 2248 1184 2284 ego
1198 2235 1391 2284 Vulgatae
1415 2247 1529 2271 usum
1545 2238 1631 2271 tum
1647 2233 1838 2278 criticum,
1863 2235 1950 2269 tum

215 2291 457 2344 exegeticum
479 2294 756 2339 commendem,
790 2295 953 2342 ejusque
976 2296 1245 2343 contemptum
1267 2294 1528 2342 vitupei·em.«
1575 2292 1627 2330 Cf.
1650 2292 1818 2329 aliorum
1839 2291 1949 2329 testi-

215 2354 343 2391 monia
364 2354 470 2402 apud
491 2354 711 2391 Brunati
733 2354 774 2390 in
797 2353 889 2391 diss.
912 2354 1007 2390 bibl.
1031 2353 1087 2389 111
1109 2367 1146 2402 p.
1173 2360 1223 2393 73
1239 2365 1285 2390 ss.
1310 2352 1518 2389 Mediolani
1547 2358 1675 2392 1838:
1701 2352 1830 2399 Czup
1841 2362 1951 2399 pon,

215 2412 407 2450 vindiciae
437 2413 545 2462 vulg.
576 2413 643 2450 lat.
675 2412 766 2449 edit.
798 2414 826 2452 t.
864 2421 878 2452 1
915 2427 951 2461 p.
988 2418 1052 2452 33.
1088 2418 1152 2452 89.
1196 2412 1276 2448 Imo
1309 2411 1542 2448 'Phemius
1574 2411 1616 2447 in
1639 2410 1720 2447 suis
1742 2409 1790 2446 ad
1811 2411 1859 2446 ΙΙ.
1884 2409 1950 2446 Sa-

150 2478 154 2482 '
218 2472 359 2509 muelis
383 2473 589 2509 comment.
611 2474 765 2509 textum
788 2472 1010 2508 hebraicum
1035 2471 1250 2508 secundum
1272 2470 1482 2519 Vulgatam
1516 2469 1707 2507 emendat.
1751 2469 1803 2506 Cf.
1826 2469 1859 2505 K
1873 2482 1891 2505 a
1906 2482 1948 2505 u-

215 2531 411 2576 lens.7,
440 2538 502 2571 10.
1273 2501 2049 2587 ΔμΜα-ΜᾸΓΨΨΨ

337 2610 375 2654 ἶ.
398 2610 445 2650 ln
466 2609 542 2651 reb
575 2623 595 2650 s
627 2621 736 2662 quae
768 2622 794 2650 a
854 2608 980 2649 fidem
1004 2620 1230 2661 moresque
1254 2620 1308 2649 no
1362 2613 1480 2660 spect
1542 2612 1557 2648 t
1591 2607 1762 2659 vulgata
1785 2611 1949 2647 tantam

217 2679 347 2721 habet
368 2692 393 2721 a
474 2692 526 2721 en
547 2678 770 2721 iam'tscien
790 2678 1136 2747 ificamuquanta
1167 2690 1189 2717 c
1221 2682 1369 2730 inpetit
1400 2690 1585 2719 versioni
1618 2682 1705 2718 tam
1738 2681 1948 2729 antiquae.

218 2756 454 2801 accuratae,
477 2751 644 2800 celebri,
668 2763 693 2791 a
715 2755 803 2791 tam
826 2749 990 2791 erudito
1006 2749 1218 2802 doctoque
1240 2750 1330 2790 viro
1355 2748 1585 2798 confectae,
1610 2747 1743 2801 qualis
1766 2746 1841 2787 fuit
1855 2746 1948 2786 Hie—

493 2813 618 2836 wwm
937 2798 979 2829 αὶ
1002 2802 1217 2827 ownia-u..
1246 2795 1543 2830 mim-unam(
1574 2809 1633 2825 w»
1654 2792 1842 2828 Q

218 2833 432 2875 ronymus.
468 2831 547 2870 „iau
570 2808 916 2877 ww,
724 2837 783 2875 1.,
811 2832 1060 2876 ‚qum
1093 2840 1294 2873 ibt-4140..
1325 2841 1456 2893 ..ὕψη

335 2905 378 2947 S.
402 2902 447 2945 Si
469 2916 662 2957 quaeras,
688 2916 902 2957 quaenam
924 2903 1007 2943 sint
1028 2902 1110 2952 illa,
1145 2914 1254 2955 quae
1287 2914 1339 2943 ex
1371 2914 1416 2943 se
1448 2905 1639 2953 spectent
1661 2900 1713 2940 ad
1738 2899 1861 2939 fidem
1885 2897 1948 2938 vel

218 2986 370 3023 mores,
401 2974 468 3015 vel
490 2974 642 3027 quibus
662 2974 866 3015 historiae
889 2977 931 3014 et
952 2973 1202 3025 prophetiae
1225 2984 1392 3013 summa
1415 2971 1693 3018 contineatur,
1725 2970 1767 3009 in
1799 2967 1948 3020 quibus

217 3045 413 3096 vulgatae
436 3044 698 3085 authentiam
720 3044 1006 3084 vindicamus:
1041 3043 1361 3095 respondemus
1394 3054 1445 3083 ea
1477 3041 1722 3093 plerumque
1754 3037 1948 3078 facillime
