2175 3382
227 132 312 170 436
479 124 597 161 'ri-act,
619 124 678 159 ΙΙΙ.
698 125 742 158 dc
761 124 931 169 primatu.
951 124 1078 158 'l‘hesis
1098 123 1253 158 LXXIX.
1273 124 1323 158 Ex
1343 125 1462 159 effatis
1481 125 1695 169 pontificum

29 163 265 215 elada-lw-
288 175 646 238 &maspha-«os
697 182 752 208 Μ-
770 171 1010 208 Μ
1052 169 1139 209 ⁴⁸6
1171 173 1629 210 “Malam

227 246 306 286 nisi
338 245 405 297 qui
438 244 489 284 de
522 255 566 285 se
598 244 729 285 voluit
745 244 926 296 judicari
949 244 1011 300 ¹).“
1060 243 1149 284 Huc
1183 248 1376 296 spectant
1407 244 1585 296 repetitu
1606 257 1636 285 s.
1660 244 1859 286 Leonis
1891 244 1953 285 ef-

0 314 194 371 „Q
230 316 324 363 lata,
356 321 400 355 ut
431 328 527 356 cum
560 315 658 355 dicit
674 316 731 369 2):
771 314 1082 365 „Soli-ditasjlla
1106 314 1211 363 fidei,
1243 327 1351 368 quae
1381 315 1422 355 in
1449 315 1741 367 apostolorum
1764 315 1953 368 principe

0 383 89 438 h]
106 387 206 441 φρ
228 392 291 427 est
313 386 496 434 laudata,
519 391 722 438 perpetua
745 390 827 434 est;
850 391 892 427 et
912 387 1021 426 sicut
1043 391 1274 438 permanet,
1297 386 1411 438 quod
1434 386 1476 426 in
1498 385 1666 427 Christo
1690 385 1839 427 Petrus
1861 397 1954 427 cre-

0 417 340 535 fftleg-*ffidm
373 457 430 497 ita
453 462 685 509 permanet,
715 457 827 510 quod
860 458 901 497 in
924 456 1049 497 Petro
1072 456 1263 498 Christus
1285 457 1494 502 instituit.
1519 490 1526 497 .
1552 490 1558 497 .
1582 456 1724 498 Manet
1745 468 1844 509 ergo
1868 456 1953 498 dis-

34 511 378 602 mmo
412 527 600 568 veritatis
633 532 673 568 et
706 527 741 567 b.
776 527 923 568 Petrus
954 527 995 567 in
1028 531 1204 579 accepta
1236 527 1476 568 fortitudine
1504 532 1650 580 petrae
1673 539 1956 580 perseverans

228 603 424 651 suscepta
438 598 648 639 Ecclesiae
672 597 958 650 gubernacula
980 610 1065 638 non
1088 597 1262 650 reliquit.
1296 595 1340 638 Si
1362 597 1461 650 quid
1483 598 1625 651 itaque
1649 611 1674 639 a
1695 597 1819 639 nobis
1840 601 1957 639 recte

0 676 18 718 9
84 670 365 746 &affligitur
387 674 585 721 recteque
609 669 859 710 discernitur
881 701 888 708 .
913 702 919 709 .
943 702 950 709 .
979 668 1086 709 illius
1109 673 1172 709 est
1195 680 1372 721 operum
1394 673 1521 722 atque
1546 669 1806 718 meritorum,
1837 668 1957 722 cujus

0 746 51 787 nt
68 761 95 783 A.
147 742 269 804 ..41¹ss
292 740 391 781 sede
414 752 491 781 sua
515 740 614 780 vivit
636 744 677 780 et
699 738 1106 780 excellitauctoritas
1130 772 1136 779 .
1161 772 1168 780 .
1192 772 1199 779 .
1222 738 1360 779 Tanta
1381 740 1493 780 enim
1515 739 1717 780 divinitus
1741 739 1954 781 soliditate

28 811 391 858 <-,1m-m1nunita
422 816 496 859 est,
527 816 572 851 ut
603 822 697 850 eam
730 821 867 862 neque
898 810 1113 850 haeretica
1134 821 1322 862 unquam
1344 821 1619 863 perrumpere
1644 811 1845 863 pravitas,
1877 821 1958 851 nec

0 890 43 918 ‹A›
61 894 70 910 ι
90 882 203 918 hm<
229 893 394 934 pagana
418 881 599 933 potuerit
623 892 823 932 superare
845 880 1054 932 perfidia.“
1103 879 1152 920 Et
1181 880 1332 921 iterum
1363 893 1487 922 serm.
1519 884 1545 925 5
1579 893 1612 922 c.
1643 885 1692 926 4:
1734 879 1958 932 „Soliditas

0 943 57 970 m*
186 961 205 969 ‘
230 953 341 993 enim
365 953 446 1002 illa,
470 964 597 1005 quani
620 951 671 992 de
694 955 813 1003 petra
827 949 993 992 Christo
1016 951 1143 991 etiam
1165 951 1255 1004 ipse
1270 950 1454 1007 (Petrus)
1476 956 1597 1005 petra
1621 952 1756 993 factus
1779 951 1957 1004 accepit,

0 1000 10 1015 ι
132 1024 271 1129 ,yjjn
305 1036 405 1064 suos
439 1035 606 1076 quoque
638 1035 683 1064 se
715 1022 940 1064 transfudit
970 1022 1159 1072 heredes,
1195 1028 1235 1064 et
1269 1023 1510 1077 ubicunque
1545 1024 1701 1077 aliquid
1724 1023 1960 1065 ostenditur

0 1039 153 1143 δίζε-
232 1095 450 1143 firmitatis,
473 1107 559 1135 non
582 1094 707 1134 dubie
729 1098 906 1146 apparet
927 1093 1127 1135 fortitudo
1150 1095 1343 1146 pastoris.
1358 1104 1372 1118 “

0 1144 315 1225 ffb&-
347 1180 407 1217 Ita
420 1163 517 1217 vero
541 1193 569 1219 s
594 1180 831 1217 Gelasius
853 1180 1011 1217 disserit
1041 1183 1089 1217 tr.
1116 1186 1136 1219 2
1161 1193 1197 1217 n.
1226 1188 1296 1221 10:
1331 1181 1571 1225 ,Duodecim
1603 1182 1706 1219 certe
1737 1181 1844 1218 fuere
1866 1192 1960 1229 apo-

231 1239 319 1276 stoli
340 1239 498 1287 paribus
520 1239 670 1276 meritis
692 1239 857 1288 parique
880 1239 1071 1288 dignitate
1095 1239 1267 1277 suffulti:
1290 1252 1458 1288 cumque
1482 1253 1614 1278 omnes
1636 1240 1855 1289 aequaliter
1879 1238 1958 1288 spi-

230 1298 364 1335 rituali
395 1299 481 1335 luce
512 1298 722 1347 fulgerent,
756 1311 879 1335 unum
910 1301 1042 1335 tamen
1071 1298 1288 1347 principem
1320 1311 1404 1336 esse
1436 1312 1480 1337 ex
1511 1300 1592 1337 illis
1623 1300 1750 1337 voluit
1784 1298 1963 1337 Christus

231 1369 397 1405 eumque
429 1357 717 1406 dispensatione
748 1357 923 1394 mirabili
954 1358 995 1394 in
1026 1357 1223 1395 dominam
1256 1358 1436 1408 gentium
1458 1359 1619 1396 Romam
1653 1358 1806 1404 direxit,
1841 1359 1888 1395 ut
1919 1357 1962 1395 in

230 1416 437 1465 praecipua
464 1417 560 1453 urbe
582 1417 644 1453 vel
677 1417 803 1465 prima
833 1417 1005 1464 primum
1037 1419 1077 1454 et
1106 1418 1360 1466 praecipuum
1391 1418 1578 1468 dirigeret
1608 1419 1781 1455 Petrum.
1823 1417 1963 1466 Ibique

233 1476 334 1512 sicut
355 1475 553 1513 doctrinae
574 1476 724 1513 virtute
747 1475 928 1513 sublimis
950 1476 1122 1521 emicuit,
1157 1476 1212 1513 ita
1243 1477 1446 1526 sanguinis
1477 1477 1648 1527 gloriosa
1675 1477 1864 1514 effusione
1896 1475 1962 1512 de-

231 1536 384 1572 coratus
407 1536 562 1572 aeterno
585 1535 755 1583 hospitio
778 1535 1028 1582 conquiescit,
1051 1538 1252 1583 praestans
1276 1535 1370 1582 sedi,
1394 1549 1512 1584 quam
1532 1537 1617 1585 ipse
1640 1536 1850 1582 benedixit,
1872 1536 1920 1572 ut
1941 1547 1966 1572 a

230 1593 349 1642 portis
371 1594 486 1630 inferi
508 1607 709 1642 nunquam
735 1606 803 1642 pro
827 1594 981 1631 Domini
1002 1594 1254 1643 promissione
1287 1595 1468 1633 vincatur
1497 1596 1752 1644 omniumque
1783 1595 1835 1632 sit
1865 1594 1962 1631 fiuc-

230 1653 429 1689 tuantium
451 1653 672 1690 tutissimus
695 1656 842 1702 portus.
885 1654 929 1690 In
951 1665 1028 1701 quo
1052 1653 1120 1702 qui
1142 1654 1390 1702 requieverit,
1414 1655 1531 1692 beata
1552 1657 1591 1692 et
1612 1657 1770 1692 aeterna
1791 1653 1963 1691 statione
1990 1700 1995 1705 .

230 1712 438 1761 gaudebit:
472 1712 540 1760 qui
562 1725 652 1750 vero
674 1713 962 1761 contempserit,
987 1712 1068 1761 ipse
1090 1712 1250 1759 videbit,
1286 1714 1416 1762 qualia
1437 1726 1581 1763 genera
1602 1713 1899 1751 excusationum
1919 1712 1963 1750 in

230 1770 292 1807 die
315 1770 502 1808 obtendat
518 1771 699 1820 judicii«
744 1772 817 1809 Sed
840 1772 1033 1820 quomodo
1055 1772 1162 1809 Petri
1185 1772 1292 1810 sedes
1314 1786 1336 1809 a
1356 1773 1481 1822 portis
1505 1772 1622 1810 inferi
1644 1785 1848 1821 nunquam
1869 1770 1958 1810 vin-

230 1829 343 1875 citur,
379 1830 411 1867 si
435 1843 564 1867 errore
587 1833 824 1868 commutare
857 1830 973 1868 fidem
1006 1832 1163 1880 potest?
1197 1833 1388 1879 quomodo
1423 1832 1703 1869 fluctuantium
1736 1831 1963 1869 tutissimus

231 1892 288 1926 est
307 1891 454 1937 portusy
490 1890 522 1926 si
544 1890 627 1938 ipsa
647 1890 814 1928 fluctuat
837 1892 955 1938 atque
976 1890 1182 1939 naufragio
1214 1893 1274 1928 est
1304 1891 1507 1939 exposita?
1538 1891 1732 1939 quomodo
1764 1893 1963 1928 aeternam

231 1948 439 1985 stationem
460 1949 631 1996 praebet,
657 1950 689 1986 si
711 1960 880 1987 errorem
904 1950 1139 1987 credendum
1159 1950 1370 1998 proponit?
1393 1950 1447 1990 Cf,
1470 1950 1578 1988 aliud
1600 1950 1872 1988 testimonium
1886 1949 1959 1986 Gre-

231 2007 316 2044 lasii
338 2019 375 2043 n.
402 2014 495 2047 375.
538 2008 655 2045 Verbi
676 2021 703 2045 s.
726 2009 1017 2057 Agathonis
1053 2021 1170 2058 supra
1185 2009 1268 2058 jam
1290 2009 1513 2047 audivimus
1537 2006 1590 2062 (n.
1614 2006 1728 2062 414).
1770 2009 1880 2046 Inter
1901 2008 1964 2045 in-

0 569 21 619 ru

378 2136 399 2174 ἱ)
419 2133 560 2168 Similia
579 2134 695 2168 habet
713 2145 768 2178 ep.
792 2137 833 2168 13
851 2147 886 2168 n.
905 2138 937 2169 2.
974 2134 1147 2168 Fatemur
1165 2134 1311 2178 quidem
1330 2135 1486 2178 utroque
1503 2135 1543 2168 in
1561 2135 1642 2169 loco
1662 2144 1867 2168 sermonem
1887 2143 1965 2167 esse

235 2186 279 2219 de
295 2186 456 2230 negotio,
475 2187 572 2230 quod
592 2187 638 2220 ad
657 2187 838 2222 Ecclesiae
855 2187 1029 2232 regimen,
1048 2197 1122 2221 non
1140 2187 1186 2221 ad
1204 2187 1314 2221 fidem
1331 2188 1487 2232 spectet:
1517 2187 1580 2221 sed
1607 2187 1719 2222 verba
1748 2188 1837 2221 sunt
1852 2186 1963 2231 plane

232 2237 462 2279 universalia,
482 2239 645 2282 adeoque
662 2239 905 2285 intelligenda
923 2240 967 2273 de
986 2240 1157 2273 omnibus
1175 2239 1304 2280 causis,
1323 2240 1367 2273 de
1385 2240 1518 2283 quibus
1539 2240 1706 2285 judicare
1732 2240 1857 2284 potest
1873 2249 1964 2283 pon-

231 2291 333 2332 tifex,
352 2301 436 2335 ergo
456 2292 570 2326 etiam
589 2292 633 2326 de
645 2292 797 2336 judiciis
815 2293 854 2326 in
871 2294 988 2328 causis
1005 2293 1108 2327 fidei:
1126 2303 1193 2327 nec
1212 2293 1288 2327 ulla
1305 2295 1360 2327 est
1372 2293 1479 2335 ratio,
1495 2304 1608 2337 quare
1619 2293 1758 2338 judicia
1770 2304 1861 2327 rom.
1873 2302 1963 2337 pon-

232 2343 342 2377 tificis
360 2344 404 2377 de
423 2344 620 2388 disciplina
639 2345 712 2379 sint
730 2346 1024 2386 irreformabilia,
1043 2345 1073 2379 si
1097 2356 1221 2380 eorum
1249 2347 1294 2380 cle
1321 2346 1390 2381 fide
1403 2347 1546 2392 judicia
1571 2347 1763 2381 retractari
1788 2346 1963 2391 possunt:

232 2407 274 2429 ex
294 2397 421 2430 eadem
440 2398 536 2431 enim
554 2400 741 2442 potestate
759 2399 901 2444 ligandi
920 2400 1033 2443 atque
1051 2399 1219 2441 solvendi
1238 2400 1528 2444 proficiscuntur.
1548 2399 1627 2442 Quo
1639 2400 1723 2445 jure
1741 2402 1864 2434 autem
1883 2409 1964 2444 pro-

231 2460 400 2484 vocemus
419 2452 465 2484 ad
482 2451 645 2495 ipsorum
662 2453 876 2496 pontificum
894 2453 1117 2493 testimonia,
1136 2464 1245 2498 supra
1263 2453 1421 2488 diximus
1440 2466 1476 2488 n,
1495 2456 1573 2490 371.

378 2505 404 2549 ²)
424 2505 536 2538 Sei-m.
557 2508 577 2539 3
595 2517 630 2539 n.
651 2508 682 2539 2.
702 2508 722 2539 3
742 2514 877 2550 (opusc.
895 2506 989 2547 XIV,
1007 2507 1054 2552 6).
1091 2506 1160 2540 Sed
1186 2508 1331 2552 integra
1357 2508 1447 2541 haec
1473 2507 1597 2551 capita
1622 2507 1779 2551 legenda
1796 2507 1892 2546 sunt,
1922 2508 1965 2540 ut

232 2556 351 2600 magis
379 2557 519 2590 eluceat
549 2558 679 2591 horum
707 2560 897 2593 verborum
926 2559 1071 2604 pondus
1098 2561 1209 2604 atque
1237 2561 1474 2597 momentum.
1511 2560 1563 2594 Cf.
1591 2571 1695 2595 serm.
1714 2564 1736 2595 4
1763 2571 1792 2595 c.
1810 2563 1842 2594 ⁶2.
1861 2562 1882 2594 3
1901 2559 1965 2605 (ib.

232 2621 268 2654 p.
291 2611 332 2643 17
351 2611 430 2653 ss.):
450 2620 505 2654 ep.
528 2614 568 2643 10
587 2611 626 2644 in
641 2622 751 2645 causa
764 2612 899 2647 Hilarii
915 2613 1044 2647 arelat.
1061 2624 1090 2648 c.
1105 2616 1137 2647 2.
1156 2613 1287 2648 Merito
1302 2615 1414 2648 etiam
1429 2614 1550 2648 afferri
1565 2615 1720 2657 possunt
1733 2613 1845 2648 verba
1858 2623 1963 2658 prae-

232 2662 384 2697 fationis
403 2673 446 2696 ex
463 2662 557 2696 libro
576 2667 883 2699 sacramentorum
903 2667 1076 2701 ecclesiae
1094 2678 1279 2707 romanae,
1297 2678 1390 2711 quae
1408 2667 1435 2700 L
1447 2677 1466 2700 e
1478 2678 1498 2701 o
1509 2667 1556 2701 ni
1569 2679 1584 2701 s
1602 2666 1729 2700 stilum
1743 2666 1892 2711 sapiunt
1905 2666 1964 2700 vel

233 2715 309 2760 ejus
327 2715 458 2749 saltem
486 2727 592 2750 sensa
619 2719 781 2752 referunt
809 2724 905 2764 (opp.
925 2722 951 2753 t.
971 2724 990 2753 2
1009 2720 1064 2755 ed.
1083 2719 1239 2754 fratrum
1266 2720 1404 2755 Balle
1417 2720 1517 2754 rini
1534 2719 1700 2754 Venetiis
1720 2722 1810 2755 1756
1827 2732 1861 2764 p.
1881 2723 1938 2761 40)
1953 2733 1960 2753 :

235 2768 326 2811 ,Qui
346 2769 544 2802 secundum
562 2771 816 2813 promissionis
833 2774 919 2806 tuae
936 2772 1152 2808 inviolabile
1171 2774 1414 2808 constitutum
1432 2772 1656 2818 apostolicae
1674 2772 1894 2808 confessioni
1909 2784 1964 2807 su-

233 2832 347 2867 perna
364 2822 638 2866 dispensatione
656 2822 812 2869 largiris
832 2827 875 2858 ut
892 2826 931 2859 in
944 2825 1112 2860 veritatis
1125 2827 1212 2860 tuae
1226 2827 1442 2861 fundamine
1457 2825 1623 2865 solidata,
1638 2827 1741 2861 nulla
1753 2826 1965 2860 mortiferae

233 2876 408 2910 falsitatis
424 2875 508 2920 jura
524 2877 783 2920 praevaleant:
811 2880 847 2912 et
866 2878 1100 2922 quantalibet
1117 2880 1272 2914 exsistat
1289 2881 1492 2914 errantium
1511 2880 1724 2923 multitudo,
1741 2879 1798 2914 illi
1816 2880 1891 2913 sint
1907 2890 1961 2914 re-

233 2928 456 2973 demptionis
473 2930 560 2962 tuae
578 2928 657 2969 filii,
677 2932 713 2963 et
730 2930 805 2964 illis
824 2930 986 2965 Ecclesia
1003 2932 1083 2966 tota
1100 2934 1324 2973 numeretur,
1344 2933 1409 2976 qui
1427 2933 1473 2966 ab
1491 2933 1690 2967 electorum
1704 2934 1852 2967 tuorum
1865 2933 1964 2976 prin-

233 2982 346 3026 cipali
362 2981 562 3016 traditione
581 2993 655 3016 non
673 2983 881 3018 dissonant:
901 2985 1055 3029 ipsaque
1070 2987 1119 3020 sit
1132 2986 1225 3020 sacri
1238 2986 1398 3031 corporis
1413 2986 1550 3030 ubique
1563 2996 1651 3021 vera
1665 2996 1853 3031 compago,
1869 2995 1964 3029 quae

232 3036 269 3070 te
287 3035 675 3081 dispensantejdevota
693 3036 918 3080 obsequitur,
936 3039 1116 3082 quidquid
1134 3039 1237 3073 sedes
1254 3039 1320 3073 illa
1337 3040 1529 3081 censuerit,
1549 3050 1659 3083 quam
1673 3041 1797 3073 tenere
1813 3038 1964 3073 voluisti

232 3089 348 3123 totius
367 3088 548 3123 Ecclesiae
566 3089 847 3133 p1·incipatum.‘
