2175 3382
624 99 788 133 Ecclesia
805 99 1053 143 praefigurata
1072 101 1107 132 et
1126 101 1314 143 praedicta
1333 101 1371 134 in
1390 101 1432 135 V.
1451 101 1489 135 T.
1840 106 1926 148 209

188 235 323 272 genus,
348 222 402 259 sic
439 222 485 258 de
510 221 660 259 Christo
693 223 732 258 et
752 220 923 258 Ecclesia
959 221 1085 258 omnis
1121 221 1365 258 credentium
1398 223 1614 261 multitudo
1648 226 1833 273 generata
1855 227 1924 270 est,

189 293 288 329 quae
310 293 436 318 unum
457 280 651 317 Ecclesiae
674 292 814 328 corpus
837 280 971 316 effecta
1002 292 1161 316 rursum
1183 280 1225 316 in
1247 280 1367 317 latere
1392 282 1533 318 Christi
1557 282 1717 330 ponitur
1739 286 1779 321 et
1801 287 1927 321 costae

186 341 314 378 locum
336 340 500 388 replet.<‘
544 339 590 376 In
621 338 884 387 paradiso,
917 337 964 375 de
996 351 1074 386 qua
1104 339 1390 387 comparatione
1423 342 1467 376 cf.
1502 344 1656 387 praeter
1687 342 1782 379 alios
1805 346 1926 381 Ana-

188 399 406 436 stasium
428 398 608 436 sinaitam
632 397 839 446 contempl.
861 397 902 434 in
916 397 1181 434 Hexae'meron
1205 398 1229 435 l.
1248 405 1267 437 7
1294 394 1441 450 (opusc.
1458 399 1610 444 XXVII,
1630 406 1650 439 2
1667 397 1726 451 a);
1750 401 1792 437 in
1815 414 1928 439 arca

189 458 285 502 Noe,
309 457 356 495 de
379 470 456 505 qua
477 456 762 506 comparatione
793 456 839 494 cf.
867 455 960 493 diss.
982 459 1154 493 nostram
1178 467 1306 504 opusc.
1330 457 1397 501 ΙΙΙ,
1430 457 1471 494 in
1502 458 1638 496 domo
1669 459 1854 505 Rahab,
1886 461 1928 497 in

189 517 310 554 variis
332 516 640 565 patriarcharum
663 515 927 560 uxoribus,
952 515 998 551 de
1021 515 1164 562 quibus
1187 515 1386 564 ingeniose
1402 519 1440 552 et
1459 517 1521 564 pie
1541 517 1741 555 disserunt
1763 520 1926 568 Augu-

190 576 364 613 stinus
396 578 531 612 contra
552 575 742 611 Faustum
774 575 797 613 l.
824 580 874 613 ‘22
899 576 939 611 et
971 573 1202 622 Cyrillus
1233 574 1327 611 alex.
1360 574 1646 624 Glaphyrorum
1677 577 1718 613 in
1749 577 1928 615 Genesim

189 635 237 680 Π,
256 641 291 675 3.
309 641 345 679 4,
368 633 699 681 allisquesamosis
722 632 1039 670 mulieribus
1063 632 1106 669 V.
1122 632 1184 677 T.;
1208 633 1249 670 in
1270 633 1466 670 vellere
1490 635 1692 680 Gedeonis,
1714 636 1755 672 in
1769 636 1928 674 civitate

190 693 482 731 Jerusalem
505 695 597 736 etc.;
623 692 668 729 cf.
692 693 866 729 Bruno
890 691 1057 729 astensis
1081 694 1247 728 sentent.
1271 692 1295 728 l.
1318 701 1331 731 1
1361 693 1457 740 prol.
1473 695 1512 730 et
1526 706 1555 730 c.
1577 702 1590 734 1
1614 706 1660 733 ss.
1684 695 1792 732 Alios
1813 698 1928 744 typos

191 752 465 800 complectitur
487 763 516 788 s.
538 751 794 788 Martinus
816 751 1052 800 legionensis
1075 762 1188 787 serm.
1214 757 1237 790 4
1262 751 1302 787 in
1325 754 1405 788 nat.
1421 752 1576 789 Domini
1601 766 1638 790 n.
1659 759 1732 792 22:
1759 754 1929 797 »Sancta

189 811 360 849 Ecclesia
382 811 429 847 ab
451 810 566 847 initio
588 810 725 847 mundi
746 810 883 859 figuris
906 812 946 847 et
967 810 1253 858 aenigmatibus
1284 810 1362 847 tuit
1393 816 1651 859 praeostensa,
1683 812 1868 850 videlicet
1889 813 1930 850 in

189 870 295 908 Adae
318 872 437 916 costa,
461 869 503 906 in
525 869 623 906 Abel
641 869 815 916 justitia,
838 869 880 905 in
903 869 976 906 fide
999 868 1188 913 Abrahae,
1222 869 1263 905 in
1286 869 1412 906 sterili
1436 870 1538 915 Sara,
1570 871 1610 907 in
1643 872 1931 910 constructione

189 928 445 974 tabernaculi,
469 928 511 965 in
533 928 800 965 aedificatione
823 928 971 976 templi,
1005 928 1047 964 in
1068 927 1268 965 auditione
1292 931 1330 965 et
1353 929 1593 966 confessione
1615 931 1772 979 reginae
1794 931 1931 968 Austri

188 991 227 1026 et
248 989 289 1025 in
314 988 449 1024 multis
475 988 562 1024 aliis
585 987 663 1024 fuit
685 987 987 1037 praefigurata<

306 1072 444 1120 Neque
475 1072 630 1117 mirum,
662 1071 766 1119 quod
798 1074 929 1120 patres
951 1071 1163 1108 Ecclesiam
1195 1072 1434 1109 invenerunt
1465 1073 1613 1121 ubique
1645 1073 1930 1120 adumbratam,

189 1131 489 1181 praefiguratam
513 1133 629 1179 atque
660 1131 920 1179 praedictam3
957 1132 1015 1167 est
1049 1131 1152 1168 enim
1186 1131 1271 1180 ipsa
1306 1131 1492 1168 eximium
1515 1144 1561 1169 ss.
1585 1132 1791 1170 Trinitatis
1825 1146 1931 1182 opus,

191 1190 393 1240 sanguinis
436 1189 706 1238 pretiosissimi
749 1189 894 1226 Christi
937 1189 1100 1235 fructus,
1144 1192 1261 1238 atque
1304 1193 1350 1227 ut
1384 1190 1574 1240 singulari
1609 1191 1932 1229 Tertulliani

189 1248 323 1298 phrasi
346 1249 393 1285 de
416 1251 621 1286 resurrect.
645 1249 770 1286 carnis
793 1261 822 1287 c.
847 1256 869 1288 9
894 1250 1065 1295 utamur,
1090 1249 1240 1298 ingenii
1271 1249 1397 1298 ipsius
1429 1262 1524 1287 cura
1554 1263 1596 1288 ac
1631 1251 1827 1300 singulare
1850 1265 1930 1288 ma·

189 1321 315 1346 nuum
338 1320 497 1345 suarum
519 1319 636 1356 opus:
659 1308 782 1356 ipsius
805 1320 986 1357 regnum,
1013 1320 1163 1357 sponsa,
1188 1309 1264 1346 imo
1289 1311 1327 1345 et
1342 1321 1493 1357 corpus.
1520 1309 1611 1346 Cum
1628 1322 1719 1359 ergo
1733 1310 1820 1347 finis
1835 1311 1931 1360 legis

189 1368 241 1405 sit
263 1367 441 1405 Christus
476 1364 599 1419 (Rom.
630 1374 691 1412 10,
718 1363 760 1419 4)
792 1367 1101 1416 universumque
1124 1367 1168 1404 V.
1195 1368 1235 1404 Τ.
1259 1368 1457 1405 Christum
1489 1369 1709 1416 portendat,
1735 1369 1932 1406 Christum

188 1427 399 1475 loquatur:
423 1426 567 1463 mirum
591 1438 675 1463 esse
698 1437 777 1463 non
799 1426 927 1470 debet,
952 1427 985 1463 si
1006 1429 1096 1475 post
1120 1427 1318 1464 Christum
1340 1427 1521 1476 princeps
1553 1428 1781 1476 prophetiae
1803 1429 1931 1477 objec-

190 1489 277 1523 tum
299 1488 360 1522 est
381 1485 466 1534 ejus
488 1497 667 1534 regnum,
691 1486 775 1533 ejus
798 1497 940 1534 sponsa
962 1488 1080 1534 atque
1102 1498 1242 1534 corpus
1265 1486 1388 1534 ipsius
1412 1487 1623 1535 mysticum
1646 1488 1669 1527 i.
1693 1499 1724 1524 e.
1747 1487 1932 1525 Ecclesia.

191 1544 636 1593 HincAugustinus
659 1544 705 1581 de
728 1545 851 1594 gestis
874 1545 1001 1583 collat.
1025 1545 1193 1594 carthag.
1218 1545 1279 1582 die
1304 1551 1326 1585 3
1351 1558 1386 1583 n.
1416 1553 1488 1585 101
1509 1559 1516 1582 :
1541 1572 1558 1590 »
1570 1546 1659 1591 Nos,
1683 1546 1826 1594 inquit,
1849 1559 1932 1584 eam

189 1603 401 1641 Ecclesiam
425 1603 653 1646 retinemus,
679 1617 794 1651 quam
817 1604 858 1640 in
880 1604 961 1640 illis
979 1603 1194 1652 Scripturis
1216 1604 1448 1649 invenimus,
1473 1604 1513 1641 in
1537 1605 1679 1652 quibus
1702 1605 1817 1642 etiam
1842 1618 1930 1655 cog-

189 1662 372 1700 novimus
394 1662 602 1699 Christum.
626 1662 852 1711 Scripturae
877 1663 1034 1710 quidem
1057 1665 1214 1700 nostrae
1237 1693 1244 1699 .
1270 1692 1276 1698 .
1301 1693 1308 1699 .
1333 1663 1529 1700 Christum
1553 1666 1592 1701 et
1607 1665 1814 1701 Ecclesiam
1829 1667 1931 1701 tam-

193 1735 311 1770 quam
345 1724 524 1758 sanctum
559 1722 833 1758 commendant
867 1722 1114 1771 conjugium:
1151 1722 1349 1759 Christum
1385 1734 1585 1771 sponsum,
1609 1723 1718 1760 illam
1741 1736 1931 1772 sponsam.

192 1780 268 1817 Ubi
289 1781 400 1818 illum
426 1780 706 1830 cognoscimus,
730 1780 785 1817 ibi
809 1784 847 1817 et
869 1781 975 1817 illam
999 1781 1177 1818 invenire
1200 1781 1396 1818 debemus.
1410 1787 1426 1804 «
1470 1782 1577 1819 Idem
1599 1782 1640 1819 in
1663 1783 1723 1822 Ps,
1750 1790 1800 1822 56
1826 1796 1861 1819 n.
1892 1790 1930 1822 1:

193 1839 319 1884 ⁷,Quia
341 1851 433 1888 crgo
455 1842 565 1876 totus
582 1839 759 1877 Christus
783 1842 902 1887 caput
924 1842 982 1877 est
1004 1842 1043 1877 et
1065 1852 1204 1888 corpus
1225 1841 1320 1888 ejus,
1345 1843 1553 1888 propterea
1574 1841 1616 1878 in
1631 1842 1812 1879 omnibus
1826 1842 1931 1890 psal-

190 1899 266 1935 mis
288 1899 342 1935 sic
363 1898 575 1945 audiamus,
594 1910 706 1936 voces
729 1899 879 1947 capitis,
913 1901 959 1936 ut-
989 1899 1198 1936 audiamus
1233 1902 1271 1936 et
1306 1911 1418 1937 voces
1442 1900 1626 1948 corporis.
1669 1901 1808 1938 Noluit
1830 1901 1932 1938 enim

190 1957 300 2005 loqui
323 1958 545 2006 separatim,
569 1958 660 2005 quia
683 1958 812 1994 noluit
834 1970 916 1995 esse
939 1960 1141 2007 separatus
1164 1958 1315 1995 dicens:
1353 1959 1445 1995 Ecce
1467 1971 1529 2008 eqo
1554 1960 1738 1996 vobiscwn
1760 1972 1845 1997 sune
1869 1972 1931 1997 us-

191 2029 259 2066 que
281 2017 331 2053 ad
352 2018 711 2054 consummationem
734 2018 848 2053 secula·
872 2014 1008 2069 (Math.
1034 2023 1099 2060 28,
1128 2014 1250 2069 ⁴20);«
1287 2019 1326 2054 et
1357 2017 1398 2054 in
1434 2019 1495 2054 Ps.
1524 2025 1600 2059 148
1625 2032 1661 2055 n.
1692 2026 1762 2058 16:
1807 2018 1931 2063 ,Quis

191 2078 374 2112 numerat
395 2075 623 2112 testimonia
655 2076 700 2112 de
724 2076 898 2112 Ecclesia
928 2078 1013 2113 toto
1046 2079 1240 2114 terrarum
1273 2077 1364 2114 orbe
1396 2077 1562 2114 diffusa?
1606 2077 1701 2122 Quis
1723 2080 1932 2115 numerat?

191 2134 280 2172 Non
302 2137 396 2171 sunt
416 2137 475 2172 tot
498 2135 672 2171 haereses
705 2138 841 2172 cont-ra
863 2135 1086 2180 Ecclesiam,
1122 2140 1218 2183 quot
1251 2139 1345 2173 sunt
1377 2136 1604 2173 testimonia
1635 2137 1734 2186 legis
1766 2150 1836 2186 pro
1859 2137 1929 2174 Ec-

191 2193 318 2231 clesia.
361 2193 466 2237 Quae
487 2194 634 2243 pagina
655 2207 734 2231 non
756 2194 827 2231 hoc
851 2196 990 2231 sonat?
1027 2194 1121 2238 Quis
1144 2207 1281 2232 versus
1303 2195 1373 2232 hoc
1395 2208 1473 2232 non
1497 2195 1705 2244 loquitur?
1737 2198 1837 2233 ete«
1860 2197 1931 2232 At-

192 2265 267 2301 que
288 2252 432 2289 iterum
455 2253 479 2290 l.
509 2261 539 2292 1.
564 2255 698 2290 contra
720 2265 777 2302 ep.
800 2254 966 2290 Parmen
982 2254 1006 2290 l.
1029 2262 1039 2293 1
1061 2267 1068 2290 :
1094 2254 1346 2299 „Trebonius
1370 2254 1514 2302 inquit,
1539 2255 1720 2292 omnibus
1736 2267 1930 2292 sacrarum

192 2310 426 2361 paginarum
458 2311 619 2349 vocibus
653 2313 915 2350 circumtusus
949 2312 1153 2362 evigilavit
1185 2315 1224 2349 et
1256 2313 1356 2350 vidit
1378 2313 1590 2350 Ecclesiam
1626 2314 1694 2351 Dei
1725 2316 1808 2351 toto
1841 2314 1932 2351 orbe

192 2370 410 2407 diffusamss
455 2370 505 2407 Et
527 2383 633 2410 enar.
658 2377 679 2410 2
705 2384 816 2408 serm.
844 2378 864 2410 2
890 2372 932 2408 in
954 2372 1015 2409 Ps.
1042 2378 1092 2412 30
1117 2385 1154 2408 n.
1181 2380 1224 2411 8:
1250 2372 1495 2415 „Obscurius
1518 2373 1706 2410 dixerunt
1719 2373 1931 2422 prophetae

193 2429 240 2466 de
262 2429 423 2474 ChristO,
449 2442 567 2477 quam
589 2429 635 2466 de
657 2430 845 2468 Ecclesia:
869 2433 966 2478 puto
988 2433 1207 2479 propterea,
1245 2431 1339 2478 quia
1360 2431 1547 2468 videbant
1569 2432 1610 2468 in
1634 2433 1776 2480 spiritu
1799 2433 1933 2469 contra

192 2488 403 2525 Ecclesiam
426 2489 602 2526 homines
625 2489 796 2526 facturos
833 2502 917 2526 esse
939 2490 1152 2537 particulas
1185 2492 1223 2526 et
1259 2490 1305 2526 de
1340 2490 1490 2527 Christo
1524 2503 1601 2528 non
1635 2493 1787 2528 tantam
1822 2492 1930 2528 litem

192 2547 409 2591 habituros,
433 2547 479 2584 de
502 2548 673 2585 Ecclesia
694 2561 854 2598 magnas
877 2548 1148 2585 contentiones
1172 2548 1420 2587 excitaturos
1447 2549 1539 2587 Ideo
1555 2550 1667 2594 illud,
1691 2550 1795 2587 unde
1810 2551 1930 2598 majo-

192 2618 255 2643 res
277 2606 368 2643 lites
390 2606 547 2643 futurae
570 2609 692 2653 erant,
715 2608 872 2656 planius
893 2607 1138 2656 praedict-um
1162 2610 1201 2644 et
1225 2608 1401 2656 apertius
1425 2609 1701 2657 prophetatum
1726 2612 1794 2654 est,
1816 2612 1860 2646 ut
1885 2609 1929 2645 ad

190 2664 384 2713 judicium
419 2665 498 2702 illis
530 2666 667 2710 valeat,
701 2667 769 2714 qui
801 2666 987 2703 viderunt
1018 2669 1057 2703 et
1086 2666 1190 2703 foras
1222 2666 1423 2716 fugerunt.
1435 2672 1452 2690 «
1497 2668 1657 2705 Gemina
1689 2668 1804 2705 habet
1836 2681 1872 2704 n.
1907 2674 1928 2706 9

194 2728 235 2760 et
257 2724 282 2761 l.
307 2730 328 2763 3
353 2736 383 2763 c.
407 2724 656 2761 Cresconium
677 2738 713 2762 n.
741 2732 791 2765 72
818 2737 846 2762 s.
868 2725 1069 2762 Vaticinia
1091 2725 1133 2762 V.
1157 2725 1196 2761 T.
1237 2725 1283 2762 de
1305 2726 1475 2763 Ecclesia
1497 2727 1660 2763 collecta
1692 2727 1860 2776 reperies
1891 2726 1930 2762 in

194 2782 383 2819 Katholik
404 2783 572 2829 188011,
591 2790 670 2824 477
691 2797 758 2821 ss:
785 2785 806 2820 S
821 2784 900 2820 elb
916 2790 957 2821 st
980 2784 1048 2820 Die
1071 2784 1212 2821 Kirche
1235 2785 1271 2821 J.
1295 2785 1377 2822 Chr.
1402 2785 1500 2822 nach
1523 2786 1597 2822 den
1612 2786 1928 2834 Weissagungen,
1989 2807 2027 2844 Β,
2044 2767 2175 2832 le-

194 2841 419 2890 Moguntiae
448 2848 571 2882 1885.
1502 2895 1526 2899 ..
1665 2859 1706 2902 ρ,
1727 2840 1965 2910 Wadi]
1982 2826 2175 2901 ςλ-’ἱμ

319 2923 412 2964 188.
435 2920 646 2975 Αηαῖορὶα
670 2923 774 2962 inter
796 2922 1022 2962 Ecclesiam
1045 2926 1082 2962 et
1107 2921 1326 2966 Clm‘stmn,
1350 2949 1406 2952 —
1430 2923 1473 2963 In
1496 2924 1640 2975 primis
1663 2918 1763 2963 vero
1788 2896 1928 2962 ffi—
1945 2893 2175 2952 ²*pr

198 2990 287 3030 siae
310 2991 570 3041 praestantia
593 2991 800 3043 colligitur
822 3004 872 3032 ex
896 2992 1004 3032 mira
1027 3004 1135 3044 quae
1158 2993 1266 3033 inter
1288 2994 1423 3045 ipsam
1447 2998 1488 3034 et
1508 2992 1717 3034 Christum
1742 2993 1929 3044 ejusdem

199 3064 325 3113 caput
346 3060 569 3101 intercedit
590 3063 798 3114 analogia.

341 3141 503 3174 Hnrter,
526 3142 670 3175 Compend.
690 3143 845 3172 the0102iae
865 3147 888 3171 Ι.
912 3144 943 3169 10
975 3144 1015 3169 ed.
1655 3135 1693 3165 14
