2175 3382
234 94 318 132 21³4
616 87 734 120 'si-act.
757 87 798 120 ll.
819 87 861 121 de
880 99 905 121 s,
925 87 1125 131 Scriptura.
1145 87 1354 132 scripturae
1373 87 1585 124 obscuritas,

237 211 349 247 facile
373 209 609 258 investigata
632 209 866 254 vilescunt,«
892 213 937 246 ut
959 210 1012 246 ait
1035 210 1364 258 Augustinus
1397 210 1443 247 de
1475 210 1594 247 doctr.
1617 211 1749 248 christ.
1772 211 1820 255 11,
1847 218 1894 257 63
1926 212 1973 250 de

234 275 308 305 cat.
333 269 417 305 rud.
441 281 470 305 c.
497 276 540 307 9:
566 277 607 308 (3.
635 267 709 312 ‚ad
732 269 998 311 edomandam,
1031 271 1077 305 ut
1109 269 1159 305 ib.
1191 269 1339 313 scribit,
1374 269 1505 307 labore
1537 270 1810 318 superbiam;‘
1834 268 1879 311 d.
1903 283 1973 320 pro

235 329 377 364 honore
401 327 572 375 ipsarum
595 327 898 375 Scripturarum,
924 328 1069 375 quibus
1101 328 1319 365 obscuritas
1352 328 1622 366 auctoritatem
1655 328 1852 377 quandam
1883 342 1973 368 con-

232 387 365 424 ciliat:
389 398 429 426 (¹.
454 386 577 423 Deum
601 386 697 423 alios
719 387 819 424 velle
843 388 882 423 in
906 387 1077 424 Ecclesia
1099 387 1320 436 magistros,
1345 387 1442 425 alios
1466 400 1546 424 esse
1570 387 1796 437 discipulos.
1819 389 1975 428 Potiora

233 459 276 482 ex
301 445 481 494 patribus
506 445 728 494 complexus
757 449 813 482 est
843 447 977 482 Bona
990 448 1210 483 ventura
1241 446 1281 483 in
1311 446 1429 495 praef.
1452 446 1696 496 Breviloquii
1720 445 1740 489 ἓ
1765 454 1810 487 5:
1856 448 1973 492 „Ideo

235 505 307 541 sul·
331 505 470 542 cortice
494 505 628 542 literae
651 509 805 553 apertae
828 505 1048 542 occultatur
1070 505 1237 554 mystica
1258 508 1297 542 et
1318 505 1512 554 profunda
1526 505 1793 554 intelligentia
1807 507 1854 544 ad
1869 519 1973 545 com·

233 563 484 612 primendum
507 563 742 612 superbiam,
766 566 811 600 ut
833 564 955 612 ipsius
978 563 1248 612 profunditate
1279 565 1320 602 in
1352 564 1575 601 humilitate
1607 565 1743 603 literae
1765 566 1913 604 latente
1935 569 1975 604 et

233 623 391 671 superbi
425 623 743 671 comprimantur.
778 627 814 659 et
849 623 1041 659 immundi
1077 624 1330 672 repellantur,
1366 628 1404 660 et
1438 623 1682 661 fraudulenti
1713 624 1972 671 declinentur,

232 688 273 719 et
295 682 541 731 negligentes
563 682 782 719 excitentur
805 682 851 719 ad
874 682 1181 731 intelligent-iam
1204 683 1497 732 mysteriorum.
1519 683 1569 720 Et
1591 684 1684 732 quia
1705 683 1861 722 auditor
1883 684 1972 723 doc-

230 741 356 778 trinae
380 741 495 778 istius
519 754 595 778 non
618 745 678 778 est
694 741 811 778 unius
825 741 989 790 generis,
1007 741 1073 778 sed
1088 741 1314 790 cujuslibet,
1329 754 1463 779 omnes
1478 742 1582 779 enim
1595 742 1802 780 salvandos
1817 746 1974 793 oportet

231 801 364 849 aliqua
386 800 432 837 de
456 800 634 837 doctrina
657 800 726 837 hac
749 800 856 840 scire,
890 799 976 836 ideo
1011 801 1093 849 ipsa
1125 801 1406 838 multiformem
1437 801 1554 838 habet
1587 801 1904 851 intelligentiam,
1928 805 1975 840 ut

231 860 284 896 sic
307 872 461 896 omnem
483 859 730 896 intellectum
753 859 877 908 capiat
901 862 941 895 et
962 859 1067 896 omni
1098 860 1319 897 intellectui
1351 860 1643 906 condescendat,
1679 873 1834 899 omnem
1855 862 1974 900 intel-

234 919 381 955 lectum
405 918 693 967 superexcedat,
717 922 756 955 et
779 931 931 956 omnem
953 919 1202 956 intellectum
1225 919 1297 956 sibi
1319 919 1531 969 diligenter
1545 920 1814 958 intendentem
1837 921 1974 958 multi-

234 977 376 1014 tudine
399 977 639 1014 radiositatis
663 990 754 1015 suae
777 978 973 1015 illuminet
995 978 1140 1026 pariter
1161 981 1200 1015 et
1221 978 1441 1016 accendat«

351 1059 454 1103 Quae
487 1073 576 1098 vero
609 1060 819 1098 adversarii
849 1073 893 1098 ex
918 1061 1128 1110 Scripturis
1161 1061 1223 1098 vel
1258 1061 1438 1109 patribus
1475 1061 1685 1099 corradunt
1719 1074 1789 1110 pro
1823 1063 1974 1100 omni-

232 1119 373 1156 moda
397 1119 618 1168 Scripturae
642 1120 832 1164 claritate,
858 1120 918 1157 vel
943 1130 985 1159 a.
1009 1132 1089 1157 non
1111 1123 1235 1170 agunt
1258 1120 1304 1157 de
1329 1120 1529 1169 Scriptura
1552 1133 1631 1169 qua
1654 1121 1732 1158 late
1756 1123 1886 1170 patet;
1909 1121 1976 1160 sed

231 1179 278 1215 ‹zle
301 1179 518 1227 praeceptis
540 1179 705 1216 maxime
728 1179 922 1228 practicis,
947 1179 1009 1216 vel
1031 1179 1078 1216 de
1110 1180 1227 1217 rebus
1258 1192 1407 1217 summe
1439 1180 1658 1223 necesariis,
1691 1180 1754 1217 vel
1783 1180 1831 1218 de
1862 1181 1976 1219 certis

233 1237 492 1275 testimoniis:
528 1238 591 1274 vel
612 1235 659 1277 b.
684 1238 730 1275 de
754 1238 968 1286 Scripturis
990 1238 1165 1288 intelligi
1197 1239 1352 1285 debent,
1383 1241 1595 1288 postquam
1626 1239 1850 1277 intellectae
1870 1242 1974 1286 sunt,

232 1309 310 1344 quo
335 1309 451 1334 sensu
473 1297 600 1334 omnis
623 1298 766 1335 veritas
789 1301 845 1335 est
868 1298 955 1335 lux:
992 1298 1055 1335 vel
1079 1308 1119 1338 (³.
1144 1298 1191 1335 de
1214 1297 1428 1347 Scripturis
1463 1298 1654 1347 objective
1677 1299 1874 1346 spectatis,
1897 1310 1975 1348 quo

233 1368 350 1393 sensu
372 1356 517 1393 iterum
541 1357 666 1394 omnis
688 1357 832 1394 veritas
864 1357 982 1393 etiam
1015 1358 1349 1406 superrationalis,
1383 1360 1578 1406 quatenus
1609 1360 1668 1395 est
1699 1357 1974 1408 intelligibilis,

231 1424 288 1451 est
313 1415 391 1460 lux,
417 1421 454 1452 et
478 1415 581 1453 Deus
605 1419 662 1453 est
684 1416 768 1464 ipsa
790 1416 869 1460 lux,
894 1417 1072 1464 quamvis
1094 1417 1207 1454 nobis
1230 1416 1440 1454 verissimo
1463 1417 1632 1465 quodam
1663 1429 1780 1454 sensu
1809 1418 1974 1455 inacces-

236 1475 357 1511 sibilis
380 1472 436 1526 (1.
461 1474 557 1513 Tim.
583 1482 619 1515 6,
650 1472 739 1527 16);
764 1475 826 1512 vel
848 1473 893 1514 (l.
916 1476 1143 1512 referuntur
1164 1476 1212 1512 ad
1233 1475 1367 1513 fideles
1385 1476 1467 1524 jam
1488 1476 1604 1525 plane
1626 1475 1716 1513 fidei
1737 1476 1880 1514 notitia
1901 1477 1975 1514 im-

235 1533 353 1570 butos
377 1536 494 1582 atque
516 1534 734 1582 pendentes
758 1534 806 1571 ab
829 1547 894 1572 ore
916 1535 1136 1584 magisterii
1159 1535 1422 1580 ecclesiastici,
1456 1536 1568 1584 cujus
1591 1537 1652 1572 est
1674 1535 1894 1584 Scripturas
1914 1536 1978 1574 in-

234 1593 455 1641 terpretari.
500 1594 679 1631 Ceterum
703 1604 744 1633 e.
769 1593 1036 1642 qualicunque
1058 1594 1212 1642 pollent
1234 1594 1423 1640 claritate,
1446 1607 1525 1632 non
1546 1597 1753 1643 propterea
1773 1596 1873 1632 teste
1895 1595 1979 1645 ipsa

235 1652 475 1700 experientia
498 1653 691 1701 sequitur,
716 1665 780 1690 eas
803 1654 859 1690 ita
881 1665 963 1689 esse
987 1656 1227 1702 comparatas
1250 1657 1289 1691 et
1311 1653 1445 1699 claras,
1478 1656 1524 1691 ut
1554 1653 1665 1691 nullo
1688 1654 1893 1703 indigeant
1914 1655 1976 1691 in—

233 1713 416 1759 terprete,
440 1724 533 1749 nam
554 1712 741 1749 haeretici
762 1723 841 1749 non
873 1712 1053 1749 obstante
1083 1713 1156 1749 hac
1187 1725 1303 1761 quam
1334 1715 1538 1762 tantopere
1569 1713 1768 1750 inculcant
1798 1713 1977 1751 claritate

232 1782 316 1806 eam
340 1771 380 1807 in
405 1771 501 1809 alios
525 1774 642 1820 atque
664 1771 761 1808 alios
786 1771 862 1808 sibi
885 1772 999 1820 plane
1022 1773 1236 1809 contrarios
1259 1772 1576 1821 interpretantur
1598 1784 1746 1809 sensus.

354 1850 396 1891 5.
420 1848 525 1890 Hinc
543 1849 632 1901 J'am
654 1850 797 1902 liquet,
819 1851 993 1903 quinam
1016 1850 1069 1890 sit
1089 1850 1254 1891 habitus
1276 1850 1539 1905 Scripturam
1564 1852 1665 1892 inter
1687 1857 1723 1893 et
1747 1850 1976 1893 Ecclesiam

234 1920 460 1961 discentem.
504 1920 651 1973 Liquet
673 1921 758 1964 scil.
782 1933 879 1962 eum
902 1933 995 1962 esse
1017 1934 1059 1961 m
1073 1933 1094 1962 e
1108 1921 1334 1971 diatum,
1357 1934 1445 1963 non
1466 1922 1777 1966 immediatum.
1811 1922 1976 1964 Fideles

235 1991 433 2031 nimirum
465 1991 520 2031 ab
543 1991 730 2033 Ecclesia
763 1991 917 2033 debent
950 1996 1143 2045 accipere
1166 1993 1280 2045 ipsas
1303 1991 1556 2045 Scripturas,
1586 1993 1695 2034 illius
1728 1993 1974 2035 authentico

234 2062 477 2103 testimonio
501 2062 640 2104 edocti
663 2075 809 2104 earum
837 2064 1161 2116 inspirationem
1194 2063 1368 2113 discere,
1402 2068 1443 2105 et
1474 2064 1527 2104 ab
1560 2064 1652 2116 ipsa
1685 2065 1975 2106 authenticam

233 2133 630 2186 interpretationem
661 2139 825 2187 petere;
857 2147 943 2176 non
974 2147 1076 2176 vero
1112 2135 1199 2191 (via
1230 2135 1382 2176 saltem
1406 2135 1638 2191 ordinaria)
1673 2147 1724 2176 ex
1748 2133 1975 2188 Scripturis

232 2216 492 2256 cognoscere
505 2204 749 2247 Ecclesiam.
774 2210 815 2246 et
837 2206 1172 2259 independenter
1194 2205 1248 2246 ab
1271 2218 1323 2247 ea
1344 2207 1554 2259 integrum
1576 2205 1674 2247 inde
1696 2217 1846 2247 eruere
1859 2218 1973 2258 sym-

238 2275 395 2316 bolum.
437 2275 584 2329 Neque
606 2281 833 2329 propterea
855 2277 1151 2318 constituimus
1174 2276 1404 2318 Ecclesiam
1426 2289 1592 2329 supra
1614 2276 1794 2318 verbum
1817 2276 1903 2326 Dei,
1927 2281 1975 2317 111

234 2347 382 2387 inscite
406 2346 532 2399 objici
554 2348 682 2389 solet:
715 2348 789 2389 sed
812 2348 1002 2397 dicimus,
1034 2347 1265 2389 Ecclesiam
1289 2347 1405 2401 dirigi
1429 2347 1560 2389 verbo
1583 2347 1659 2389 Dei
1680 2349 1725 2389 in
1747 2348 1974 2398 credendo,

233 2418 375 2469 itaque
399 2429 492 2459 esse
515 2418 610 2459 sub
633 2419 764 2460 verbo
779 2419 875 2467 Dei;
900 2425 941 2460 et
965 2419 1145 2460 eandem
1169 2420 1398 2472 genuinum
1411 2419 1488 2460 Dei
1510 2419 1688 2461 verbum
1702 2418 1974 2460 infallibiliter

235 2499 471 2539 agnoscere
495 2489 670 2542 eJusque
693 2502 865 2531 sensum
887 2490 1118 2540 intelligere
1151 2494 1192 2531 et
1225 2490 1398 2542 singulis
1430 2490 1687 2531 credendum
1711 2501 1972 2542 proponere;

233 2563 361 2611 atque
388 2559 447 2600 ita
470 2571 563 2601 esse
585 2572 672 2601 non
694 2573 823 2613 supra
844 2560 1021 2602 verbum
1043 2560 1130 2611 Dei,
1163 2561 1238 2602 sed
1270 2573 1399 2614 supra
1431 2561 1706 2613 privatam
1736 2559 1970 2602 fallibilem-

234 2640 316 2680 que
348 2629 608 2681 singulorum
638 2631 968 2684 intelligentiam.
1011 2631 1147 2673 Pollet
1178 2633 1302 2685 igitur
1319 2632 1478 2685 judicio
1502 2636 1668 2673 tantum
1691 2632 1970 2681 discretionis,

234 2711 321 2740 non
343 2701 663 2752 superioritatis,
686 2714 769 2754 quo
793 2703 927 2754 possit
948 2701 1212 2755 Scripturam
1235 2702 1458 2754 corrigere,
1481 2701 1688 2742 damnare
1712 2706 1789 2742 etc.

231 2841 337 2875 nobis
356 2841 602 2886 excogitavit;
630 2842 760 2875 itidem
788 2844 824 2876 et
851 2842 889 2876 in
918 2842 1117 2887 Scripturis
1136 2835 1232 2876 'data
1259 2852 1371 2887 opera
1397 2843 1517 2876 voluit
1542 2852 1617 2876 esse
1644 2842 1906 2876 obscuritatem
1925 2842 1971 2876 ad

233 2895 366 2929 mentis
383 2900 532 2929 nostrae
550 2894 766 2936 utilitatem,
786 2896 862 2929 vim
880 2895 995 2940 ipsius
1024 2906 1064 2929 ac
1093 2896 1270 2930 virtutem
1297 2896 1471 2930 excitans.
1506 2895 1669 2929 Primum
1687 2896 1835 2938 quidem
1853 2899 1897 2930 ut
1913 2896 1971 2929 his

232 2948 410 2991 occupata
427 2958 449 2981 a
467 2947 708 2982 deterioribus
727 2949 911 2982 avocetur.
946 2948 1087 2982 Deinde
1115 2948 1214 2993 quod
1241 2959 1336 2992 quae
1362 2948 1491 2983 labore
1515 2951 1624 2993 parta
1651 2953 1746 2990 sunt,
1777 2958 1819 2982 ea
1847 2948 1970 2983 nescio

232 3010 304 3044 quo
323 3003 432 3044 pacto
450 3000 570 3045 magis
588 3003 768 3034 amantur.
787 3011 954 3044 quaeque
981 3001 1091 3046 longo
1119 3004 1286 3046 tempore
1313 3000 1544 3046 contingunt.
1573 3001 1802 3035 constantius
1829 3011 1970 3046 perma-

233 3060 331 3088 nent.
369 3053 481 3089 Pono
500 3064 594 3098 quae
611 3053 720 3088 facile
738 3056 926 3098 parantur,
945 3055 1002 3088 his
1021 3066 1095 3089 non
1111 3055 1264 3099 perinde
1282 3054 1389 3089 avide
1406 3053 1597 3088 fruimur.‘
