2175 3382
667 106 904 140 revelationis
922 106 1122 140 veritatum
1140 106 1279 140 ordinis
1297 107 1457 140 moralis.
1868 110 1921 151 21

197 225 493 268 contendimus
520 227 563 268 5.
592 225 668 265 Dei
689 225 993 265 revelationem
1016 236 1110 265 esse
1132 226 1430 273 necessariam,
1463 225 1536 266 sed
1558 230 1721 266 tantum
1744 226 1925 278 aliquem

193 297 271 338 Dei
294 297 688 344 interventum,
712 294 881 347 aliquod
898 294 973 335 Dei
987 295 1264 347 adjutorium:
1287 295 1452 336 divinae
1468 297 1578 336 enim
1594 296 1925 348 omnipotentiae

197 368 319 420 plura
340 370 512 420 praesto
535 369 634 406 sunt
655 365 808 413 media,
830 364 982 418 quibus
1003 365 1101 406 huic
1123 365 1353 406 difficultati
1374 366 1508 418 possit
1529 378 1798 415 succurrere:
1829 379 1924 408 cum

197 450 298 479 vero
321 437 446 486 Deus,
476 442 523 477 ut
556 448 607 478 ex
640 440 793 477 eventu
824 440 952 488 patet,
983 436 1093 477 inter
1114 436 1388 477 succurrendi
1409 436 1548 477 media
1571 437 1740 489 elegerit
1761 437 1924 478 revela-

195 510 367 557 tionem,
394 508 484 561 J'am
516 509 609 560 ipsa
640 507 844 548 revelatio
876 507 958 548 dici
987 508 1143 560 poterit
1173 508 1426 550 necessaria.
1467 507 1696 559 Loquimur
1725 508 1766 550 6.
1799 507 1924 548 modo

199 579 536 632 praescindendo
560 578 614 619 ab
637 578 875 619 elevatione
899 578 951 619 ad
975 578 1101 619 finem
1125 578 1510 630 supernaturalem:
1534 578 1614 618 hac
1636 578 1746 618 enim
1771 590 1926 630 suppo-

196 651 277 692 sita
305 662 478 702 „omnes
499 649 743 702 hujusmodi
767 652 977 690 veritates.
1000 650 1134 702 inquit
1156 649 1268 689 card.
1291 649 1583 689 Franzelin
1604 648 1627 692 l.
1652 661 1696 691 6..
1720 653 1926 701 quatenus

191 722 281 774 jam
315 719 555 762 referuntur
589 720 643 761 ad
677 719 803 761 finem
838 720 1021 761 hominis
1055 720 1433 773 supernaturalem
1477 719 1797 770 cognoscendae
1831 724 1927 760 sunt

198 791 327 833 modo
358 791 683 843 proportionato
723 789 795 830 fini
827 789 1020 843 adeoque
1053 791 1293 841 cognitione
1325 789 1647 842 supernaturali.
1689 789 1796 840 Quia
1826 801 1926 830 vero

198 862 351 917 modus
365 862 561 914 proprius
575 861 910 914 supernaturalis
925 861 1176 913 cognitionis
1198 861 1240 901 in
1262 861 1331 901 via
1353 866 1416 902 est
1437 860 1540 901 fides
1556 860 1622 901 vel
1636 860 1785 901 saltem
1801 860 1927 900 habet

199 920 324 1008 fidffm
345 944 423 984 pro
447 930 749 980 fundament03
782 931 876 973 ideo
900 932 1028 972 etiam
1051 932 1132 972 hae
1155 932 1355 972 veritates
1376 931 1456 972 fide
1479 931 1716 972 credendae
1739 935 1847 980 sunt,
1879 943 1928 971 ac

198 1003 374 1056 proinde
396 1016 442 1044 ut
463 1003 617 1044 modus
632 1002 885 1054 cognitionis
899 1007 1072 1044 nostrae
1088 1003 1366 1055 responderet
1382 1002 1463 1050 fini,
1486 1003 1613 1043 etiam
1635 1002 1785 1042 harum
1809 1012 1928 1042 reve-

197 1075 298 1116 latio
322 1078 414 1116 erat
435 1074 712 1115 necessaria.“
762 1073 1002 1114 Asserimus
1036 1085 1134 1125 ergo
1169 1075 1209 1118 7.
1243 1077 1289 1114 ut
1320 1074 1463 1114 omnia
1494 1074 1640 1126 paucis
1673 1071 1929 1124 complecta·

199 1159 305 1194 mur,
338 1145 611 1187 revelationis
642 1136 794 1186 harum
826 1146 1053 1186 veritatum
1076 1146 1374 1186 necessitatem
1407 1159 1447 1188 a.
1479 1144 1789 1191 relativam,
1821 1155 1930 1196 quae

199 1217 282 1258 alia
296 1222 423 1269 atque
438 1217 522 1257 alia
542 1217 596 1257 sit
613 1229 690 1269 pro
706 1217 883 1257 diversis
900 1216 1144 1257 hominibus
1167 1220 1209 1256 et
1231 1216 1344 1256 circa
1357 1216 1498 1256 varias
1511 1216 1730 1261 veritates;
1753 1215 1797 1257 b.
1820 1227 1862 1254 m
1874 1226 1898 1254 o
1912 1238 1929 1244 -

199 1288 370 1329 ralem
393 1292 531 1329 ortam
554 1300 643 1329 non
665 1300 716 1329 ex
740 1287 936 1328 absoluta
957 1287 1218 1339 impotentia,
1251 1287 1325 1328 sed
1358 1299 1408 1328 ex
1441 1285 1752 1327 difficultatibus
1783 1289 1824 1325 et
1851 1284 1930 1324 im-

201 1358 452 1411 pedimentis
476 1359 662 1400 externis
684 1359 884 1399 veritates
906 1358 998 1398 illas
1020 1358 1324 1410 cognoscendi;
1357 1371 1396 1401 c.
1423 1358 1525 1410 hyp
1539 1357 1858 1404 otheticam,
1888 1356 1931 1395 in

198 1429 423 1482 hypothesi
443 1430 531 1474 scil
558 1430 671 1483 quod
693 1430 805 1471 Deus
838 1431 921 1471 alio
946 1429 1074 1470 modo
1097 1429 1279 1471 noluerit
1300 1440 1547 1470 succurrere
1569 1428 1755 1468 humano
1779 1427 1931 1478 generi.

255 1524 260 1554 ι
321 1515 387 1557 12.
409 1513 792 1557 Demonstratio.
838 1516 876 1557 1.
908 1513 1093 1554 Historia
1119 1517 1227 1554 teste
1250 1516 1428 1562 constat,
1458 1512 1653 1552 homines
1674 1510 1932 1551 revelatione

203 1549 427 1625 destitutos
457 1596 534 1636 per
566 1589 629 1625 tot
661 1597 873 1625 annorum
904 1585 1033 1625 millia
1064 1585 1315 1637 praecipuas
1340 1584 1558 1636 ignorasse
1581 1581 1739 1622 ordinis
1760 1580 1932 1621 moralis

203 1654 457 1708 socialisque
471 1655 685 1697 veritates
707 1656 773 1696 vel
796 1655 944 1696 saltem
971 1655 1022 1696 de
1044 1655 1123 1696 illis
1145 1654 1362 1695 dubitasse
1385 1666 1471 1695 non
1494 1653 1689 1694 obstante
1706 1651 1930 1692 multorum

202 1712 340 1766 studio
378 1731 420 1766 et
451 1726 738 1779 inquisitione.
778 1726 884 1766 Hinc
915 1726 1170 1767 incredibilis
1202 1725 1356 1766 oblivio
1389 1725 1453 1765 sui
1484 1724 1576 1764 finis
1598 1735 1785 1776 suaeque
1807 1722 1935 1763 desti-

198 1796 383 1838 nationis
406 1808 457 1837 ac
474 1797 586 1850 jugis
609 1796 756 1838 effusio
780 1797 831 1838 ad
860 1809 928 1838 res
952 1802 1149 1838 externas
1172 1807 1458 1848 sensuumque
1481 1795 1660 1847 objecta,
1691 1794 1931 1834 tristissima

199 1867 382 1908 familiae
406 1867 592 1908 conditio
616 1867 884 1921 filiorumque
906 1868 1125 1916 institutio,
1148 1867 1398 1908 durissimae
1421 1866 1648 1907 relationes
1670 1866 1850 1906 sociales
1871 1866 1931 1905 in-

199 1943 264 1979 ter
286 1926 483 1980 dominos
516 1944 557 1980 et
588 1951 746 1988 servos,
777 1951 898 1991 reges
931 1943 973 1979 et
1004 1938 1208 1987 subditos,
1240 1940 1349 1979 inter
1379 1937 1574 1978 nationes
1606 1937 1660 1977 ad
1690 1936 1870 1976 invicem
1888 1937 1931 1990 1).

200 2008 319 2051 Unde
334 2009 475 2063 liquet,
492 2010 778 2062 cognitionem
792 2010 1020 2051 veritatum
1035 2010 1216 2059 illarum,
1235 2008 1388 2062 quibus
1403 2008 1507 2049 ordo
1523 2007 1696 2048 moralis
1710 2011 1752 2048 et
1765 2006 1931 2047 socialis

200 2080 369 2132 regitur,
390 2081 450 2121 ita
472 2092 566 2121 esse
589 2081 847 2133 impeditam,
868 2085 915 2122 ut
936 2082 1026 2121 sine
1049 2080 1125 2121 Dei
1146 2080 1387 2120 interventu
1408 2083 1593 2131 nequeat
1613 2077 1772 2119 haberi.

318 2152 362 2194 2.
386 2150 562 2192 Accedit
582 2153 691 2194 ratio
726 2165 751 2193 a
782 2153 925 2205 priori,
956 2164 1085 2204 quam
1112 2151 1295 2203 suggerit
1316 2163 1346 2190 s.
1369 2149 1600 2190 Thomas
1623 2162 1656 2190 c.
1679 2154 1823 2201 gentes
1845 2149 1871 2197 I,
1893 2154 1932 2193 4.

201 2221 310 2263 Nam
343 2223 397 2263 ad
429 2224 715 2275 cognitionem
749 2224 902 2265 harum
933 2223 1161 2264 veritatum
1193 2226 1352 2263 certam
1379 2221 1648 2273 requiruntur
1669 2221 1808 2273 plures
1830 2233 1932 2261 con-

201 2293 395 2343 dit'ones,
418 2298 585 2347 tempus
607 2295 708 2345 scil,
732 2295 878 2344 otium,
900 2295 1098 2344 studium,
1120 2294 1346 2345 ingenium,
1369 2292 1574 2333 institutio
1590 2296 1689 2344 apta
1703 2296 1781 2334 etc.
1807 2291 1933 2344 Atqui

202 2307 340 2417 makr
360 2365 582 2406 hominum
604 2378 705 2418 pars
726 2366 844 2407 hisce
867 2366 1125 2407 destituitur:
1157 2365 1298 2417 plures
1330 2364 1442 2404 enim
1464 2363 1701 2403 moriuntur
1722 2364 1765 2403 in
1782 2363 1931 2415 juven-

201 2435 301 2476 tutis
326 2434 443 2483 flore,
474 2448 570 2477 cum
599 2437 690 2489 Jam
724 2441 893 2489 oportet
913 2438 1115 2478 veritates
1136 2437 1215 2477 has
1237 2435 1406 2476 novisse
1423 2435 1480 2489 2);
1510 2446 1611 2474 nam
1642 2445 1668 2473 a
1698 2434 1833 2486 primo
1864 2445 1932 2473 ra-

204 2505 330 2546 tionis
353 2519 433 2547 usu
455 2508 630 2559 quilibet
653 2508 839 2559 cogitare
862 2507 988 2548 debet
1020 2507 1071 2548 de
1103 2506 1236 2547 altera
1265 2505 1363 2554 vita,
1395 2516 1566 2545 servare
1588 2504 1721 2556 legem
1744 2508 1932 2551 naturae.

201 2636 536 2680 praeambulamm,
557 2648 600 2671 ex
618 2637 801 2671 brevitate
821 2637 937 2676 vitae;
957 2645 1178 2680 organorum
1197 2634 1293 2668 enim
1308 2632 1494 2678 perfectio.
1515 2633 1741 2677 cognitiones
1752 2632 1932 2677 praeviae.

201 2690 348 2732 tempus
366 2690 404 2723 et
423 2689 542 2730 otium
562 2690 796 2725 conditiones
825 2693 909 2724 sunt
936 2688 1111 2734 physicae
1139 2690 1176 2722 et
1202 2689 1436 2727 necessariae,
1466 2689 1508 2720 ut
1524 2685 1733 2721 intellectus
1752 2686 1931 2719 humanus

201 2743 268 2776 has
285 2742 461 2777 veritates
478 2744 597 2788 possit:
614 2745 697 2778 actu
715 2753 944 2789 cognoscere.

348 2799 374 2839 ¹]
395 2795 447 2830 Cf.
466 2797 612 2842 insigne
631 2809 723 2842 opus
740 2799 783 2831 A.
803 2798 849 2832 M.
869 2798 917 2830 W
930 2798 999 2832 eis
1013 2810 1028 2832 s
1046 2798 1153 2843 Apol.
1173 2798 1236 2831 des
1255 2796 1477 2831 Christenth.
1497 2805 1579 2828 vom
1598 2792 1853 2837 Standpunkte
1872 2790 1934 2823 der

202 2848 296 2882 Sitte
313 2849 390 2883 und
409 2848 541 2883 Cultur
557 2851 584 2886 t.
606 2851 639 2889 1;
659 2851 729 2885 Ma
740 2851 792 2885 ch
811 2850 869 2885 die
886 2849 1217 2895 Nothwendigkeib
1234 2850 1296 2884 der
1311 2849 1561 2892 Offenbarung
1576 2846 1848 2890 nachgewiesen
1867 2856 1931 2878 aus

204 2900 422 2936 Geschichte
432 2903 509 2936 und
521 2903 722 2939 Vernunft:
743 2903 771 2938 G
784 2916 807 2937 u
819 2905 834 2938 t
846 2904 869 2937 b
882 2914 900 2938 e
911 2915 929 2936 r
940 2904 951 2937 l
963 2914 982 2937 6
992 2906 1009 2937 t
1022 2903 1213 2938 Lehrbuch
1225 2903 1287 2937 der
1301 2901 1406 2947 Apol.
1421 2914 1455 2947 p.
1475 2906 1512 2936 11
1527 2914 1552 2935 s.
1571 2906 1584 2935 1
1603 2902 1622 2945 ξ
1637 2903 1657 2934 6
1671 2914 1676 2937 ;
1697 2898 1721 2932 C
1733 2911 1753 2932 a
1764 2901 1779 2932 t
1790 2899 1813 2931 h
1826 2897 1932 2930 rein

202 2954 410 2997 Moralphil.
430 2955 446 2988 1
461 2967 498 3000 p.
521 2960 535 2990 1
556 2967 588 2990 a.
606 2961 623 2998 g
646 2961 678 2991 1-

348 3008 374 3052 2)
393 3009 450 3042 Ad
465 3020 544 3042 rem
561 3009 744 3043 liant-an
758 3009 860 3042 ‘cius
878 3008 948 3045 div.
968 3009 1131 3043 institut.
1150 3009 1172 3042 l.
1192 3011 1214 3043 3
1232 3019 1260 3042 e.
1286 3013 1343 3043 14:
1364 3007 1462 3051 ¹>Ipsi
1480 3007 1645 3040 doctores
1663 3007 1769 3038 antea
1790 3004 1932 3036 fuerant

204 3062 390 3094 senectute
409 3072 449 3095 ac
468 3063 585 3096 morte
605 3062 773 3101 contecti,
793 3073 902 3106 quam
923 3061 1193 3101 constituerint,
1213 3061 1396 3105 quomodo
1416 3060 1534 3094 vivere
1553 3059 1708 3092 deceat}
