2175 3382
891 127 946 159 est
965 135 1096 170 corpus
1117 124 1263 159 Christi.
1857 129 1937 172 231

212 253 313 290 dona
333 254 374 288 et
397 250 588 299 quidquid
611 250 744 298 potest
765 260 849 285 esse
873 248 914 284 in
936 247 1120 287 Ecclesia.
1143 259 1242 294 quae
1264 247 1394 283 omnia
1408 247 1775 294 superabundanter
1796 248 1944 285 suntin

212 311 376 352 Chris-to,
400 310 448 346 ab
470 309 556 358 ipso
580 308 809 345 deriventur
830 306 872 343 in
894 306 1070 343 membra
1091 306 1283 342 Ecclesiae
1310 307 1349 342 et
1370 305 1622 353 perficiantur
1652 306 1693 342 in
1725 306 1791 344 eis.
1834 306 1943 345 Unde

212 370 364 408 subdit:
407 369 480 415 Qui
501 368 628 405 omnia
659 368 699 403 in
730 365 902 403 omnibus
923 363 1166 413 adimpletur,
1203 364 1284 400 scil.
1317 364 1410 400 dum
1442 364 1545 401 hunc
1580 364 1750 412 quidem,
1784 366 1853 413 qui
1886 367 1946 403 est

211 429 431 466 membrum
452 426 653 470 Ecclesiae,
677 425 770 462 facit
793 424 1005 472 sapientem
1029 423 1241 460 secundum
1266 422 1479 470 perfectam
1502 422 1749 470 sapientiam,
1773 437 1871 472 quae
1887 427 1946 462 est

212 488 254 524 in
275 488 372 536 ipso,
396 487 511 524 illum
534 497 624 522 vero
643 485 797 532 justum
818 482 1033 520 secundum
1055 482 1265 530 perfectam
1282 481 1484 530 justitiam
1508 483 1547 517 et
1570 481 1621 518 sic
1646 482 1691 518 de
1714 482 1842 519 aliis«

332 569 438 613 Quae
460 579 643 617 expressa
664 569 758 604 sunt
779 566 827 603 ad
849 565 1078 603 Cassiani
1099 565 1147 602 de
1171 564 1447 602 coenobiorum
1470 564 1667 601 institutis
1690 565 1733 604 V,
1764 573 1778 605 1
1807 565 1944 603 verba:

216 628 343 673 „Quia
363 627 458 664 licet
478 627 646 664 necdum
669 625 864 662 Christum
887 624 1016 661 omnia
1038 624 1183 661 factum
1207 623 1421 660 secundum
1445 623 1679 671 Apostolum
1702 621 1757 676 (1.
1781 624 1861 661 Cor.
1881 631 1944 668 15,

216 685 286 740 28)
308 686 508 724 videamus
530 686 571 723 in
593 684 787 728 omnibus,
818 686 950 721 tamen
974 684 1044 720 hoc
1065 682 1178 720 modo
1201 694 1411 730 possumus
1435 694 1536 727 eum,
1569 682 1606 719 id
1631 685 1692 719 est
1712 695 1781 731 per
1803 684 1946 730 partes,

212 747 254 783 in
276 745 458 784 omnibus
481 744 670 782 invenire.
714 744 767 780 De
790 743 874 791 ipso
897 742 1002 779 enim
1025 742 1180 785 dicitur,
1204 743 1268 790 qui
1290 742 1414 789 factus
1436 746 1488 778 est
1510 742 1616 779 nobis
1637 753 1682 778 ea:
1699 741 1774 778 Deo
1795 743 1946 789 sapien-

213 807 280 855 tia,
295 805 466 853 justitia,
491 804 674 840 sanctitas
696 807 728 839 et
750 803 955 850 redemptio
979 798 1132 852 (1.C0r.
1162 808 1194 840 1.
1221 798 1304 851 30).
1342 801 1443 837 Dum
1467 811 1558 849 ergo
1581 800 1622 836 in
1645 800 1721 837 alio
1745 800 1946 849 sapientia,

212 865 255 901 in
277 864 351 901 alio
373 862 539 910 justitia,
563 862 605 899 in
627 862 703 898 alio
727 861 926 903 sanctitas,
962 860 1004 896 in
1026 860 1102 897 alio
1123 859 1398 905 mansuetudo,
1431 859 1473 896 in
1495 859 1571 896 alio
1593 859 1764 903 castitas,
1797 859 1839 896 in
1872 859 1948 896 alio

213 922 430 967 humilitas,
452 922 495 958 in
516 921 593 959 alio
615 920 808 970 patientia
828 919 1036 968 reperitur,
1062 918 1311 956 membratim
1335 917 1512 956 Christus
1535 931 1604 967 per
1626 930 1949 966 unumquemque

214 983 436 1020 sanctorum
458 980 605 1017 divisus
628 981 699 1017 est.
743 979 1076 1029 Concurrentibus
1099 991 1189 1015 vero
1212 977 1407 1014 universis
1431 977 1471 1014 in
1493 977 1687 1014 unitatem
1710 976 1800 1013 fidei
1812 989 1853 1014 ac
1868 976 1948 1014 vir-

213 1041 327 1086 tutis,
348 1039 528 1077 redditur
550 1039 592 1076 in
614 1039 745 1076 virum
765 1038 996 1086 perfectum,
1020 1037 1309 1086 plenitudinem
1334 1036 1395 1073 sui
1419 1037 1587 1084 corporis
1611 1034 1725 1087 (Eph.
1753 1043 1786 1080 1,
1814 1032 1885 1087 33)
1908 1036 1950 1072 in

214 1100 460 1149 singulorum
481 1098 748 1135 membrorum
771 1108 955 1146 compage
979 1108 1020 1133 ac
1042 1097 1283 1145 proprietate
1305 1095 1521 1143 perficiens.
1557 1096 1687 1132 Donec
1709 1107 1801 1144 ergo
1819 1094 1950 1131 veniat

213 1159 314 1196 illud
334 1163 500 1206 tempus
523 1170 599 1205 quo
622 1157 726 1194 Deus
749 1156 802 1194 sit
823 1156 952 1193 omnia
974 1156 1016 1192 in
1039 1155 1230 1200 omnibus,
1264 1154 1305 1190 in
1327 1154 1525 1202 praesenti
1548 1156 1677 1202 potest
1699 1154 1770 1191 1100
1791 1166 1869 1202 quo
1892 1154 1949 1190 di-

213 1219 342 1255 ximus
365 1217 489 1257 modo.
514 1216 553 1253 id
577 1219 638 1253 est
659 1229 728 1264 per
748 1218 880 1264 partes
902 1215 1098 1252 virtutum
1130 1227 1212 1251 esse
1234 1214 1276 1250 in
1298 1213 1478 1250 omnibus
1501 1214 1616 1258 Deus,
1649 1213 1742 1250 licet
1773 1212 1950 1249 nondum

213 1290 284 1326 per
303 1276 590 1325 plenitudinem
612 1288 745 1312 earum
768 1274 897 1311 omnia
929 1274 981 1311 sit
1003 1274 1045 1310 in
1069 1273 1292 1310 omnibus«
1337 1273 1415 1310 Nec
1447 1272 1648 1309 dissimilis
1680 1274 1740 1309 est-
1771 1271 1951 1308 doctrina

216 1349 244 1373 s.
267 1335 569 1384 Hieronymi
591 1347 650 1382 ep.
679 1341 726 1374 55
753 1334 801 1370 al.
831 1341 931 1373 147:
966 1332 1106 1377 ,Quod
1129 1332 1183 1369 ait
1205 1332 1440 1380 Apostolus:
1486 1332 1530 1368 Ut
1561 1333 1611 1368 sit
1634 1331 1738 1368 Deus
1759 1332 1888 1368 omnia
1912 1332 1950 1367 in

216 1395 391 1432 omnibus
424 1392 583 1446 (1.Cor.
613 1400 674 1438 15,
702 1392 783 1442 28),
816 1393 886 1430 hoc
919 1405 1036 1429 sensu
1067 1391 1335 1440 accipiendum
1367 1392 1445 1428 est:
1478 1390 1668 1427 Dominus
1700 1402 1742 1427 ac
1775 1389 1952 1427 Salvator

215 1457 350 1491 noster
370 1466 475 1490 nunc
498 1453 626 1490 omnia
647 1465 725 1489 non
748 1454 809 1489 est
831 1452 871 1488 in
895 1451 1090 1491 omnibus,
1115 1450 1181 1487 sed
1203 1462 1292 1498 pars
1316 1450 1358 1486 in
1381 1449 1562 1499 singulis.
1605 1449 1724 1486 Verbi
1746 1449 1881 1498 gratia,
1910 1448 1951 1485 in

217 1513 421 1550 Salomone
443 1511 644 1561 sapientia.
678 1512 717 1548 in
748 1511 872 1548 David
903 1511 1069 1555 bonitas,
1102 1510 1143 1547 in
1174 1509 1249 1546 ι101)
1280 1509 1481 1557 patientia,
1516 1508 1557 1545 in
1588 1508 1748 1545 Daniele
1779 1507 1951 1557 cognitio

215 1572 454 1617 fut-urorum,
478 1572 519 1608 in
543 1571 656 1608 Petro
678 1570 786 1613 fides,
811 1571 851 1606 in
874 1570 1039 1606 Phinees
1063 1572 1102 1606 et
1124 1569 1246 1605 Paulo
1269 1568 1386 1607 zelus,
1422 1568 1463 1604 in
1484 1567 1637 1605 Joanne
1659 1567 1878 1617 virginitas,
1910 1567 1952 1603 in

216 1631 352 1669 ceteris
374 1634 513 1668 cetera.
556 1630 651 1667 Cum
673 1631 805 1666 autem
826 1642 959 1666 rerum
981 1628 1156 1666 omnium
1179 1627 1268 1664 finis
1292 1627 1506 1672 advenerit,
1539 1629 1635 1663 tunc
1658 1626 1787 1664 omnia
1808 1626 1850 1662 in
1871 1637 1952 1662 om·

216 1690 332 1727 nibus
354 1690 439 1735 erit,
462 1691 509 1726 ut
531 1689 681 1738 singuli
703 1691 925 1726 sanctorum
949 1699 1082 1724 omnes
1106 1687 1274 1723 virtutes
1298 1686 1476 1730 habeant,
1500 1688 1546 1722 ut
1568 1686 1621 1722 sit
1642 1685 1820 1722 Christus
1842 1687 1953 1721 totus

216 1749 258 1786 in
280 1750 472 1786 011110115.α
516 1748 684 1785 Vocatur
718 1760 808 1796 ergo
843 1746 1015 1784 Ecclesia
1050 1747 1251 1800 πλήρωμα
1285 1745 1445 1791 Christi,
1481 1747 1676 1793 quatenus
1710 1744 1952 1782 extrinsecus

217 1808 387 1857 complet
410 1807 607 1845 Christum
629 1808 675 1843 ut
697 1810 757 1843 est
778 1806 971 1843 terminus
1005 1806 1090 1854 ejus
1122 1805 1333 1841 activitatis
1364 1803 1557 1852 recipiens
1590 1804 1783 1840 influxum
1813 1802 1951 1851 ipsius,

219 1868 292 1905 sub
316 1879 405 1915 quo,
430 1878 517 1903 cum
540 1878 617 1913 quo
641 1868 680 1902 et
701 1878 770 1913 per
792 1877 908 1914 quem
931 1864 1042 1909 vivit,
1068 1866 1252 1912 operatur
1274 1866 1312 1900 et
1334 1863 1375 1900 in
1397 1863 1550 1900 unitate
1574 1863 1811 1900 continetur.

338 1949 435 1991 209.
468 1947 510 1989 3.
543 1945 738 1986 Refertur
770 1950 898 1997 caput
930 1945 983 1986 ad
1016 1956 1170 1996 corpus
1202 1943 1340 1985 habitu
1365 1944 1622 1983 arctissimae
1645 1942 1953 1995 conjunctionis,

219 2029 303 2070 qua
346 2028 397 2057 ex
441 2017 579 2069 capite
625 2021 668 2057 et
712 2028 890 2068 corpore
932 2028 1090 2056 unum
1126 2015 1283 2067 aliquid
1316 2013 1466 2066 prodit.
1522 2013 1611 2053 Tali
1644 2025 1773 2066 porro
1807 2012 1954 2052 habitu

219 2087 433 2129 Christum
455 2088 509 2128 ad
525 2087 756 2128 Ecclesiam
771 2087 929 2135 referri,
952 2091 1069 2139 patet
1091 2100 1133 2129 a.
1158 2091 1247 2126 tum
1271 2097 1321 2126 ex
1344 2086 1425 2126 hac
1448 2086 1539 2137 ipsa
1562 2084 1845 2137 appellatione
1868 2087 1955 2123 tani

217 2157 437 2210 frequenti,
470 2170 579 2211 quae
601 2162 752 2211 sponte
776 2170 854 2199 sua
879 2157 1086 2210 ejusmodi
1110 2157 1455 2209 conjunctionem
1489 2155 1543 2196 ob
1577 2155 1723 2196 oculos
1754 2154 1884 2206 ponit,
1915 2158 1955 2194 et

219 2229 325 2270 citra
346 2229 461 2270 illam
487 2230 555 2270 vix
588 2241 760 2270 sensum
792 2242 894 2282 prae
927 2241 973 2270 se
1006 2228 1152 2273 ferret:
1185 2232 1271 2268 tum
1307 2240 1357 2268 ex
1389 2227 1517 2268 variis
1552 2224 1956 2278 comparationibus,

220 2300 371 2353 quibus
394 2299 546 2341 Christi
569 2300 624 2341 ad
644 2299 877 2341 Ecclesiam
901 2299 1073 2340 habitus
1097 2299 1388 2341 adumbratur.

338 2387 416 2423 Has
437 2386 569 2435 paucis
591 2385 866 2435 complectitur
889 2385 1078 2434 Chryso
1092 2387 1285 2422 stomus
1309 2384 1411 2424 hom.
1437 2389 1471 2424 S.
1487 2383 1529 2419 in
1548 2391 1580 2422 1.
1597 2383 1679 2420 Cor.
1698 2389 1732 2426 3,
1754 2390 1799 2422 11
1820 2395 1826 2418 :
1854 2382 1955 2425 »Per

219 2446 346 2483 multa
367 2445 543 2493 exempla
563 2457 635 2482 nos
657 2445 757 2482 unit.
800 2444 897 2481 Vide
920 2444 1136 2481 enimvero:
1172 2443 1259 2491 Ipse
1283 2444 1341 2479 est
1363 2444 1491 2491 caput,
1526 2454 1596 2479 nos
1627 2443 1759 2478 autem
1793 2451 1954 2488 corpus:

220 2505 325 2541 inter
345 2508 464 2552 caput
483 2506 524 2541 et
545 2516 685 2552 corpus
708 2516 786 2540 non
809 2505 941 2551 potest
963 2503 1091 2540 ullum
1114 2515 1195 2539 esse
1218 2501 1501 2546 interstitium;
1537 2501 1620 2549 ipse
1643 2503 1701 2538 est
1723 2499 1954 2537 fundamen-

220 2566 318 2609 tum,
353 2562 594 2607 aedificium;
629 2563 712 2612 ipse
746 2563 850 2607 vitis,
887 2573 957 2599 nos
991 2562 1194 2610 palmites;
1238 2560 1322 2609 ipse
1358 2571 1533 2609 sponsus,
1570 2572 1641 2597 nos
1678 2571 1837 2607 sponsa3
1871 2558 1955 2606 ipse

220 2625 364 2671 pastor,
386 2634 458 2659 nos
479 2634 587 2666 oves;
609 2622 692 2670 ipse
714 2621 787 2667 via,
811 2633 880 2658 nos
904 2620 972 2668 qui
994 2620 1257 2669 i11g1·edimur;
1291 2631 1431 2656 rursus
1454 2631 1523 2656 nos
1546 2619 1749 2667 templum,
1780 2618 1863 2666 ipse
1895 2617 1955 2652 in-

220 2681 437 2725 habitator3
459 2681 541 2729 ipse
561 2680 860 2730 primogenitus,
884 2692 955 2717 nos
977 2679 1137 2723 fratres3
1161 2680 1245 2727 ipse
1267 2679 1388 2723 heres,
1412 2690 1481 2715 nos
1504 2678 1730 2721 coheredes;
1756 2677 1840 2725 ipse
1864 2675 1954 2714 vita.

222 2752 295 2777 nos
316 2739 513 2783 viventes;
535 2740 618 2788 ipse
640 2739 883 2784 resurrectio,
907 2751 978 2776 nos
1000 2740 1272 2787 resurgentes3
1295 2738 1376 2786 ipse
1399 2738 1478 2781 lux,
1502 2749 1572 2773 nos
1595 2735 1821 2773 illuminati.
1855 2734 1955 2770 Haec

223 2799 352 2835 omnia
374 2798 570 2836 unitatem
591 2798 854 2843 manifestant,
878 2810 948 2835 nec
971 2797 1108 2834 sinunt
1130 2796 1279 2846 aliquid
1302 2808 1469 2833 vacuum
1491 2807 1573 2833 esse
1594 2794 1883 2832 intermedium,
1907 2804 1955 2828 ne

224 2857 430 2907 minimum
452 2857 651 2905 quidem.‘

341 2935 391 2976 Et
411 2947 561 2976 revera
590 2937 637 2979 b.
668 2941 790 2977 tanta
821 2940 884 2977 est
918 2935 1160 2988 conjunctio
1192 2936 1301 2975 inter
1325 2934 1537 2975 Christum
1571 2938 1612 2973 et
1634 2931 1877 2982 Ecclesiam,
1912 2934 1956 2969 ut

227 3006 337 3046 illius
367 3018 526 3047 nomen
557 3006 739 3047 mirabili
770 3006 956 3060 quadam
987 3005 1236 3058 trajectione
1268 3005 1347 3057 ipsi
1377 3004 1712 3045 communicetur
1734 3000 1955 3041 Ecclesiae.

226 3077 316 3117 Hoc
338 3076 496 3126 saltem
528 3076 670 3129 plures
704 3082 846 3129 patres
870 3076 1054 3117 inferunt
1086 3088 1136 3116 ex
1160 3075 1302 3116 verbis
1324 3075 1443 3116 Pauli
1470 3079 1503 3118 1.
1527 3073 1618 3116 Cor.
1647 3077 1709 3120 12,
1737 3074 1809 3115 12:
1846 3070 1957 3110 Sicut
