2175 3382
245 143 298 184 85
568 134 686 170 Truct.
707 136 732 172 Ι,
752 134 936 180 Apologia
954 134 1056 177 relig.
1077 135 1200 169 christ.
1221 135 1348 170 Thesis
1367 135 1478 172 xvii.
1498 136 1639 181 Rapida

247 254 329 295 Sed
353 253 597 294 consideres
620 253 744 294 velim
769 267 809 297 a.
833 266 959 306 quam
985 254 1163 306 ampla
1186 254 1310 296 fuerit
1332 255 1439 296 haec
1461 255 1649 304 victoria,
1675 257 1722 299 b.
1747 269 1877 310 quam
1899 269 1986 298 ra-

243 325 389 377 pida,
413 338 454 369 c.
480 336 609 377 quam
632 324 917 373 diuturna,
941 325 987 367 d.
1013 337 1142 377 quam
1165 326 1308 366 suavis
1332 330 1373 366 et
1395 326 1601 366 efficax
1623 327 1762 377 simul,
1792 341 1833 371 e.
1857 340 1986 381 quam

245 395 383 437 omnis
418 395 518 436 boni
554 394 809 443 fecunda,
845 396 881 438 f.
907 407 1036 447 quam
1061 397 1354 444 intensiva,
1378 409 1474 437 cum
1499 401 1634 438 totum
1657 398 1738 438 sibi
1760 398 1989 451 subjecerit

244 466 474 514 hominem,
497 466 755 507 intellectum
779 466 865 508 scil.
889 466 980 513 fide,
1005 466 1266 507 voluntatem
1284 467 1537 516 obedientia,
1560 480 1635 509 cor
1658 481 1819 517 amore,
1843 470 1988 510 omnia

246 536 439 577 membra
463 537 763 578 mandatorum
788 550 964 578 suorum
987 538 1250 586 executione,
1285 539 1327 579 in
1359 539 1476 579 omni
1497 538 1582 580 scil.
1607 539 1768 586 ordine,
1800 539 1988 581 intellec-

244 608 360 656 tuali,
383 608 546 656 morali,
569 608 716 648 sociali
732 613 821 649 etc..
846 608 1016 649 attende
1032 609 1203 660 insuper
1225 622 1270 662 g.
1295 621 1423 662 quam
1440 609 1563 650 fuerit
1584 609 1732 650 divin
1747 622 1772 651 a
1794 615 1989 663 respectu

242 678 510 731 Judaeorum.
554 678 673 719 Hanc
697 679 919 719 victoriam
943 679 1288 732 eloquentissime
1311 679 1515 720 describit
1536 680 1866 733 Chrysostomus
1896 681 1939 722 in
1965 681 1988 723 l.

245 750 360 802 quod
385 749 576 791 Christus
601 750 653 790 sit
675 750 786 791 Deus
810 763 848 793 n.
873 753 909 793 9.
938 753 990 794 10
1013 762 1156 802 opusc.
1181 750 1269 796 XV,
1296 755 1377 796 145
1401 765 1454 792 ss.

1004 868 1244 924 eaputit

275 951 343 992 De
377 951 563 992 divina
596 951 890 1003 religionis
924 952 1273 993 christianae
1306 952 1491 993 indole
1524 958 1689 1005 atque
1724 953 1950 1005 origine.

365 1037 430 1078 78.
454 1034 686 1086 Religionis
702 1035 959 1075 christianae
975 1035 1197 1075 veritatem
1221 1047 1272 1076 ex
1296 1035 1438 1076 divina
1461 1036 1649 1077 auctoris
1664 1036 1868 1076 missione
1891 1047 1990 1088 pro-

245 1104 451 1145 bavimus.
495 1104 590 1145 Jam
625 1104 734 1145 illius
769 1104 982 1145 fructus
1014 1104 1349 1155 consideremus,
1392 1105 1558 1147 arboris
1591 1107 1703 1146 enim
1735 1106 1917 1159 qualitas
1949 1111 1992 1148 et

244 1174 414 1216 bonitas
438 1187 488 1216 ex
512 1175 715 1216 fructibus
740 1175 963 1228 dijudicari
986 1180 1137 1228 potest.
1171 1181 1211 1216 et
1245 1175 1418 1217 cuilibet
1446 1176 1611 1217 effectui
1632 1189 1710 1229 par
1732 1177 1992 1230 respondeat

245 1258 377 1287 causa
399 1258 576 1287 necesse
602 1251 676 1287 est.
713 1245 757 1287 Si
779 1258 878 1298 ergo
903 1245 1077 1287 effectus
1092 1246 1308 1298 religionis
1331 1259 1356 1287 a
1373 1246 1538 1288 Christo
1555 1247 1849 1300 promulgatae
1863 1252 1991 1301 atque

250 1317 465 1358 Ecclesiae
499 1330 524 1358 a
557 1329 602 1358 se
635 1317 851 1358 institutae
884 1321 982 1358 sunt
1003 1318 1322 1369 suprahumani,
1353 1318 1711 1370 supernaturales,
1744 1323 1843 1360 sunt
1872 1319 1992 1369 tales,

248 1388 400 1441 quibus
423 1388 683 1441 explicandis
705 1388 820 1429 solus
843 1388 994 1429 sufficit
1017 1388 1182 1429 divinus
1198 1389 1472 1437 interventus,
1497 1389 1642 1441 religio
1659 1389 1890 1430 christiana
1904 1401 1992 1431 non

248 1460 469 1500 inventum
492 1459 607 1501 credi
630 1459 756 1500 debet
778 1460 1026 1508 humanum,
1059 1459 1133 1500 sed
1164 1460 1370 1501 institutio
1401 1460 1553 1501 divina.
1597 1460 1866 1513 Quapropter
1888 1473 1991 1503 con-

248 1531 484 1571 sideremus
500 1530 776 1579 latitudinem,
798 1530 1115 1582 longitudinem,
1137 1530 1470 1583 profunditatem
1495 1543 1661 1572 necnon
1686 1531 1990 1573 sublimitatem

248 1601 472 1643 effectuum
488 1602 612 1654 hujus
627 1602 840 1654 religionis
856 1617 863 1650 ;
890 1607 930 1642 et
952 1602 1000 1642 la
1014 1602 1117 1642 titu
1130 1601 1155 1641 d
1168 1602 1180 1642 i
1192 1615 1218 1642 n
1231 1613 1307 1642 em
1330 1601 1501 1654 quidem
1524 1603 1567 1642 in
1591 1603 1822 1656 rapiditate
1837 1616 1991 1658 propa-

245 1674 441 1728 9ationis,
463 1673 868 1724 longitudinem
891 1673 934 1713 in
956 1674 1277 1714 conseri-ationis
1291 1673 1569 1714 diuturnitate
1592 1673 1742 1714 mediis
1764 1673 1808 1714 in
1829 1674 1991 1715 saevis-

247 1744 364 1785 simis
380 1744 576 1796 procellis
590 1761 599 1794 ς
622 1757 648 1796 p
661 1756 681 1784 r
693 1756 717 1784 o
731 1742 747 1783 f
756 1757 781 1784 u
794 1756 820 1784 n
833 1743 1008 1784 ditate
1022 1756 1062 1783 m
1078 1744 1382 1798 persuasionis,
1398 1755 1523 1796 quam
1540 1743 1655 1784 nulla
1669 1748 1992 1796 persecutorum

246 1819 460 1855 tormenta
493 1815 732 1856 convellere
768 1820 989 1867 poterant:
1022 1814 1425 1855 sublimitatem
1457 1815 1500 1855 in
1530 1815 1643 1855 vitae
1676 1816 1904 1874 schitate,
1937 1815 1992 1856 ad

249 1898 376 1938 quam
410 1897 461 1926 ex
491 1885 701 1938 profundo
734 1886 934 1926 vitiorum
966 1897 1102 1926 coeno
1135 1885 1243 1926 haec
1274 1885 1420 1936 religio
1453 1885 1637 1926 cultores
1664 1898 1766 1927 suos
1787 1886 1991 1938 provexit.

249 1955 410 2008 Quibus
432 1956 648 1997 miraculis
670 1957 714 1996 in
737 1956 884 1997 ordine
907 1957 1061 1997 morali
1083 1956 1261 2008 patratis
1284 1956 1439 2008 adiecit
1452 1955 1564 1997 Deus
1586 1957 1630 1997 in
1652 1957 1800 1998 ordine
1822 1968 1992 2010 quoque

248 2027 424 2080 physico
457 2027 839 2080 prodigiorum
871 2029 1142 2081 splefflQrem)
1175 2028 1288 2068 unde
1320 2027 1658 2080 quintuplici
1689 2028 1840 2069 saltem
1870 2028 1992 2069 radio

250 2099 507 2139 christianae
530 2099 742 2152 religionis
765 2099 883 2150 origo
907 2099 1050 2139 divina
1072 2098 1382 2140 manifestatur.
1427 2097 1630 2149 Quamvis
1653 2110 1756 2140 vero
1780 2098 1994 2152 quaelibet

250 2181 301 2210 ex
324 2170 388 2210 his
411 2169 580 2210 dotibus
603 2174 804 2211 accurate
827 2171 1021 2222 inspecta
1043 2169 1256 2211 sufficiens
1278 2169 1483 2222 praebeat
1514 2181 1591 2222 pro
1616 2169 1759 2211 divina
1780 2170 1993 2223 religionis

250 2241 508 2283 christianae
524 2241 684 2293 origine
700 2246 1016 2294 argumentum:
1041 2245 1087 2282 ut
1109 2241 1191 2281 hoc
1213 2245 1359 2281 tamen
1381 2241 1435 2281 sit
1455 2240 1581 2293 plane
1602 2241 1820 2289 invictum,
1837 2240 1994 2293 juverit

251 2323 325 2353 eas
347 2324 433 2352 non
456 2313 581 2353 nimis
605 2312 659 2353 ab
681 2312 862 2353 invicem
886 2312 1121 2365 sejungere,
1145 2311 1220 2353 sed
1242 2312 1383 2364 potius
1406 2311 1685 2364 conjungere3
1717 2323 1857 2365 neque
1879 2311 1994 2352 enim

250 2382 400 2434 rapida
423 2384 672 2436 propagatio
697 2384 876 2424 multum
898 2383 1064 2436 probat,
1097 2384 1178 2424 nisi
1209 2384 1261 2424 sit
1294 2383 1493 2424 diuturna
1525 2387 1567 2424 et
1597 2387 1823 2430 constans;
1855 2393 1994 2435 neque

253 2452 504 2494 diuturnitas
537 2455 715 2495 multum
750 2454 916 2507 probat,
952 2455 1033 2495 nisi
1068 2454 1176 2495 altas
1212 2455 1344 2506 egerit
1377 2454 1564 2502 radices;
1600 2466 1738 2507 neque
1771 2453 1993 2506 persuasio

251 2523 462 2576 profunda
485 2524 633 2566 efficax
667 2530 730 2566 est
761 2525 815 2566 ad
846 2525 1129 2578 probandum,
1159 2526 1241 2566 nisi
1273 2525 1411 2566 bonos
1433 2524 1622 2577 proferat
1643 2524 1817 2567 fructus,
1860 2523 1920 2565 Cf.
1941 2523 1994 2565 de

251 2594 334 2635 hoc
369 2600 631 2646 argumento,
666 2609 749 2649 quo
784 2600 965 2645 utemur,
999 2595 1263 2636 Heinrich
1298 2596 1481 2648 dogmat.
1513 2596 1741 2648 Theologie
1773 2600 1799 2637 t.
1825 2599 1847 2639 1
1871 2596 1893 2650 ξ
1917 2598 1993 2644 5ος

253 2663 344 2706 Sto
360 2667 603 2708 rchenau
626 2666 780 2708 Philos.
805 2667 857 2708 de
879 2666 1009 2719 Reljg.
1032 2665 1104 2707 VH
1126 2671 1227 2710 sect.
1250 2671 1278 2711 4
1300 2680 1353 2708 ss.

375 2751 440 2791 79.
464 2750 632 2793 Thesis
654 2750 811 2794 XVII.
866 2765 1200 2807 Rapicle‘ssima
1225 2764 1470 2807 reliqionis
1495 2764 1782 2798 christianae
1805 2771 1892 2805 per
1918 2773 1994 2798 or-

253 2823 352 2856 bem
390 2825 686 2866 propaqatio,
728 2825 943 2858 omnibus
982 2825 1286 2859 consideratis
1323 2823 1422 2865 eius
1458 2823 1708 2866 adjunctis,
1742 2823 1994 2863 manifesto

253 2882 452 2923 diqitum
479 2882 567 2916 Dei
593 2882 667 2916 hic
687 2882 836 2922 fuisse
863 2883 1070 2918 ostendit.

373 2950 665 2994 Declaratio.
719 2950 817 2991 Tria
860 2951 974 2991 circa
1009 2951 1121 2991 hanc
1154 2950 1468 3003 rapidissimam
1502 2948 1855 3002 propagationem
1896 2953 1995 2990 sunt

254 3021 525 3074 praestanda,
556 3021 665 3062 sicut
687 3021 816 3062 etiam
839 3021 953 3062 circa
975 3021 1159 3074 reliquas
1182 3025 1268 3062 tres
1290 3020 1585 3073 proprietates.
1628 3018 1904 3060 Probandum
1930 3022 1995 3059 est

254 3093 369 3145 prius
390 3092 409 3133 f
415 3097 614 3138 actum!
637 3091 751 3145 quod
766 3091 1020 3134 affirmatur:
1046 3091 1312 3144 expendendi
1334 3091 1432 3132 dein
1454 3095 1552 3131 sunt
1573 3089 1673 3131 facti
1696 3090 1796 3131 cha
1809 3093 1993 3130 racte-
