2175 3382
554 92 736 137 distingui
753 92 910 135 possunt·
928 92 974 124 ab
993 90 1182 125 effectibus
1202 100 1299 124 mere
1318 90 1560 124 naturalibus.
1868 96 1923 138 33

193 224 321 265 saepe
352 213 480 253 etiam
512 210 723 252 sufficeret
754 210 808 251 ad
840 209 1205 251 confirmatIOnem
1238 208 1454 250 doctrinae
1485 209 1740 261 propositae,
1773 211 1807 251 si
1839 210 1923 251 scil.

193 286 452 324 concurrant
473 281 674 335 adjuncta
697 294 797 322 mox
821 280 1058 323 indicanda.

311 351 509 394 Ceterum
530 354 572 397 2.
586 356 779 393 nostrum
801 364 888 392 non
911 356 974 392 est
995 351 1302 398 demonstrare,
1325 351 1528 391 miracula
1550 351 1789 399 universim,
1812 363 1923 393 sem-

194 436 280 477 per,
312 423 528 477 quibusvis
558 423 601 463 in
635 423 844 476 adJ'unctis
868 421 1050 462 discerni
1071 432 1197 474 posse
1221 421 1274 462 ab
1299 420 1515 462 effectibus
1537 421 1819 463 naturalibus:
1851 423 1924 463 sed

194 500 295 536 tunc
316 499 494 544 tantum,
525 506 622 535 cum
654 493 822 534 criteria
845 497 943 534 sunt
965 492 1031 533 vel
1053 504 1146 533 esse
1169 492 1365 532 dicuntur
1387 491 1604 532 doctrinae
1628 495 1850 541 revelatae,
1881 497 1927 533 ut

195 567 238 607 in
260 578 363 607 casu
384 565 596 617 singulari,
619 577 714 605 cum
738 565 876 617 agitur
898 564 983 607 scil.
1008 564 1059 605 de
1081 565 1131 604 iis
1154 563 1386 611 eventibus,
1408 562 1561 615 quibus
1583 564 1761 615 stipatur
1782 564 1925 615 religio

196 637 438 678 christiana.
461 636 719 688 Quaestione
741 636 800 676 ita
820 635 1151 687 circumscripta,
1174 633 1369 686 probatio
1385 633 1497 674 haud
1512 633 1687 674 difficilis
1701 639 1774 674 est.
1797 633 1926 675 Facta

197 709 309 750 enim
339 708 410 749 illa
441 720 612 749 omnem
644 707 874 749 testimonii
905 707 1033 747 divini
1054 707 1264 747 rationem
1288 705 1505 746 evidenter
1527 705 1754 753 continent,
1786 710 1831 745 ut
1853 718 1927 757 op-

196 781 416 832 portunius
438 778 557 827 infra,
580 790 676 819 cum
699 778 750 819 de
773 777 926 819 Christi
947 777 1161 818 miraculis
1185 788 1370 829 agemus,
1392 775 1675 817 ostendemus.
1698 775 1795 816 Ideo
1818 789 1929 816 nunc

198 854 447 902 argumento
479 854 644 891 tantum
667 862 693 891 a
714 850 844 902 priori
866 849 1155 902 probabimus,
1187 848 1392 889 miracula
1420 847 1562 888 divina
1584 847 1625 887 in
1648 847 1929 888 confirmatio-

197 932 296 962 nem
327 921 545 962 doctrinae
576 925 745 973 patrata
777 920 830 960 ab
864 919 1081 961 effectibus
1112 931 1228 960 mere
1260 917 1524 959 naturalibus
1557 922 1598 958 et
1630 916 1846 958 fraudibus
1873 917 1930 958 di-

198 992 351 1043 stingui
372 1003 510 1044 posse.
536 991 581 1032 Id
603 992 716 1033 enim
738 991 864 1043 exigit
885 992 976 1043 ipsa
999 990 1141 1030 divina
1162 989 1376 1041 majestas,
1399 987 1569 1028 bonitas
1592 992 1633 1027 et
1653 986 1930 1039 providentia.

199 1061 316 1103 Sicut
357 1063 469 1103 enim
491 1062 706 1114 indignum
732 1061 840 1103 foret
862 1073 972 1112 rege,
1004 1062 1039 1102 si
1061 1072 1279 1112 nunquam
1303 1059 1394 1112 ejus
1418 1058 1596 1109 sigillum
1618 1063 1763 1110 posset
1785 1058 1931 1098 distin-

199 1134 267 1185 gui
295 1145 322 1174 a
342 1133 485 1186 sigillis
507 1133 717 1174 confictis:
748 1133 807 1174 ita
829 1145 855 1174 a
877 1131 1039 1173 fortiori
1061 1131 1279 1183 indignum
1301 1134 1413 1171 esset
1434 1129 1535 1178 Deo,
1568 1129 1603 1169 si
1625 1129 1715 1181 ejus
1738 1140 1868 1181 opera
1890 1129 1932 1168 in

200 1204 567 1246 confirmationem
598 1204 818 1245 doctrinae
851 1216 876 1244 a
907 1215 953 1244 se
985 1203 1229 1256 propositae
1261 1207 1431 1254 patrata
1457 1201 1511 1241 ab
1535 1199 1734 1253 operibus
1755 1203 1934 1240 naturae

199 1275 267 1316 vel
288 1275 523 1317 seductoris
544 1276 720 1328 alicujus
742 1275 979 1328 praestigiis
1001 1286 1220 1326 nunquam
1242 1278 1332 1314 tuto
1356 1276 1530 1325 possent
1552 1271 1726 1312 secerni.

320 1359 363 1402 3.
396 1358 446 1399 Et
474 1371 625 1400 revera
648 1372 819 1401 omnem
842 1359 1000 1400 fraudis
1023 1358 1307 1410 suspicionem
1332 1355 1560 1397 excludunt
1580 1355 1688 1395 haec
1714 1353 1934 1406 adjuncta:

202 1430 237 1470 si
257 1430 305 1478 is,
327 1430 397 1483 qui
420 1431 592 1471 nomine
614 1430 689 1471 Dei
711 1430 909 1483 proponit
932 1430 1182 1477 doctrinam,
1210 1443 1251 1471 a.
1276 1428 1387 1468 vitae
1410 1425 1704 1472 sanctimonia,
1726 1423 1933 1464 modestia

203 1502 463 1552 praesertim,
486 1501 732 1551 humilitate,
756 1501 846 1542 zelo
869 1501 1028 1552 gloriae
1051 1500 1140 1546 Dei,
1173 1498 1430 1539 abstinentia
1454 1496 1797 1541 commendetur3
1828 1493 1863 1534 si
1886 1494 1932 1536 b.

203 1571 441 1613 doctrinam
463 1576 686 1625 proponat,
720 1584 830 1625 quae
856 1571 997 1623 fugam
1019 1572 1182 1624 peccati
1205 1570 1490 1621 virtutumque
1514 1567 1721 1608 culturam
1752 1565 1862 1606 serio
1895 1569 1936 1604 et

204 1642 430 1685 efficaciter
452 1648 725 1696 promoveam
758 1644 793 1684 si
825 1656 866 1688 c.
899 1648 1078 1684 testetur
1100 1642 1255 1682 diserte
1278 1641 1343 1681 vel
1367 1638 1694 1692 aequivalenter,
1727 1648 1772 1677 se
1805 1647 1937 1688 opera

204 1715 312 1755 mira
334 1715 388 1755 ad
411 1715 630 1756 doctrinae
653 1726 755 1756 suae
779 1714 1145 1755 confirmationem
1167 1713 1209 1753 in
1224 1712 1299 1752 Dei
1320 1711 1493 1751 nomine
1514 1713 1684 1762 patrare
1697 1723 1708 1757 ;
1731 1708 1766 1748 si
1789 1707 1834 1750 d.
1859 1719 1935 1747 na-

204 1790 342 1827 turam
366 1785 445 1826 sibi
468 1786 522 1827 ad
543 1790 693 1826 nutum
714 1786 844 1826 veluti
866 1784 1141 1825 famulantem
1163 1783 1341 1830 habeat3
1374 1783 1409 1822 si
1439 1794 1480 1824 e.
1504 1781 1547 1820 in
1568 1778 1786 1832 patrandis
1808 1777 1938 1817 mira-

204 1857 308 1897 culis
330 1857 530 1898 decorem
553 1861 704 1905 servet,
736 1869 873 1909 neque
906 1868 956 1897 ea
989 1855 1043 1896 ad
1073 1855 1237 1896 lucrum
1261 1852 1514 1906 capiendum
1535 1851 1602 1892 vel
1624 1851 1761 1891 solum
1784 1848 1837 1889 ad
1860 1860 1937 1900 pa-

204 1928 406 1969 scendam
429 1928 715 1969 curiositatem
733 1932 953 1980 operetur;
976 1928 1010 1967 si
1032 1926 1070 1969 f.
1096 1937 1148 1966 ea
1170 1936 1279 1978 quae
1302 1923 1502 1976 proponit
1525 1925 1666 1963 certae
1689 1919 1938 1961 revelationi

204 2011 291 2039 non
314 1998 593 2039 adversentur
611 2000 654 2054 1).
689 1996 733 2039 Si
756 1998 868 2039 enim
890 1997 955 2038 vel
977 1998 1094 2038 hisce
1115 1997 1159 2037 in
1181 1995 1391 2048 adjunctis
1415 2005 1557 2046 opera,
1581 2003 1690 2045 quae
1713 1991 1782 2045 (ex
1803 1990 1938 2043 hvpo-

204 2070 331 2126 thesi)
355 2070 469 2110 nullo
494 2070 620 2111 modo
644 2069 843 2122 cognosci
866 2073 1277 2121 possunttamquam
1301 2065 1473 2107 effectus
1495 2062 1712 2105 naturales
1729 2062 1774 2116 2),
1797 2064 1939 2101 essent

205 2141 411 2182 miracula
441 2140 619 2189 fallacia,
652 2140 832 2193 ideoque
863 2140 1069 2180 institutio
1102 2138 1223 2187 illius,
1256 2137 1326 2190 qui
1348 2136 1423 2177 Dei
1454 2135 1639 2186 legatum
1670 2145 1716 2173 se
1743 2132 1938 2184 jactaret,

206 2215 318 2252 esset
351 2212 555 2253 mendax:
590 2211 701 2252 Deus
737 2210 975 2252 censendus
1009 2209 1114 2251 foret
1158 2213 1307 2250 auctor
1341 2207 1497 2248 erroris
1531 2203 1782 2245 invincibilis
1815 2202 1859 2241 in
1892 2212 1938 2240 re

353 2365 376 2408 ¹)
394 2363 495 2397 Haec
513 2364 668 2398 dicimus
686 2366 839 2408 propter
856 2362 969 2397 verba
987 2362 1122 2396 Christi
1142 2361 1287 2401 (Matth.
1308 2364 1363 2398 24,
1378 2362 1455 2401 24]:
1475 2360 1626 2401 Sici-{sent
1641 2354 1898 2400 pseudochristi
1911 2358 1940 2385 et

199 2420 534 2461 pseudoprophetae,
564 2424 595 2453 et
621 2420 755 2452 dabunt
770 2420 871 2461 siqua
888 2429 1015 2461 mayna
1036 2423 1065 2450 ec
1080 2428 1137 2459 pr<
1151 2417 1257 2458 digia,
1283 2415 1331 2447 ita
1362 2418 1398 2446 ut
1427 2415 1462 2446 ιή
1481 2422 1636 2445 errorem
1658 2410 1879 2445 inducantur,
1910 2408 1941 2438 si

203 2473 285 2513 fieri
296 2476 419 2515 potest,
437 2473 540 2505 etiam
558 2473 660 2507 electi.
688 2471 783 2504 Nam
801 2472 931 2505 horum
952 2468 1356 2514 pseudoprophetarum
1386 2475 1497 2509 opera
1516 2461 1706 2496 mendavia
1734 2461 1800 2494 etsi
1821 2469 1885 2503 per
1904 2468 1939 2491 se

207 2534 282 2558 non
301 2525 448 2568 possent
466 2524 638 2570 cognosci
656 2526 697 2558 ut,
714 2525 866 2559 effectus
885 2534 981 2557 mere
999 2523 1199 2560 naturales,
1226 2520 1308 2554 ideo
1332 2529 1406 2553 non
1425 2517 1601 2551 deberent
1619 2513 1745 2549 haberi
1764 2522 1830 2557 pro
1850 2511 1939 2544 veris

208 2577 406 2619 miraculis,
426 2590 509 2612 cum
528 2577 729 2612 adversarii
748 2580 821 2612 sint
839 2576 988 2617 Christi,
1007 2587 1116 2619 quem
1132 2585 1258 2609 verum
1273 2583 1349 2606 esse
1363 2572 1423 2605 Dei
1439 2571 1601 2615 legatum
1619 2580 1700 2602 mox
1716 2566 1938 2600 demonstra-

207 2631 338 2665 bimus.
382 2631 535 2665 Etiamsi
563 2643 649 2677 ergo
676 2632 746 2666 hoc
772 2633 811 2666 in
839 2642 924 2665 casu
953 2630 1120 2664 deessent
1137 2628 1285 2662 criteria
1302 2628 1460 2665 interna,
1489 2623 1622 2668 quibus
1651 2622 1940 2675 dignosceremus

208 2684 314 2728 signa
331 2695 398 2718 me·
416 2684 524 2719 dacia
538 2686 952 2730 pseudoprophetarum,
967 2694 1038 2716 non
1055 2682 1198 2716 deesset
1212 2683 1338 2714 tamen
1353 2678 1540 2712 criterium
1557 2680 1758 2713 externum,
1771 2682 1849 2705 vox?
1865 2671 1939 2704 scil.

209 2737 345 2772 Christi
362 2748 428 2772 nos
446 2738 515 2772 hac
531 2739 575 2773 de
595 2749 703 2772 causa
721 2737 1007 2782 praemonentis.
1042 2736 1150 2769 Certa
1177 2734 1274 2768 enim
1294 2731 1472 2766 revelatio
1500 2728 1722 2774 praecedens
1741 2735 1869 2759 utrina
1888 2726 1940 2756 cst

208 2792 292 2825 tuta
318 2792 365 2825 ad
392 2791 681 2837 dignoscendam
709 2791 893 2836 originem
921 2789 1143 2823 diabolicam
1159 2786 1354 2832 praestigii
1374 2785 1463 2818 farti
1493 2794 1558 2827 pro
1578 2781 1743 2815 doctrina
1762 2777 1940 2833 opposita.

210 2844 358 2878 Utinam
378 2845 426 2879 ad
445 2847 512 2880 hoc
531 2846 717 2880 criterium
747 2843 982 2878 attenderent
1010 2842 1154 2876 animae
1172 2839 1372 2874 nonnullae
1390 2837 1558 2878 alioquin
1586 2835 1702 2868 bonae
1728 2832 1941 2865 volunt-atu„

210 2909 304 2942 quae
323 2899 515 2943 spiritismi
532 2899 794 2943 phaenomeuis
814 2898 851 2931 et
869 2896 1047 2930 doctrinis
1067 2893 1302 2928 mendacibus
1323 2901 1427 2924 coece
1445 2889 1650 2923 inhaerent.
1841 2936 1846 2940 η
1920 2935 1924 2938 ²

355 2957 378 2991 ²)
398 2954 644 2998 Supponimus
662 2953 766 2986 nulla
784 2950 982 2996 diligentia,
1001 2950 1162 2982 humana
1179 2957 1291 2991 opera
1308 2946 1373 2978 illa
1392 2954 1496 2988 posse
1514 2941 1733 2975 naturaliter
1753 2936 1940 2993 explicari.

212 3009 328 3050 Quam
344 3007 506 3051 primum
524 3008 621 3041 enim
639 3006 859 3040 naturaliter
878 3002 1055 3046 explicari
1072 3003 1236 3046 possunt,
1256 2999 1399 3032 nullum
1419 2997 1458 3029 in
1476 2996 1521 3029 iis
1540 2993 1732 3038 specialem
1750 2991 1814 3023 Dei
1833 2989 1929 3021 inter

212 3063 363 3097 ventum
378 3060 399 3094 l·
419 3072 502 3095 cum
520 3061 656 3095 habere
674 3058 886 3097 innotescit,
903 3056 1060 3099 ideoque
1079 3053 1246 3098 quaestio
1261 3053 1338 3097 jam
1359 3052 1413 3084 est
1433 3048 1564 3083 soluta.

355 3122 508 3153 Eurter,
530 3122 678 3154 Compend.
699 3120 855 3153 theologiae
875 3120 898 3150 Ι,
920 3118 965 3143 10.
984 3116 1028 3142 edi
