2175 3382
783 115 954 148 historica
975 116 1229 150 miraculorum
1251 118 1396 152 christi.
1891 128 1947 170 63

220 233 413 280 lativa,
444 243 519 272 seu
551 236 750 273 constare
773 232 899 273 debet
921 232 1031 273 facta
1054 233 1122 273 illa
1147 234 1252 274 mira
1279 236 1317 278 1.
1342 248 1489 278 revera
1515 241 1750 290 contigisse,
1784 244 1823 285 2.
1846 254 1946 283 vera

219 315 311 344 esse
333 302 549 351 miracula,
573 302 614 346 3.
638 306 808 354 patrata
830 302 956 343 fuisse
979 303 1021 342 in
1044 303 1410 346 confirmationem
1435 308 1646 349 missionis
1669 310 1819 352 Christi
1843 312 1946 353 divi-

218 385 298 414 nae
322 378 449 426 atque
472 372 692 413 doctrinae
715 372 835 421 illius,
860 385 988 425 quam
1011 373 1100 425 ipse
1123 373 1199 414 Dei
1221 375 1392 416 nomine
1416 379 1705 429 promulgavit.

334 459 402 500 57.
425 455 558 499 Dem.
581 469 628 511 p.
652 456 691 498 Ι.
738 455 904 496 Veritas
926 457 1226 498 miraculorum
1251 457 1404 499 Christi
1436 460 1707 502 historica
1742 464 1947 515 probatur

337 527 378 570 1.
402 527 451 567 iis
466 526 675 574 omnibus,
692 526 843 579 quibus
858 526 1171 579 evangeliorum
1189 529 1450 569 authentiam
1464 530 1519 570 th.
1531 530 1612 572 VII.
1625 532 1947 581 vindicavimus;

334 599 378 640 2.
403 609 453 638 ex
477 598 618 645 tacita,
648 597 734 638 imo
758 609 960 649 expressa
978 597 1234 649 judaeorum
1258 599 1536 641 confessione.
1579 600 1804 654 Nunquam
1837 605 1946 644 enim

216 669 325 709 mira
359 680 501 720 opera,
537 679 645 720 quae
681 666 872 708 Christus
904 679 1032 720 saepe
1064 681 1211 709 coram
1243 670 1400 721 ingenti
1432 671 1650 711 hominurn
1684 673 1947 715 multitudine

218 739 411 790 patravit,
434 750 590 791 negare
613 742 711 779 sunt
733 739 837 783 ausi,
861 739 938 778 etsi
960 738 1030 779 illa
1054 739 1200 779 sedulo
1224 739 1527 793 diligenterque
1550 743 1734 783 examini
1757 743 1947 796 subjece-

215 809 298 849 rint
311 808 390 864 (JO.
407 812 444 859 9,
463 812 515 852 13
530 810 623 864 SS.);
645 810 730 849 imo
755 809 966 850 dicebant:
989 810 1100 858 (pisid
1119 810 1314 864 facimus,
1338 812 1437 865 quia
1460 812 1523 852 hic
1545 812 1661 853 homo
1684 813 1813 854 medta
1829 816 1945 867 siqua

216 880 321 931 facit
346 879 416 929 (lb.
444 883 508 929 11,
532 880 620 936 47),
643 892 777 933 eaque
800 879 1036 920 Beelzebub
1060 880 1362 922 adscribebant
1385 881 1545 936 (Matth.
1570 887 1607 931 9,
1630 885 1724 939 34);
1748 885 1944 937 quocirca

217 950 596 991 Tertullianus
619 950 824 992 adversus
842 951 1024 1003 Judaeos
1047 963 1081 993 c.
1105 956 1129 993 9
1153 951 1308 1001 scribit,
1332 952 1438 993 haec
1469 958 1713 1005 „operatum
1738 953 1948 996 Christum

215 1033 297 1062 nec
318 1034 396 1062 vos
418 1021 660 1070 diffitemini,
693 1025 839 1073 utpote
871 1022 942 1073 qui
973 1021 1190 1070 dicebatis,
1222 1022 1335 1074 quod
1365 1027 1539 1075 propter
1571 1035 1701 1075 opera
1736 1036 1832 1065 eum
1863 1038 1949 1066 non

217 1092 474 1144 lapidaretis,
499 1092 574 1133 sed
597 1093 798 1144 quoniam
823 1092 904 1132 ista
926 1091 1116 1132 sabbatis
1141 1092 1323 1133 faciebat
1346 1092 1425 1149 (Jo.
1450 1096 1488 1143 ὃ,
1516 1096 1618 1149 16).“

331 1164 374 1206 3.
399 1160 683 1203 Celeberrimo
708 1161 984 1202 confirmatur
1006 1162 1250 1202 testimonio
1273 1162 1358 1204 Jos.
1381 1162 1512 1203 Flavii
1534 1163 1734 1217 Antiquit.
1755 1165 1779 1205 l.
1808 1169 1859 1210 18
1876 1178 1908 1206 c.
1924 1170 1950 1210 3

214 1246 250 1275 n.
275 1238 320 1278 3:
352 1233 468 1284 „Fuit
491 1238 633 1274 autem
655 1234 738 1274 hoc
760 1237 951 1285 tempore
974 1232 1096 1274 Jesus
1119 1234 1200 1273 vir
1233 1234 1480 1286 sapiens,
1513 1235 1556 1275 si
1578 1239 1756 1277 tamen
1779 1237 1950 1277 virum

214 1303 362 1345 illum
385 1309 607 1357 oportet
629 1305 813 1345 dicere
836 1306 877 1356 1).
899 1304 999 1345 Erat
1021 1305 1133 1345 enim
1157 1304 1412 1345 mirabilium
1436 1317 1612 1358 operum
1635 1306 1818 1357 effector,
1847 1320 1949 1348 ma-

215 1376 386 1428 gister
415 1376 708 1422 hominum,
741 1376 829 1428 qui
853 1387 978 1416 vera
1011 1375 1254 1416 libenter
1289 1376 1711 1428 amplectuntur.
1754 1377 1802 1418 Et
1823 1378 1949 1430 pluri-

214 1458 307 1486 mos
338 1446 508 1499 quidem
541 1458 591 1487 ex
620 1446 799 1499 judaeis,
834 1446 1038 1498 plurimos
1071 1458 1121 1486 ex
1145 1446 1338 1499 gentibus
1361 1446 1415 1487 ad
1439 1459 1484 1487 se
1506 1448 1719 1499 pertraxit.
1763 1448 1837 1488 Hic
1860 1455 1950 1489 erat

214 1515 415 1557 Christus.
458 1515 648 1569 Cumque
680 1529 777 1558 eum
809 1529 834 1557 a
866 1516 1121 1568 primoribus
1153 1517 1287 1569 gentis
1314 1529 1416 1558 suae
1443 1522 1690 1558 accusatum
1714 1517 1871 1559 Pilatus
1894 1519 1947 1559 ad

215 1598 385 1627 crucem
416 1587 674 1636 damnasset,
707 1588 760 1628 ab
794 1599 845 1628 eo
878 1587 1086 1640 diligendo
1120 1599 1206 1627 non
1237 1587 1532 1628 abstinuerunt
1554 1588 1623 1639 qui
1645 1588 1827 1640 primum
1850 1601 1947 1630 coe-

211 1663 373 1709 perant,
395 1670 514 1699 nam
535 1663 657 1710 post
679 1659 896 1698 tertium
918 1658 1056 1698 diem
1079 1657 1360 1698 redivivus
1383 1659 1518 1710 ipsis
1541 1659 1809 1710 apparuit,
1834 1672 1947 1700 cum

215 1728 386 1769 divini
408 1733 564 1770 vates
595 1730 730 1770 haec
762 1729 984 1781 aliaque
1017 1741 1170 1780 quam
1203 1729 1437 1780 plurima
1459 1729 1780 1770 admiranda
1802 1730 1863 1771 de
1887 1742 1946 1771 eo

213 1799 650 1851 praedixissent“
691 1805 767 1843 ete.

329 1875 383 1912 De
406 1875 478 1912 hoc
498 1876 721 1913 testimonio
755 1875 952 1912 innumeri
985 1875 1244 1923 scripserunt:
1277 1887 1445 1922 quorum
1475 1875 1610 1923 plures
1633 1876 1679 1911 ut
1703 1874 1834 1923 Pagi,
1858 1875 1946 1912 Nat.

211 1934 512 1979 Alexander,
535 1934 780 1971 Valesius
805 1936 845 1970 et
866 1947 910 1971 ex
933 1933 1250 1982 protestantibus
1275 1934 1480 1978 Caveus,
1515 1934 1735 1978 Grotius,
1761 1933 1946 1970 Casam-

211 2040 486 2082 miraculorum)
507 2041 551 2074 ad
570 2041 824 2074 testimonium
853 2041 1081 2085 competisse,
1112 2051 1222 2084 quam
1251 2043 1288 2074 ct
1314 2041 1392 2085 ipse
1419 2039 1655 2083 postmodum
1686 2039 1948 2073 exauctoravit.

213 2093 402 2137 Siquidem
421 2094 563 2128 edicens
582 2094 728 2134 (Matth.
745 2099 801 2135 24,
817 2095 874 2139 24)
893 2094 1029 2128 multos
1043 2097 1216 2127 venturos
1231 2094 1268 2127 et
1281 2094 1387 2138 signa
1401 2093 1560 2127 facturos
1576 2097 1612 2126 et
1625 2093 1780 2126 virtutes
1795 2104 1948 2136 magnas

216 2145 391 2187 edituros,
411 2147 636 2181 eversionem
656 2147 767 2181 etiam
788 2147 997 2188 electorum,
1017 2158 1083 2181 nec
1100 2147 1183 2180 ideo
1202 2155 1323 2180 tamen
1344 2145 1602 2184 admittendos,
1622 2146 1856 2179 temerariam
1875 2145 1948 2189 sig-

210 2209 341 2233 norum
361 2202 397 2233 et
416 2200 594 2234 virtutum
614 2200 723 2234 fidem
743 2201 977 2240 ostendit,ut
996 2201 1107 2234 etiam
1128 2201 1227 2245 apud
1256 2200 1551 2244 pseudochristos
1570 2198 1840 2233 facillimarum.
1874 2200 1947 2232 Aut

213 2252 320 2295 quale
339 2253 405 2292 est,
426 2253 456 2286 si
473 2253 560 2288 inde
579 2265 616 2287 se
634 2254 753 2288 voluit
772 2254 916 2298 probari
948 2255 983 2287 et
1010 2253 1175 2297 intelligi
1203 2255 1238 2286 et
1265 2253 1379 2297 recipi
1407 2255 1463 2298 (ex
1491 2252 1692 2286 virtutibus
1719 2252 1825 2296 dico),
1853 2251 1948 2285 unde

214 2307 350 2339 ceteros
368 2306 499 2345 noluit,
518 2317 632 2350 aeque
651 2309 686 2341 et
705 2307 805 2351 ipsos
817 2309 894 2340 tam
906 2306 1028 2341 subito
1041 2310 1224 2347 venturos,
1239 2318 1349 2350 quam
1365 2317 1385 2339 a
1399 2306 1501 2339 nullo
1516 2311 1661 2339 auctore
1672 2305 1900 2350 praedicatos
1912 2310 1946 2338 p«

211 2358 280 2393 Sed
299 2359 334 2394 1.
352 2360 456 2401 ratio,
476 2371 588 2404 quam
616 2360 938 2395 Tertullianu
952 2373 965 2393 s
993 2361 1096 2394 affert
1126 2361 1172 2394 ad
1197 2361 1269 2394 vim
1297 2362 1516 2404 argumento
1546 2370 1586 2392 ex
1607 2359 1792 2393 miraculis
1811 2360 1946 2393 Christi

211 2414 329 2457 petito
347 2413 477 2447 θὴν-(111
494 2416 575 2454 lam,
594 2417 677 2458 post
696 2425 739 2448 ea
758 2425 852 2458 quae
872 2414 1032 2448 diximus
1050 2424 1160 2458 supra
1175 2415 1313 2453 (annot.
1330 2413 1375 2446 ad
1389 2425 1422 2446 n.
1440 2415 1529 2457 25³),
1546 2423 1621 2446 non
1635 2413 1723 2445 satis
1738 2416 1790 2446 est
1805 2412 1948 2450 idonea,

182 2509 186 2515 '
212 2465 266 2499 Ad
282 2465 370 2500 haec
386 2466 423 2501 2.
441 2466 573 2500 falsum
591 2469 656 2507 est»,
672 2467 857 2501 Christum
871 2469 1127 2500 exauctorasse
1140 2467 1396 2511 argumentum
1414 2475 1456 2499 ex
1468 2465 1653 2498 miraculis
1668 2476 1763 2499 veris
1779 2465 1945 2508 petitum,

213 2529 284 2562 quo
302 2519 379 2552 tam
399 2530 506 2564 saepe
525 2520 570 2553 ad
589 2531 693 2554 suam
713 2520 1028 2564 comprobandam
1049 2519 1258 2554 missionem
1280 2520 1334 2553 est
1352 2530 1449 2552 usus.
1477 2518 1594 2559 Quare
1611 2519 1648 2553 3.
1668 2519 1756 2552 haec
1774 2518 1946 2562 explicari

212 2571 347 2605 debent
363 2573 562 2605 secundum
583 2573 827 2617 hypothesim,
847 2583 957 2616 quam
976 2572 1026 2605 ibi
1047 2572 1232 2616 expendit,
1251 2572 1287 2606 et
1301 2572 1346 2605 ad
1360 2571 1557 2605 hominem.
1581 2571 1739 2605 Marcion
1755 2572 1851 2603 euim
1867 2582 1948 2614 sup—

212 2624 377 2668 ponebat
394 2624 522 2659 Jesum
544 2637 622 2660 esse
644 2625 830 2660 Christum
850 2636 911 2659 seu
931 2626 1094 2669 legatum
1115 2624 1183 2659 Dei
1203 2625 1289 2659 boni
1308 2625 1355 2658 ad
1373 2636 1415 2658 ea
1433 2635 1547 2668 usque
1574 2628 1741 2668 tempora
1759 2624 1947 2666 incogniti.

212 2687 286 2711 non
303 2688 388 2711 vero
408 2678 475 2712 Dei
494 2679 607 2718 illius,
627 2681 692 2722 qui
710 2691 752 2712 ex
772 2690 836 2712 sua
853 2679 1054 2723 hypothesi
1069 2680 1198 2713 auctor
1212 2681 1291 2712 erat
1305 2679 1345 2712 V.
1362 2678 1606 2712 Testamenti:
1626 2678 1710 2711 hinc
1729 2679 1803 2719 ejus
1818 2676 1946 2709 adven-

212 2732 292 2763 tum
308 2731 347 2764 in
370 2731 407 2765 V.
426 2731 465 2765 T.
483 2742 558 2765 non
576 2743 652 2766 esse
669 2733 909 2776 praedictum,
938 2732 999 2765 sed
1018 2732 1140 2766 Jesum
1162 2742 1265 2765 suam
1292 2731 1503 2765 missionem
1531 2731 1785 2775 comprobasse
1811 2735 1944 2763 tantum

213 2783 411 2818 miraculis.
445 2784 526 2818 Jam
546 2795 630 2819 vero
648 2785 687 2818 iu
710 2786 776 2819 huc
804 2785 1015 2829 hypothesi,
1035 2785 1072 2818 in
1092 2795 1165 2828 qua,
1182 2784 1287 2818 Jesus
1306 2784 1399 2817 alius
1419 2786 1497 2818 erat
1515 2795 1555 2817 ac
1574 2785 1722 2817 Messias
1741 2783 1782 2816 V.
1803 2783 1854 2822 'l'.‚
1873 2784 1943 2815 imo

212 2836 299 2870 huic
315 2837 424 2880 plane
443 2839 648 2882 oppositus,
667 2838 746 2872 sola
764 2838 858 2872 mira
877 2837 1010 2872 Christi
1029 2848 1141 2881 opera
1168 2841 1242 2871 tam
1263 2837 1415 2881 paulum
1444 2838 1598 2881 probare
1617 2838 1739 2870 censet
1756 2836 1942 2869 Tertullia-

212 2901 291 2929 nus,
309 2901 419 2932 quam
436 2890 607 2935 prodigia
625 2891 847 2925 antichristi.
884 2891 981 2925 Satis
1009 2891 1104 2924 clare
1131 2901 1216 2925 vero
1247 2892 1282 2927 4.
1310 2901 1395 2924 mox
1423 2890 1617 2934 significat,
1646 2890 1819 2922 virtutum
1840 2888 1943 2921 docu-

214 2943 348 2984 menta,
375 2955 469 2987 quae
487 2945 651 2978 Christus
679 2935 861 2988 praebuit,
889 2944 964 2989 ejus
994 2944 1206 2977 naimonem
1234 2943 1397 2976 divinam
1425 2943 1589 2986 probare.
1618 2943 1713 2984 quod
1733 2940 1942 2974 harmonice

214 2996 458 3039 respondeant
474 2997 532 3038 iis,
550 3008 644 3041 quae
663 2998 706 3031 de
725 2998 860 3031 Messia
876 2997 1066 3041 praedicta
1083 2997 1257 3042 leguntur
1274 2997 1311 3030 in
1331 2996 1372 3030 V.
1392 2995 1431 3029 T.

362 3054 382 3090 ¹)
401 3048 500 3090 Quae
519 3051 634 3084 literis
652 3051 766 3085 latius
783 3051 972 3095 dispositis
992 3061 1162 3095 expressa
1180 3052 1276 3091 sunt,
1296 3050 1351 3090 iis,
1371 3050 1432 3092 qui
1453 3049 1607 3083 mediam
1628 3050 1756 3081 incunt
1777 3048 1869 3080 viam
1889 3047 1942 3078 in-

213 3106 269 3137 ter
286 3104 462 3148 patronos
480 3105 723 3149 genuinitatis
741 3106 863 3138 textus
881 3108 917 3138 et
935 3104 1098 3147 ejusdem
1116 3103 1351 3143 adversarios,
1369 3103 1589 3146 interpolata
1611 3101 1789 3135 videntur.
